1965 3240
127 106 196 140 604
650 142 661 152 ,
832 116 1033 142 ADDENDA

126 226 407 266 sollemniores,
436 237 562 270 neque
588 226 659 260 has
694 226 926 270 excludunt,
962 227 1162 271 proposito
1195 226 1313 261 dubio
1347 228 1404 261 ita
1437 229 1752 273 respondendum

126 284 301 318 censuit:
329 285 583 329 Affirmative,
613 287 647 319 et
672 285 723 319 ad
748 287 930 320 mentem.

219 343 331 376 Mens
349 348 481 377 autem
507 347 588 377 est:
623 358 637 373 «
658 343 698 377 81
724 354 834 385 115115,
863 355 912 378 ex
937 348 1023 378 toto
1049 344 1113 379 vel
1140 355 1188 378 ex
1213 348 1324 389 parte
1351 346 1585 389 contrarius,
1615 347 1657 382 in
1683 348 1753 382 ali-

125 413 200 447 qua
224 402 388 436 ecclesi!
414 402 658 447 Conlegiata‚
686 401 910 449 Cathedrali
935 407 976 437 et
1002 403 1279 447 Patriarchali‚
1303 404 1470 450 aliisque
1489 405 1665 441 ecclesiis
1682 419 1753 442 seu

125 461 305 494 oratoriis
322 460 524 505 hucusque
544 450 733 505 viguerit
754 460 887 495 eadem
906 462 1069 496 ecclesia
1087 473 1156 496 seu
1182 464 1410 505 oratorium,
1438 465 1576 500 amodo
1602 478 1642 501 se
1668 478 1755 501 con·

123 519 265 553 formet
290 520 487 553 communi
513 520 625 564 praxi
651 524 691 554 et
717 531 860 554 enuncx
854 520 954 555 atae
980 521 1242 555 Rublicarum
1277 523 1623 573 interpretationi;
1658 526 1751 571 nisi,

124 579 207 613 loco
234 579 502 624 campanulae
523 579 692 613 alterum
710 584 751 613 et
768 590 987 625 congruum
1014 580 1175 625 signum
1201 581 1400 616 adhibeat.
1429 583 1598 626 Insuper
1622 584 1670 618 ad
1695 596 1753 619 re-

123 638 374 682 movendum,
403 641 593 684 quantum
620 638 705 674 fieri
730 641 875 683 potest,
904 639 1189 673 inconveniens
1215 651 1291 684 quo
1317 641 1442 686 aliqui
1469 642 1514 686 de
1533 642 1752 688 longinquo

123 698 186 733 vel
213 698 258 732 de
284 699 502 743 propinquo
530 698 570 732 in
596 697 743 742 templo
769 698 922 732 sistunt
947 699 1032 732 sine
1059 699 1285 734 attentione
1310 712 1355 734 ac
1380 703 1605 736 reverentia
1630 703 1751 739 etiam

121 757 169 791 ad
187 757 413 802 praecipuas
432 756 657 792 divinorum
675 757 954 802 mysteriorum
972 758 1162 799 actiones,
1184 759 1354 793 maxime
1372 760 1547 805 expedit,
1568 766 1615 795 ut
1632 762 1750 805 paulo

121 820 214 851 ante
240 815 572 850 consecrationem
594 815 752 859 aliquod
771 816 1025 860 campanulae
1044 816 1160 851 detur
1177 817 1351 862 signum,
1373 818 1487 853 iuxta
1504 831 1750 855 communem

122 876 374 911 ecclesiarum
400 874 551 920 praxim
572 889 604 907 ι).
1241 912 1243 914 ,

217 936 341 978 Quam
366 934 646 968 resolutionem
673 938 713 968 et
738 938 941 971 mentem.
952 935 1190 971 Sanctitas
1217 936 1296 971 Sua
1321 937 1433 980 (Pius
1454 938 1530 972 PP.
1551 939 1624 983 XI)
1644 943 1749 974 ratas
1786 957 1790 961 ·

121 995 274 1036 habuit,
302 993 534 1039 approbavit
561 997 600 1027 et
627 994 775 1028 servari
801 994 1512 1031 mandavit..

214 1055 259 1088 In
286 1066 372 1099 pag.
400 1054 464 1087 171
492 1056 580 1097 post
605 1053 930 1087 commentarium
958 1055 985 1096 ᾆῑ
1014 1055 1055 1088 1¹.
1084 1054 1367 1099 Interpretatio
1394 1056 1485 1091 data
1502 1057 1616 1092 iuxta
1632 1069 1750 1103 quam

119 1114 248 1159 priora
280 1113 441 1147 canonis
475 1112 593 1146 verba
626 1123 666 1145 se
700 1111 879 1147 referunt
911 1113 959 1146 ad
994 1113 1090 1147 duas
1115 1114 1352 1159 paragraphi
1378 1119 1511 1160 partes
1538 1116 1749 1152 distinctas

119 1184 187 1218 per
211 1172 368 1206 litteras
393 1173 431 1214 α)
459 1174 498 1204 01
523 1171 558 1214 b)
587 1171 696 1215 prius
721 1171 870 1215 positas
897 1171 1154 1206 confirmatur
1171 1185 1219 1207 ex
1238 1175 1419 1218 sequenti
1439 1175 1672 1210 authentica
1690 1177 1748 1211 in-

121 1230 446 1275 terpretatione1.
482 1245 495 1258 «
513 1229 564 1263 X.
593 1229 739 1264 Utrum
766 1230 966 1273 ecclesiae,
994 1231 1035 1265 in
1063 1231 1220 1276 quibus,
1249 1232 1297 1266 ad
1322 1244 1499 1268 normam
1525 1245 1611 1268 can.
1642 1236 1751 1278 1274.

119 1292 135 1333 ᾇ
156 1292 188 1333 ’1,
209 1289 294 1323 sine
321 1288 521 1323 ordinarii
547 1288 711 1322 licentia
736 1288 822 1322 fieri
848 1293 979 1334 potest
1006 1290 1203 1335 expositio
1229 1291 1388 1335 publica
1413 1303 1483 1326 seu
1508 1304 1596 1327 011111
1621 1299 1751 1331 osten-2

118 1348 221 1383 sorio
247 1348 308 1382 die
333 1347 434 1381 festo
469 1347 649 1391 Corporis
684 1347 834 1382 Christi
869 1352 910 1383 et
944 1348 1044 1383 infra
1078 1353 1257 1384 octavam
1291 1350 1398 1386 inter
1430 1351 1640 1386 Missarum
1669 1353 1747 1387 sol·

117 1408 263 1442 lemnia
282 1411 321 1441 et
339 1406 387 1440 ad
406 1406 606 1451 Vesperas,
627 1406 709 1440 51111
728 1407 819 1441 illae
839 1410 998 1441 tantum
1025 1408 1168 1453 quibus
1195 1408 1330 1443 datum
1357 1414 1418 1444 est
1443 1422 1643 1446 asservare
1661 1424 1748 1446 san-

115 1467 331 1501 ctissimam
351 1465 654 1499 Eucharistiam.
675 1466 792 1510 Resp.
814 1465 1074 1511 Affirmative‚
1095 1467 1206 1502 firmo
1225 1469 1467 1514 praescripto
1484 1481 1570 1506 can.
1602 1471 1690 1506 1771
1712 1487 1744 1506 »,

211 1526 506 1560 Memorandum
527 1525 592 1559 hic
610 1537 840 1570 responsum
861 1525 898 1560 S.
922 1526 1059 1571 Cong.s
1079 1527 1162 1561 Rit.
1186 1527 1227 1561 in
1248 1539 1327 1562 una
1344 1528 1744 1574 Marianopolitana-2.

120 1599 138 1619 «
155 1586 202 1619 In
221 1585 425 1619 nonnullis
443 1585 617 1619 ecclesiis
635 1588 676 1619 et
693 1585 885 1619 oratoriis.
897 1585 1068 1629 publicis
1087 1586 1149 1620 vel
1178 1587 1452 1631 semipublicis
1477 1588 1546 1622 ubi
1574 1589 1743 1624 Ssmum.

116 1645 388 1679 Eucharistiae
415 1644 711 1678 Sacramentum
737 1644 916 1690 legitime
942 1650 1182 1690 asservatur,
1202 1657 1299 1680 usus
1318 1647 1475 1691 quidam
1493 1648 1746 1685 introductus

116 1707 189 1748 est,
217 1707 264 1737 ut
294 1703 436 1738 Missae
462 1706 643 1737 cantatae
670 1703 733 1737 vel
759 1703 885 1737 lectae
911 1715 1039 1738 coram
1067 1704 1192 1739 Ssmo.
1222 1705 1475 1740 Sacramento
1502 1707 1748 1743 sollemniter

116 1762 294 1807 exposito
313 1762 354 1795 in
380 1762 511 1796 Altari
538 1761 800 1805 celebrentur,
829 1766 947 1806 atque
975 1762 1038 1796 vel
1065 1767 1179 1798 extra
1203 1763 1345 1798 Missas
1371 1764 1412 1799 in
1439 1765 1572 1799 eodem
1598 1766 1742 1812 Altari‚

115 1821 281 1855 durante
311 1821 571 1865 expositione,
605 1820 750 1855 Sancta
784 1820 1016 1855 Communio
1051 1821 1390 1858 Christifidelibus
1418 1823 1741 1861 administretur.

116 1879 221 1914 Hinc
246 1880 348 1914 idem
374 1879 704 1924 Archiepiscopus
730 1880 976 1924 postulavit:
1006 1880 1149 1915 Utrum
1176 1880 1242 1915 hic
1267 1893 1364 1916 usus
1390 1883 1571 1927 permitti
1598 1884 1660 1918 vel
1687 1889 1744 1921 to—

116 1939 231 1973 lerari
256 1939 405 1983 possit?
425 1960 468 1964 -—
488 1939 539 1973 Et
567 1938 604 1973 S.
633 1939 768 1973 eadem
795 1939 938 1984 Oongr.
1038 1940 1354 1984 respondendum
1382 1942 1551 1976 censuit.
1581 1943 1641 1976 Ad
1667 1944 1743 1988 pri-

115 2009 218 2032 mam
242 2002 403 2042 partem‚
433 1998 654 2043 praefatum
680 2009 794 2033 usum
831 2009 912 2032 non
950 2000 1074 2040 licere,
1116 1999 1201 2033 sine
1240 2000 1488 2041 necessitate,
1529 2002 1592 2036 vel
1631 2003 1743 2047 gravi

114 2068 244 2098 causa,
283 2057 345 2091 vel
379 2057 424 2091 de
458 2058 619 2102 speciali
651 2057 829 2101 indulto3
858 2062 898 2091 et
924 2057 971 2091 ad
999 2058 1210 2092 secundam
1235 2063 1387 2103 partem
1413 2063 1600 2105 negative,
1631 2061 1745 2096 iuxta

115 2115 284 2150 Decreta
304 2132 332 2150 ».
927 2154 929 2156 ,

208 2175 268 2209 Ad
294 2176 437 2209 calcem
462 2188 551 2221 pag.
579 2177 661 2210 201.
682 2196 726 2203 —-
746 2177 885 2212 Sacrae
904 2177 1073 2211 Rituum
1091 2178 1398 2223 Congregationi
1421 2180 1665 2224 propositum
1683 2185 1744 2216 est

115 2245 282 2279 sequens
320 2234 500 2269 dubium:
547 2235 726 2271 «Utrum
763 2236 895 2280 liceat,
939 2241 1111 2281 quatuor
1149 2237 1303 2279 calices,
1332 2249 1499 2282 quorum
1525 2238 1676 2284 effigies
1701 2240 1743 2274 in

113 2293 360 2338 ephemeride
385 2295 725 2330 Benedilctinische
751 2294 1037 2338 Monatschrif't
1072 2295 1258 2340 (Βο111-011,
1298 2296 1401 2340 1920,
1437 2308 1476 2331 11.
1513 2298 1536 2332 3
1563 2298 1598 2341 4)
1634 2297 1742 2332 exhi-

117 2351 273 2395 bentur,
301 2352 445 2396 quique
471 2353 616 2387 ibidem
643 2354 683 2388 in
710 2357 827 2388 textu
853 2365 942 2399 pag.
976 2354 1137 2388 168-184
1163 2355 1305 2396 elogiis
1323 2354 1544 2390 efferuntur
1562 2361 1601 2391 et
1619 2357 1742 2391 nomi-

114 2411 232 2445 nibus
272 2427 285 2440 «
306 2411 494 2445 Poculum
527 2413 694 2447 caeleste
723 2433 740 2438 -
769 2413 981 2447 Genimina
1015 2413 1121 2448 vitae
1146 2434 1162 2438 -
1189 2413 1283 2449 Flos
1310 2414 1355 2448 de
1385 2414 1555 2460 Virgine,
1577 2434 1593 2442 -
1621 2416 1744 2461 Virga

114 2469 218 2504 Iesse
238 2485 251 2500 ι
284 2470 573 2515 insigniuntur,
599 2473 641 2505 in
667 2472 810 2506 Missae
837 2471 1031 2506 sacrificio
1057 2471 1269 2507 adhibere?
1289 2489 1301 2502 2

207 2528 222 2550 ³
247 2528 300 2562 Et
327 2528 441 2563 Sacra
466 2529 598 2563 eadem
626 2530 935 2576 Congregatio...
957 2530 1250 2565 rescribendum
1271 2532 1444 2566 censuit:
1473 2547 1487 2562 c
1507 2531 1565 2566 Ad
1582 2532 1740 2567 Rmum.

209 2700 218 2722 ¹
245 2702 444 2734 commissio
470 2706 650 2735 Pontificia
673 2707 715 2735 ad
741 2707 823 2736 eod.
848 2715 995 2735 canones
1019 2707 1114 2736 auth.
1148 2708 1440 2744 interpretandos.
1475 2709 1514 2737 14
1547 2709 1611 2738 Iul.
1648 2710 1739 2738 1922.

117 2754 184 2784 CO.
207 2753 296 2791 XIV,
320 2757 389 2785 529.

207 2806 220 2826 ²
244 2808 279 2836 17
305 2810 432 2846 Aprilis
456 2812 544 2839 1919.
570 2811 638 2841 CO.
663 2813 722 2848 XI,
746 2813 816 2841 246.

207 2859 220 2879 3
243 2861 280 2889 30
304 2861 374 2891 Iun.
400 2864 487 2892 1922.
514 2864 581 2893 CO.
606 2863 699 2901 XIV,
722 2865 792 2894 437.
