1965 3240
183 104 251 137 356
442 103 525 137 LIB.
552 103 623 137 ΠΙ.
654 123 665 128 -
693 103 803 138 PARS
828 104 892 138 IV.
919 124 932 129 -
958 104 1015 139 De
1041 107 1266 151 iiiayisterio
1292 105 1545 139 ecclesiastico

186 224 223 264 in
259 234 356 265 casu
391 235 490 264 vero
526 221 813 278 prohibitionis
854 236 927 279 per
969 222 1183 265 decretum
1226 222 1265 266 S.
1300 222 1416 266 Sedis
1459 227 1529 266 aut
1561 225 1805 267 sententiam

183 290 395 336 Ordinarii
430 292 520 347 loci,
546 294 715 348 insuper
749 293 788 349 b)
822 292 1035 335 licentiam
1069 293 1262 336 editionis
1285 306 1418 336 novae
1451 293 1488 336 is
1520 292 1695 346 dederit,
1718 296 1807 337 sive

181 364 218 406 S.
253 362 401 419 Congr.
436 363 474 408 S.
508 360 659 412 Officii,
692 365 790 425 sive.
815 360 1064 408 Ordinarius
1106 363 1343 419 singularis,
1377 363 1448 421 qui
1481 363 1632 406 librum
1662 363 1807 421 prohi-

180 434 327 477 buerat
359 434 498 476 eiusce
530 433 738 492 Superior
772 447 811 476 v,
844 448 905 490 gr.
929 433 1283 490 Metropolitanus,
1310 446 1404 477 nam
1439 434 1489 477 de
1516 435 1555 478 S.
1579 435 1684 478 Sede
1718 438 1806 478 inu-

179 505 249 548 tile
281 506 422 548 suisset
445 505 597 559 dicere,
622 504 685 547 bel
718 518 930 547 successor
964 519 1002 546 v.
1028 518 1087 561 gr.
1117 503 1304 548 vicarius
1336 504 1584 561 Capitularis
1617 510 1807 562 respectu

182 575 469 632 prohibitionis
501 574 759 632 episcopalis.
804 576 870 619 Sic
917 575 1158 631 ampliatum
1210 580 1270 618 est
1317 588 1364 619 ac
1406 576 1658 632 completum
1707 576 1805 619 illud

183 646 331 690 Decr.m
365 653 536 703 gener.¹²³
561 647 862 703 praescriptum
895 645 972 689 sub
1006 659 1044 688 n.
1073 646 1122 688 31
1160 647 1295 703 (quoad
1332 645 1458 690 libros
1491 646 1542 689 ab
1570 646 1805 703 Apostolica

181 718 286 762 Sede
320 720 582 774 proscrIptos.

303 789 399 833 288.
434 792 564 835 Libri
608 804 667 836 ex
700 793 803 836 iure
846 790 1145 847 generaliter
1187 790 1436 845 prohibiti.
1469 787 1643 831 Decreta
1683 801 1805 844 gene·

184 859 284 902 ralia
321 859 411 902 «de
445 858 722 915 prohibitione
756 859 996 903 librorum»
1024 857 1100 900 sub
1133 864 1262 901 num.S
1297 858 1388 901 ,ΕΞ-21
1427 862 1709 914 congeruntur
1742 871 1804 900 or·

182 930 276 973 dine
307 932 534 972 summario
568 932 607 972 in
641 944 731 972 cau.
767 932 898 973 1399.
924 928 1088 972 Monere
1122 933 1282 984 oportet
1315 942 1387 985 pro
1421 929 1504 971 fere
1536 927 1727 971 omnibus
1749 941 1807 971 se-

181 1000 402 1058 quentibus
436 1002 633 1054 numeris,
658 1001 805 1055 diaria,
829 1000 922 1043 solia
956 1005 995 1043 ct
1028 999 1187 1043 libellos
1209 1000 1442 1056 periodicos
1464 1012 1544 1042 non
1570 1001 1804 1045 memorari,

180 1084 286 1130 quae
320 1074 486 1114 omissio
520 1074 559 1114 in
594 1076 773 1115 mentem
808 1076 977 1115 revocat
1010 1077 1117 1117 can.s
1151 1070 1261 1114 1384
1295 1071 1351 1127 ξω
1385 1070 1462 1113 2¹³³:
1503 1082 1647 1127 «quae
1681 1069 1731 1113 de
1765 1069 1807 1112 li-

181 1143 265 1186 bris
298 1142 650 1199 praescribuntur,
677 1142 1026 1199 publicationibus
1058 1142 1213 1196 diariis,
1240 1141 1474 1197 periodicis,
1499 1146 1538 1184 et
1570 1140 1660 1184 aliis
1686 1141 1806 1184 editis

179 1215 343 1269 scriptis
386 1212 639 1270 quibuslibet
682 1213 956 1269 applicentur,
990 1214 1065 1256 nisi
1110 1212 1220 1256 aliud
1264 1216 1483 1256 constet».
1518 1209 1637 1264 Quod
1678 1210 1803 1254 semel

179 1285 335 1327 dictum
360 1284 559 1327 sufficiat:
584 1283 876 1327 adnotabimus
899 1289 1059 1327 tantum
1084 1285 1366 1339 exceptiones,
1392 1284 1424 1325 si
1451 1294 1558 1339 quae
1582 1287 1803 1325 occurrant

296 1353 392 1412 Ipso
427 1355 521 1397 iure
549 1353 829 1412 prohibemur
863 1358 901 1397 vi
932 1355 1053 1398 huius
1077 1360 1184 1398 can.S
1207 1367 1300 1397 cum
1335 1352 1550 1396 effectibus
1583 1352 1804 1396 declaratis

179 1429 218 1469 in
252 1425 280 1483 ἓ
314 1427 358 1468 1a
390 1431 496 1469 can.S
531 1426 666 1469 1398:
718 1429 758 1469 1⁰
782 1425 1004 1469 Eclitioiies
1055 1425 1232 1482 plurium
1283 1423 1583 1480 exemplarium
1619 1423 1805 1480 proinde—

178 1510 260 1554 que
284 1502 371 1540 arte
394 1496 710 1553 typographica,
744 1496 785 1553 a)
822 1501 958 1539 textus
982 1495 1210 1553 ciiyiualis
1235 1500 1401 1551 propter
1425 1493 1802 1551 hagiographorum

178 1567 376 1623 linguam,
412 1566 454 1623 b)
489 1572 529 1609 et
573 1567 848 1624 autiquarum
880 1566 1116 1609 versionum
1161 1568 1198 1608 in
1244 1565 1428 1621 linguam
1460 1567 1582 1608 etiam
1619 1564 1802 1620 latinam,

176 1638 247 1682 sed
283 1651 392 1681 nunc
425 1651 505 1681 non
542 1637 771 1694 vulgarem,
807 1636 1112 1680 catholicorum
1147 1643 1314 1692 propter
1351 1640 1540 1679 auctores
1566 1637 1802 1678 versionum

176 1723 325 1751 sacrae
357 1708 609 1766 scripturae
640 1711 765 1751 totius
808 1708 872 1751 vel
913 1707 1109 1764 partialis,
1149 1707 1275 1750 etiam
1327 1705 1540 1750 Ecclesiae
1580 1705 1804 1749 orientatis

179 1785 345 1836 propter
394 1779 577 1835 linguam
615 1781 816 1822 versionis
854 1778 916 1821 vel
962 1791 1095 1833 usum,
1129 1778 1198 1821 sed
1244 1777 1321 1820 bac
1363 1777 1414 1820 de
1456 1789 1580 1820 causa
1619 1779 1803 1833 praecise
1854 1818 1864 1828 ,

175 1852 283 1908 quod
310 1850 358 1893 ab
382 1849 633 1893 acatholicis
656 1852 745 1893 sive
769 1851 953 1906 paganis,
978 1851 1067 1892 sive
1092 1848 1325 1903 haereticis,
1349 1851 1437 1891 sive
1466 1846 1802 1904 protestantibus,

175 1924 264 1965 sive
297 1921 585 1976 schismaticis,
619 1923 708 1964 sive
742 1920 913 1968 iudaeis,
949 1920 1076 1963 idest:
1111 1918 1359 1977 quibuslibet
1393 1918 1635 1976 publicatae
1667 1918 1801 1976 quoad

176 1993 404 2036 editionum
448 1994 762 2048 impressionem
810 1990 874 2034 vel
921 1995 1123 2047 sumptus,
1174 1992 1292 2033 «etsi
1337 1989 1516 2033 tideliter
1558 1993 1597 2032 et
1644 1991 1804 2045 integre

175 2063 311 2107 editae
356 2067 638 2119 appareant»,
673 2066 716 2105 ut
759 2060 1009 2105 admonebat
1046 2060 1164 2104 Decr.
1200 2073 1339 2116 gener.
1384 2073 1496 2103 num.
1533 2061 1570 2115 5,
1605 2062 1801 2103 nimirum

175 2133 227 2178 ob
260 2135 640 2190 praesumptionem
674 2134 839 2186 erroris,
864 2133 932 2189 qui
967 2132 1149 2174 studiose
1182 2131 1283 2174 solet
1316 2133 1447 2187 Iugeri
1482 2130 1533 2175 ab
1565 2130 1813 2174 huiusmodi-

175 2204 412 2249 hominibus
436 2207 475 2247 in
499 2204 646 2247 Saeras
678 2204 936 2259 Scripturas;
962 2202 1141 2260 itemque
1164 2202 1290 2262 idest:
1321 2218 1342 2243 «
1360 2201 1631 2258 prohibentur
1648 2217 1669 2242 »
1697 2201 1801 2244 eius-

174 2277 265 2320 dem
302 2288 483 2319 «sacrae
514 2275 791 2331 Scripturae»
831 2278 874 2317 ut
905 2286 1043 2330 supra,
1072 2273 1282 2316 versiones
1314 2273 1357 2315 iu
1392 2272 1579 2330 quamvis
1612 2271 1797 2329 [iuquam

173 2350 261 2391 sive
296 2347 528 2403 vulgarem,
558 2348 647 2389 sive
679 2358 759 2388 non
807 2344 1035 2401 vulgarem,
1070 2358 1118 2387 eo
1162 2343 1270 2401 quod
1314 2342 1363 2385 ab
1407 2342 1560 2386 eisdem
1599 2341 1800 2386 «acatho-

173 2418 262 2462 licis
285 2417 537 2473 quibuslibet
555 2433 576 2457 ))
605 2421 649 2460 ut
672 2428 810 2472 supra,
830 2414 870 2472 a)
890 2415 1103 2473 consectae
1125 2414 1168 2472 b)
1188 2414 1250 2457 rel
1273 2414 1412 2457 editae
1434 2418 1607 2465 tantum,
1636 2430 1658 2454 α
1677 2418 1798 2470 atque

171 2489 264 2532 illae
290 2491 530 2545 praesertim
564 2487 640 2541 (uti
666 2485 937 2543 exemplum),
963 2499 1068 2543 (inae
1102 2499 1173 2542 per
1196 2487 1420 2529 Societates
1452 2484 1628 2528 Biblicas
1666 2496 1687 2527 3
1721 2483 1796 2527 Ro-

171 2562 302 2602 manis
328 2558 596 2602 l'ontiticibus
630 2571 708 2601 non
732 2557 858 2600 semol
883 2557 1098 2599 damnatas
1122 2556 1402 2612 divulgantur,
1427 2568 1519 2598 cum
1546 2557 1584 2597 in
1619 2556 1667 2597 iis
1690 2554 1796 2597 salu-

170 2630 376 2673 berrimae
411 2629 623 2673 Ecclesiae
668 2627 778 2684 leges
820 2628 870 2670 de
903 2628 1056 2671 divinis
1100 2626 1214 2670 libris
1247 2626 1419 2670 edendis
1462 2625 1646 2669 funditus
1678 2638 1792 2668 ever-

170 2705 372 2744 tantur».
409 2700 547 2757 (Deer.
581 2713 721 2756 gener.
756 2712 794 2741 n.
830 2699 887 2750 8).

285 2776 333 2814 :2⁰
356 2770 475 2814 Libri
508 2769 749 2827 quorumvis
772 2769 1039 2826 scriptorium,
1065 2769 1192 2812 idest:
1218 2767 1292 2825 (lb.
1318 2780 1357 2812 n.
1383 2767 1423 2823 2)
1461 2771 1797 2823 «apostatarum,

171 2842 492 2892 haereticorum,
527 2840 884 2884 schismaticorum
911 2843 947 2882 et
974 2838 1147 2882 aliorum
1176 2854 1216 2892 ›>,
1252 2837 1423 2894 proinde
1459 2849 1537 2879 non
1573 2836 1798 2879 intenditur
