<?xml version="1.0" encoding="UTF-8"?>
<!DOCTYPE html PUBLIC "-//W3C//DTD XHTML 1.0 Transitional//EN"
    "http://www.w3.org/TR/xhtml1/DTD/xhtml1-transitional.dtd">
<html xmlns="http://www.w3.org/1999/xhtml" xml:lang="en" lang="en">
 <head>
  <title>
</title>
<meta http-equiv="Content-Type" content="text/html;charset=utf-8" />
  <meta name='ocr-system' content='tesseract 3.04.00' />
  <meta name='ocr-capabilities' content='ocr_page ocr_carea ocr_par ocr_line ocrx_word'/>
</head>
<body>
  <div class='ocr_page' id='page_1' title='image "./commentariumtext03blatuoft_0545.png"; bbox 0 0 1965 3240; ppageno 0'>
   <div class='ocr_carea' id='block_1_1' title="bbox 303 176 1716 214">
    <p class='ocr_par' dir='ltr' id='par_1_1' title="bbox 303 176 1716 214">
     <span class='ocr_line' id='line_1_1' title="bbox 303 176 1716 214; baseline -0.001 -1"><span class='ocrx_word' id='word_1_1' title='bbox 303 179 386 214; x_wconf 78' lang='grc' dir='ltr'><em>ΤιΤ.</em></span> <span class='ocrx_word' id='word_1_2' title='bbox 413 177 599 212; x_wconf 85' lang='lat' dir='ltr'>XXVIII.</span> <span class='ocrx_word' id='word_1_3' title='bbox 623 198 634 203; x_wconf 97' lang='lat'><em>-</em></span> <span class='ocrx_word' id='word_1_4' title='bbox 661 178 718 212; x_wconf 87' lang='lat' dir='ltr'><strong>De</strong></span> <span class='ocrx_word' id='word_1_5' title='bbox 742 178 851 212; x_wconf 79' lang='lat' dir='ltr'><strong>bonis</strong></span> <span class='ocrx_word' id='word_1_6' title='bbox 877 178 1143 212; x_wconf 73' lang='lat' dir='ltr'><strong>ecclesiasticis</strong></span> <span class='ocrx_word' id='word_1_7' title='bbox 1169 178 1502 212; x_wconf 74' lang='lat' dir='ltr'><strong>culministrandis</strong></span> <span class='ocrx_word' id='word_1_8' title='bbox 1648 176 1716 212; x_wconf 82' lang='lat'><strong>533</strong></span> 
     </span>
    </p>
   </div>
   <div class='ocr_carea' id='block_1_2' title="bbox 107 237 1704 245">
    <p class='ocr_par' dir='ltr' id='par_1_2' title="bbox 107 237 1704 245">
     <span class='ocr_line' id='line_1_2' title="bbox 107 237 1704 245; baseline 0 0"><span class='ocrx_word' id='word_1_9' title='bbox 107 237 1704 245; x_wconf 95' lang='lat' dir='ltr'><strong> </strong></span> 
     </span>
    </p>
   </div>
   <div class='ocr_carea' id='block_1_3' title="bbox 27 296 1722 2976">
    <p class='ocr_par' dir='ltr' id='par_1_3' title="bbox 87 296 1718 991">
     <span class='ocr_line' id='line_1_3' title="bbox 91 296 1717 355; baseline -0.001 -14"><span class='ocrx_word' id='word_1_10' title='bbox 91 299 231 342; x_wconf 91' lang='lat' dir='ltr'><strong>iudicii</strong></span> <span class='ocrx_word' id='word_1_11' title='bbox 265 297 428 341; x_wconf 90' lang='lat' dir='ltr'><strong>illorum</strong></span> <span class='ocrx_word' id='word_1_12' title='bbox 463 298 512 341; x_wconf 88' lang='lat' dir='ltr'><strong>ad</strong></span> <span class='ocrx_word' id='word_1_13' title='bbox 547 311 650 355; x_wconf 89' lang='lat' dir='ltr'><strong>quos</strong></span> <span class='ocrx_word' id='word_1_14' title='bbox 686 297 891 341; x_wconf 91' lang='lat' dir='ltr'><strong>dictorum</strong></span> <span class='ocrx_word' id='word_1_15' title='bbox 929 296 1111 340; x_wconf 88' lang='lat' dir='ltr'><strong>locorum</strong></span> <span class='ocrx_word' id='word_1_16' title='bbox 1148 299 1386 340; x_wconf 79' lang='lat' dir='ltr'><strong>commissio</strong></span> <span class='ocrx_word' id='word_1_17' title='bbox 1411 299 1600 353; x_wconf 79' lang='lat' dir='ltr'><strong>pertinet,</strong></span> <span class='ocrx_word' id='word_1_18' title='bbox 1625 310 1717 339; x_wconf 86' lang='lat' dir='ltr'><strong>con-</strong></span> 
     </span>
     <span class='ocr_line' id='line_1_4' title="bbox 90 367 1715 425; baseline -0.002 -12"><span class='ocrx_word' id='word_1_19' title='bbox 90 371 282 414; x_wconf 81' lang='lat' dir='ltr'><strong>scientias</strong></span> <span class='ocrx_word' id='word_1_20' title='bbox 304 381 582 412; x_wconf 82' lang='lat' dir='ltr'><strong>oneramus».</strong></span> <span class='ocrx_word' id='word_1_21' title='bbox 610 395 658 399; x_wconf 88' lang='lat'>—</span> <span class='ocrx_word' id='word_1_22' title='bbox 681 368 947 425; x_wconf 88' lang='lat' dir='ltr'><strong>Prosequitur</strong></span> <span class='ocrx_word' id='word_1_23' title='bbox 970 379 1100 410; x_wconf 89' lang='lat' dir='ltr'><strong>canon</strong></span> <span class='ocrx_word' id='word_1_24' title='bbox 1122 368 1172 411; x_wconf 93' lang='lat' dir='ltr'><strong>de</strong></span> <span class='ocrx_word' id='word_1_25' title='bbox 1199 370 1380 410; x_wconf 89' lang='lat' dir='ltr'><strong>muneris</strong></span> <span class='ocrx_word' id='word_1_26' title='bbox 1400 373 1607 423; x_wconf 74' lang='lat' dir='ltr'><strong>tempore,</strong></span> <span class='ocrx_word' id='word_1_27' title='bbox 1627 367 1715 424; x_wconf 76' lang='lat' dir='ltr'><strong>qui-</strong></span> 
     </span>
     <span class='ocr_line' id='line_1_5' title="bbox 90 438 1718 496; baseline -0.001 -13"><span class='ocrx_word' id='word_1_28' title='bbox 90 441 162 483; x_wconf 81' lang='lat' dir='ltr'><strong>bus</strong></span> <span class='ocrx_word' id='word_1_29' title='bbox 200 442 379 482; x_wconf 79' lang='lat' dir='ltr'><strong>«viris»</strong></span> <span class='ocrx_word' id='word_1_30' title='bbox 419 444 461 482; x_wconf 93' lang='lat' dir='ltr'><strong>ut</strong></span> <span class='ocrx_word' id='word_1_31' title='bbox 493 452 633 496; x_wconf 82' lang='lat' dir='ltr'><strong>supra,</strong></span> <span class='ocrx_word' id='word_1_32' title='bbox 669 439 811 496; x_wconf 81' lang='lat' dir='ltr'><strong>elapso</strong></span> <span class='ocrx_word' id='word_1_33' title='bbox 846 438 1027 481; x_wconf 86' lang='lat' dir='ltr'><strong>triennio</strong></span> <span class='ocrx_word' id='word_1_34' title='bbox 1061 441 1256 481; x_wconf 89' lang='lat' dir='ltr'><strong>continuo</strong></span> <span class='ocrx_word' id='word_1_35' title='bbox 1290 452 1310 481; x_wconf 91' lang='lat' dir='ltr'><strong>a</strong></span> <span class='ocrx_word' id='word_1_36' title='bbox 1336 439 1402 481; x_wconf 92' lang='lat' dir='ltr'><strong>die</strong></span> <span class='ocrx_word' id='word_1_37' title='bbox 1426 441 1718 494; x_wconf 77' lang='lat' dir='ltr'><strong>assumptionis</strong></span> 
     </span>
     <span class='ocr_line' id='line_1_6' title="bbox 89 508 1718 567; baseline -0.002 -13"><span class='ocrx_word' id='word_1_38' title='bbox 89 510 362 567; x_wconf 84' lang='lat' dir='ltr'><strong>supputando,</strong></span> <span class='ocrx_word' id='word_1_39' title='bbox 398 510 581 567; x_wconf 93' lang='lat' dir='ltr'><strong>illudque</strong></span> <span class='ocrx_word' id='word_1_40' title='bbox 625 511 830 553; x_wconf 87' lang='lat' dir='ltr'><strong>«liniatur</strong></span> <span class='ocrx_word' id='word_1_41' title='bbox 870 508 1034 565; x_wconf 87' lang='lat' dir='ltr'><strong>expleto</strong></span> <span class='ocrx_word' id='word_1_42' title='bbox 1075 509 1219 552; x_wconf 88' lang='lat' dir='ltr'><strong>ultimo</strong></span> <span class='ocrx_word' id='word_1_43' title='bbox 1243 510 1309 551; x_wconf 90' lang='lat' dir='ltr'><strong>die</strong></span> <span class='ocrx_word' id='word_1_44' title='bbox 1333 510 1516 552; x_wconf 86' lang='lat' dir='ltr'><strong>eiusdem</strong></span> <span class='ocrx_word' id='word_1_45' title='bbox 1543 512 1718 565; x_wconf 85' lang='lat' dir='ltr'><strong>numeri,</strong></span> 
     </span>
     <span class='ocr_line' id='line_1_7' title="bbox 90 579 1716 638; baseline -0.001 -14"><span class='ocrx_word' id='word_1_46' title='bbox 90 586 207 638; x_wconf 89' lang='lat' dir='ltr'><strong>prout</strong></span> <span class='ocrx_word' id='word_1_47' title='bbox 255 585 349 623; x_wconf 92' lang='lat' dir='ltr'><strong>sunt</strong></span> <span class='ocrx_word' id='word_1_48' title='bbox 384 583 420 623; x_wconf 92' lang='lat' dir='ltr'><strong>in</strong></span> <span class='ocrx_word' id='word_1_49' title='bbox 456 580 736 624; x_wconf 77' lang='lat' dir='ltr'><strong>calendario»</strong></span> <span class='ocrx_word' id='word_1_50' title='bbox 790 582 895 629; x_wconf 84' lang='lat' dir='ltr'><strong>(can.</strong></span> <span class='ocrx_word' id='word_1_51' title='bbox 931 579 997 632; x_wconf 77' lang='lat'><strong>34,</strong></span> <span class='ocrx_word' id='word_1_52' title='bbox 1032 581 1059 637; x_wconf 55' lang='grc' dir='ltr'><strong>ς’</strong></span> <span class='ocrx_word' id='word_1_53' title='bbox 1094 580 1137 622; x_wconf 84' lang='lat'><strong>3⁰</strong></span> <span class='ocrx_word' id='word_1_54' title='bbox 1186 585 1222 622; x_wconf 89' lang='lat' dir='ltr'><strong>et</strong></span> <span class='ocrx_word' id='word_1_55' title='bbox 1264 579 1336 636; x_wconf 85' lang='lat'><strong>10),</strong></span> <span class='ocrx_word' id='word_1_56' title='bbox 1386 579 1494 621; x_wconf 80' lang='lat' dir='ltr'><strong>alios</strong></span> <span class='ocrx_word' id='word_1_57' title='bbox 1542 579 1716 635; x_wconf 78' lang='lat' dir='ltr'><strong>supple:</strong></span> 
     </span>
     <span class='ocr_line' id='line_1_8' title="bbox 93 649 1716 708; baseline 0 -15"><span class='ocrx_word' id='word_1_58' title='bbox 93 667 114 693; x_wconf 82' lang='lat'><strong>‹&lt;</strong></span> <span class='ocrx_word' id='word_1_59' title='bbox 134 654 244 694; x_wconf 87' lang='lat' dir='ltr'><strong>viros</strong></span> <span class='ocrx_word' id='word_1_60' title='bbox 263 667 283 692; x_wconf 82' lang='lat'><strong>)›</strong></span> <span class='ocrx_word' id='word_1_61' title='bbox 311 651 553 694; x_wconf 88' lang='lat' dir='ltr'><strong>earumdem</strong></span> <span class='ocrx_word' id='word_1_62' title='bbox 580 651 826 708; x_wconf 82' lang='lat' dir='ltr'><strong>qualitatum</strong></span> <span class='ocrx_word' id='word_1_63' title='bbox 859 649 1053 707; x_wconf 81' lang='lat' dir='ltr'><strong>sufficiat,</strong></span> <span class='ocrx_word' id='word_1_64' title='bbox 1086 664 1156 693; x_wconf 90' lang='lat' dir='ltr'><strong>seu</strong></span> <span class='ocrx_word' id='word_1_65' title='bbox 1182 649 1403 694; x_wconf 84' lang='lat' dir='ltr'><strong>substituat</strong></span> <span class='ocrx_word' id='word_1_66' title='bbox 1427 650 1642 693; x_wconf 80' lang='lat' dir='ltr'><strong>distinctos</strong></span> <span class='ocrx_word' id='word_1_67' title='bbox 1665 649 1716 694; x_wconf 91' lang='lat' dir='ltr'><strong>ab</strong></span> 
     </span>
     <span class='ocr_line' id='line_1_9' title="bbox 88 720 1715 778; baseline -0.001 -13"><span class='ocrx_word' id='word_1_68' title='bbox 88 722 181 777; x_wconf 86' lang='lat' dir='ltr'><strong>illis,</strong></span> <span class='ocrx_word' id='word_1_69' title='bbox 214 721 299 765; x_wconf 83' lang='lat' dir='ltr'><strong>nisi</strong></span> <span class='ocrx_word' id='word_1_70' title='bbox 331 721 512 765; x_wconf 84' lang='lat' dir='ltr'><strong>locorum</strong></span> <span class='ocrx_word' id='word_1_71' title='bbox 548 721 907 773; x_wconf 73' lang='lat' dir='ltr'><strong>circumstantiae,</strong></span> <span class='ocrx_word' id='word_1_72' title='bbox 945 734 982 762; x_wconf 89' lang='lat' dir='ltr'><strong>v.</strong></span> <span class='ocrx_word' id='word_1_73' title='bbox 1015 734 1076 777; x_wconf 85' lang='lat' dir='ltr'><strong>gr.</strong></span> <span class='ocrx_word' id='word_1_74' title='bbox 1110 723 1206 778; x_wconf 93' lang='lat' dir='ltr'><strong>quia</strong></span> <span class='ocrx_word' id='word_1_75' title='bbox 1245 721 1391 764; x_wconf 82' lang='lat' dir='ltr'><strong>desunt</strong></span> <span class='ocrx_word' id='word_1_76' title='bbox 1426 721 1493 763; x_wconf 92' lang='lat' dir='ltr'><strong>alii</strong></span> <span class='ocrx_word' id='word_1_77' title='bbox 1529 723 1566 763; x_wconf 91' lang='lat' dir='ltr'><strong>in</strong></span> <span class='ocrx_word' id='word_1_78' title='bbox 1604 720 1715 768; x_wconf 89' lang='lat' dir='ltr'><strong>loeis,</strong></span> 
     </span>
     <span class='ocr_line' id='line_1_10' title="bbox 91 791 1716 849; baseline 0 -15"><span class='ocrx_word' id='word_1_79' title='bbox 91 793 153 837; x_wconf 89' lang='lat' dir='ltr'><strong>vel</strong></span> <span class='ocrx_word' id='word_1_80' title='bbox 188 797 354 849; x_wconf 91' lang='lat' dir='ltr'><strong>propter</strong></span> <span class='ocrx_word' id='word_1_81' title='bbox 386 792 608 849; x_wconf 77' lang='lat' dir='ltr'><strong>specialem</strong></span> <span class='ocrx_word' id='word_1_82' title='bbox 645 795 724 836; x_wconf 88' lang='lat' dir='ltr'><strong>iam</strong></span> <span class='ocrx_word' id='word_1_83' title='bbox 759 796 1064 848; x_wconf 77' lang='lat' dir='ltr'><strong>assumptorum</strong></span> <span class='ocrx_word' id='word_1_84' title='bbox 1102 792 1381 846; x_wconf 86' lang='lat' dir='ltr'><strong>idoneitatem,</strong></span> <span class='ocrx_word' id='word_1_85' title='bbox 1420 791 1482 835; x_wconf 84' lang='lat' dir='ltr'><strong>vel</strong></span> <span class='ocrx_word' id='word_1_86' title='bbox 1518 793 1611 848; x_wconf 90' lang='lat' dir='ltr'><strong>quia</strong></span> <span class='ocrx_word' id='word_1_87' title='bbox 1645 804 1716 834; x_wconf 91' lang='lat' dir='ltr'><strong>no-</strong></span> 
     </span>
     <span class='ocr_line' id='line_1_11' title="bbox 87 861 1715 919; baseline -0.002 -12"><span class='ocrx_word' id='word_1_88' title='bbox 87 863 175 907; x_wconf 92' lang='lat' dir='ltr'><strong>lunt</strong></span> <span class='ocrx_word' id='word_1_89' title='bbox 206 863 288 917; x_wconf 90' lang='lat' dir='ltr'><strong>alii,</strong></span> <span class='ocrx_word' id='word_1_90' title='bbox 323 868 416 919; x_wconf 83' lang='lat' dir='ltr'><strong>etc.,</strong></span> <span class='ocrx_word' id='word_1_91' title='bbox 450 862 571 906; x_wconf 83' lang='lat' dir='ltr'><strong>aliud</strong></span> <span class='ocrx_word' id='word_1_92' title='bbox 602 862 824 916; x_wconf 75' lang='lat' dir='ltr'><strong>suadeant,</strong></span> <span class='ocrx_word' id='word_1_93' title='bbox 859 875 1006 919; x_wconf 80' lang='lat' dir='ltr'><strong>nempe</strong></span> <span class='ocrx_word' id='word_1_94' title='bbox 1039 863 1207 906; x_wconf 87' lang='lat' dir='ltr'><strong>eosdem</strong></span> <span class='ocrx_word' id='word_1_95' title='bbox 1244 876 1315 918; x_wconf 91' lang='lat' dir='ltr'><strong>per</strong></span> <span class='ocrx_word' id='word_1_96' title='bbox 1349 864 1569 905; x_wconf 79' lang='lat' dir='ltr'><strong>triennium</strong></span> <span class='ocrx_word' id='word_1_97' title='bbox 1605 861 1715 905; x_wconf 90' lang='lat' dir='ltr'><strong>aliud</strong></span> 
     </span>
     <span class='ocr_line' id='line_1_12' title="bbox 91 933 1716 991; baseline -0.002 -14"><span class='ocrx_word' id='word_1_98' title='bbox 91 935 152 978; x_wconf 92' lang='lat' dir='ltr'><strong>vel</strong></span> <span class='ocrx_word' id='word_1_99' title='bbox 187 935 237 978; x_wconf 89' lang='lat' dir='ltr'><strong>ad</strong></span> <span class='ocrx_word' id='word_1_100' title='bbox 264 934 434 978; x_wconf 88' lang='lat' dir='ltr'><strong>brevius</strong></span> <span class='ocrx_word' id='word_1_101' title='bbox 455 939 618 990; x_wconf 88' lang='lat' dir='ltr'><strong>tempus</strong></span> <span class='ocrx_word' id='word_1_102' title='bbox 642 933 878 991; x_wconf 77' lang='lat' dir='ltr'><strong>relinquere</strong></span> <span class='ocrx_word' id='word_1_103' title='bbox 901 936 938 976; x_wconf 93' lang='lat' dir='ltr'><strong>in</strong></span> <span class='ocrx_word' id='word_1_104' title='bbox 964 933 1149 977; x_wconf 90' lang='lat' dir='ltr'><strong>eiusdem</strong></span> <span class='ocrx_word' id='word_1_105' title='bbox 1175 934 1545 976; x_wconf 79' lang='lat' dir='ltr'><strong>administrationis</strong></span> <span class='ocrx_word' id='word_1_106' title='bbox 1568 933 1716 976; x_wconf 81' lang='lat' dir='ltr'><strong>officio.</strong></span> 
     </span>
    </p>

    <p class='ocr_par' dir='ltr' id='par_1_4' title="bbox 84 1003 1722 2125">
     <span class='ocr_line' id='line_1_13' title="bbox 205 1003 1718 1063; baseline -0.001 -16"><span class='ocrx_word' id='word_1_107' title='bbox 205 1004 233 1063; x_wconf 65' lang='grc' dir='ltr'><strong>ξ»</strong></span> <span class='ocrx_word' id='word_1_108' title='bbox 263 1007 305 1047; x_wconf 70' lang='grc'><strong>2.</strong></span> <span class='ocrx_word' id='word_1_109' title='bbox 344 1003 464 1057; x_wconf 86' lang='lat' dir='ltr'><strong>Quod</strong></span> <span class='ocrx_word' id='word_1_110' title='bbox 496 1004 533 1046; x_wconf 84' lang='lat' dir='ltr'><strong>si</strong></span> <span class='ocrx_word' id='word_1_111' title='bbox 566 1003 704 1058; x_wconf 84' lang='lat' dir='ltr'><strong>laicis,</strong></span> <span class='ocrx_word' id='word_1_112' title='bbox 737 1018 818 1061; x_wconf 93' lang='lat' dir='ltr'><strong>quo</strong></span> <span class='ocrx_word' id='word_1_113' title='bbox 855 1003 980 1047; x_wconf 80' lang='lat' dir='ltr'><strong>verbo</strong></span> <span class='ocrx_word' id='word_1_114' title='bbox 1011 1004 1283 1046; x_wconf 79' lang='lat' dir='ltr'><strong>confirmatur</strong></span> <span class='ocrx_word' id='word_1_115' title='bbox 1306 1005 1590 1059; x_wconf 89' lang='lat' dir='ltr'><strong>interpretatio</strong></span> <span class='ocrx_word' id='word_1_116' title='bbox 1623 1003 1718 1046; x_wconf 89' lang='lat' dir='ltr'><strong>data</strong></span> 
     </span>
     <span class='ocr_line' id='line_1_14' title="bbox 89 1074 1718 1133; baseline -0.002 -14"><span class='ocrx_word' id='word_1_117' title='bbox 89 1079 128 1119; x_wconf 91' lang='lat' dir='ltr'><strong>in</strong></span> <span class='ocrx_word' id='word_1_118' title='bbox 163 1089 297 1133; x_wconf 90' lang='lat' dir='ltr'><strong>praec.</strong></span> <span class='ocrx_word' id='word_1_119' title='bbox 331 1076 403 1129; x_wconf 48' lang='lat' dir='ltr'><strong>§Q</strong></span> <span class='ocrx_word' id='word_1_120' title='bbox 435 1080 581 1133; x_wconf 79' lang='lat' dir='ltr'><strong>partes</strong></span> <span class='ocrx_word' id='word_1_121' title='bbox 614 1074 820 1133; x_wconf 76' lang='lat' dir='ltr'><strong>quaedam</strong></span> <span class='ocrx_word' id='word_1_122' title='bbox 854 1075 899 1118; x_wconf 90' lang='lat' dir='ltr'><strong>in</strong></span> <span class='ocrx_word' id='word_1_123' title='bbox 930 1074 1305 1118; x_wconf 84' lang='lat' dir='ltr'><strong>administratione</strong></span> <span class='ocrx_word' id='word_1_124' title='bbox 1352 1074 1550 1118; x_wconf 82' lang='lat' dir='ltr'><strong>honorum</strong></span> <span class='ocrx_word' id='word_1_125' title='bbox 1599 1074 1718 1117; x_wconf 83' lang='lat' dir='ltr'><strong>eccle-</strong></span> 
     </span>
     <span class='ocr_line' id='line_1_15' title="bbox 86 1145 1716 1204; baseline 0 -16"><span class='ocrx_word' id='word_1_126' title='bbox 86 1146 353 1190; x_wconf 85' lang='lat' dir='ltr'><strong>siasticorum</strong></span> <span class='ocrx_word' id='word_1_127' title='bbox 386 1146 562 1190; x_wconf 88' lang='lat' dir='ltr'><strong>alicuius</strong></span> <span class='ocrx_word' id='word_1_128' title='bbox 597 1159 797 1204; x_wconf 88' lang='lat' dir='ltr'><strong>personae</strong></span> <span class='ocrx_word' id='word_1_129' title='bbox 832 1146 1014 1202; x_wconf 90' lang='lat' dir='ltr'><strong>moralis,</strong></span> <span class='ocrx_word' id='word_1_130' title='bbox 1049 1146 1167 1204; x_wconf 88' lang='lat' dir='ltr'><strong>(ergo</strong></span> <span class='ocrx_word' id='word_1_131' title='bbox 1207 1160 1285 1189; x_wconf 90' lang='lat' dir='ltr'><strong>non</strong></span> <span class='ocrx_word' id='word_1_132' title='bbox 1335 1148 1394 1189; x_wconf 92' lang='lat' dir='ltr'><strong>eis</strong></span> <span class='ocrx_word' id='word_1_133' title='bbox 1426 1145 1559 1202; x_wconf 86' lang='lat' dir='ltr'><strong>solis),</strong></span> <span class='ocrx_word' id='word_1_134' title='bbox 1606 1146 1716 1203; x_wconf 89' lang='lat' dir='ltr'><strong>quod</strong></span> 
     </span>
     <span class='ocr_line' id='line_1_16' title="bbox 88 1216 1717 1275; baseline -0.002 -14"><span class='ocrx_word' id='word_1_135' title='bbox 88 1218 259 1275; x_wconf 87' lang='lat' dir='ltr'><strong>proinde</strong></span> <span class='ocrx_word' id='word_1_136' title='bbox 291 1217 402 1261; x_wconf 88' lang='lat' dir='ltr'><strong>licite</strong></span> <span class='ocrx_word' id='word_1_137' title='bbox 436 1218 524 1261; x_wconf 81' lang='lat' dir='ltr'><strong>tieri</strong></span> <span class='ocrx_word' id='word_1_138' title='bbox 562 1222 695 1274; x_wconf 83' lang='lat' dir='ltr'><strong>potest</strong></span> <span class='ocrx_word' id='word_1_139' title='bbox 728 1230 776 1261; x_wconf 89' lang='lat' dir='ltr'><strong>ac</strong></span> <span class='ocrx_word' id='word_1_140' title='bbox 810 1219 912 1272; x_wconf 85' lang='lat' dir='ltr'><strong>iure,</strong></span> <span class='ocrx_word' id='word_1_141' title='bbox 946 1216 988 1274; x_wconf 91' lang='lat' dir='ltr'><strong>a)</strong></span> <span class='ocrx_word' id='word_1_142' title='bbox 1022 1217 1082 1260; x_wconf 76' lang='lat' dir='ltr'><strong>rel</strong></span> <span class='ocrx_word' id='word_1_143' title='bbox 1116 1231 1167 1260; x_wconf 72' lang='lat' dir='ltr'><strong>er</strong></span> <span class='ocrx_word' id='word_1_144' title='bbox 1200 1217 1388 1274; x_wconf 73' lang='lat' dir='ltr'><strong>leqitimo</strong></span> <span class='ocrx_word' id='word_1_145' title='bbox 1420 1230 1491 1260; x_wconf 91' lang='lat' dir='ltr'><strong>seu</strong></span> <span class='ocrx_word' id='word_1_146' title='bbox 1529 1219 1640 1259; x_wconf 84' lang='lat' dir='ltr'><strong>iuxta</strong></span> <span class='ocrx_word' id='word_1_147' title='bbox 1665 1230 1717 1260; x_wconf 91' lang='lat' dir='ltr'><strong>ss.</strong></span> 
     </span>
     <span class='ocr_line' id='line_1_17' title="bbox 86 1288 1717 1346; baseline -0.002 -13"><span class='ocrx_word' id='word_1_148' title='bbox 86 1301 264 1333; x_wconf 85' lang='lat' dir='ltr'><strong>canones</strong></span> <span class='ocrx_word' id='word_1_149' title='bbox 295 1288 580 1346; x_wconf 67' lang='lat' dir='ltr'><strong>famulationis,</strong></span> <span class='ocrx_word' id='word_1_150' title='bbox 613 1289 780 1346; x_wconf 90' lang='lat' dir='ltr'><strong>quando</strong></span> <span class='ocrx_word' id='word_1_151' title='bbox 813 1288 934 1332; x_wconf 89' lang='lat' dir='ltr'><strong>buius</strong></span> <span class='ocrx_word' id='word_1_152' title='bbox 971 1288 1216 1332; x_wconf 82' lang='lat' dir='ltr'><strong>«tabulae»</strong></span> <span class='ocrx_word' id='word_1_153' title='bbox 1255 1289 1403 1332; x_wconf 86' lang='lat' dir='ltr'><strong>adsunt</strong></span> <span class='ocrx_word' id='word_1_154' title='bbox 1437 1288 1487 1331; x_wconf 88' lang='lat' dir='ltr'><strong>ad</strong></span> <span class='ocrx_word' id='word_1_155' title='bbox 1529 1300 1717 1330; x_wconf 87' lang='lat' dir='ltr'><strong>normam</strong></span> 
     </span>
     <span class='ocr_line' id='line_1_18' title="bbox 87 1357 1717 1418; baseline -0.001 -14"><span class='ocrx_word' id='word_1_156' title='bbox 87 1373 177 1405; x_wconf 86' lang='lat' dir='ltr'><strong>can.</strong></span> <span class='ocrx_word' id='word_1_157' title='bbox 213 1360 339 1415; x_wconf 75' lang='lat'><strong>1490,</strong></span> <span class='ocrx_word' id='word_1_158' title='bbox 371 1360 399 1418; x_wconf 61' lang='grc' dir='ltr'><strong>ξ</strong></span> <span class='ocrx_word' id='word_1_159' title='bbox 437 1361 471 1415; x_wconf 88' lang='lat' dir='ltr'><strong>l,</strong></span> <span class='ocrx_word' id='word_1_160' title='bbox 503 1373 576 1403; x_wconf 87' lang='lat' dir='ltr'><strong>seu</strong></span> <span class='ocrx_word' id='word_1_161' title='bbox 609 1359 832 1403; x_wconf 67' lang='lat' dir='ltr'><strong>erectionis</strong></span> <span class='ocrx_word' id='word_1_162' title='bbox 868 1364 1035 1417; x_wconf 90' lang='lat' dir='ltr'><strong>propter</strong></span> <span class='ocrx_word' id='word_1_163' title='bbox 1068 1357 1279 1404; x_wconf 89' lang='lat' dir='ltr'><strong>Ordinarii</strong></span> <span class='ocrx_word' id='word_1_164' title='bbox 1317 1373 1477 1403; x_wconf 91' lang='lat' dir='ltr'><strong>merum</strong></span> <span class='ocrx_word' id='word_1_165' title='bbox 1502 1359 1717 1402; x_wconf 89' lang='lat' dir='ltr'><strong>decretum</strong></span> 
     </span>
     <span class='ocr_line' id='line_1_19' title="bbox 89 1429 1719 1488; baseline 0 -15"><span class='ocrx_word' id='word_1_166' title='bbox 89 1430 211 1474; x_wconf 82' lang='lat' dir='ltr'><strong>titulo</strong></span> <span class='ocrx_word' id='word_1_167' title='bbox 245 1431 348 1474; x_wconf 88' lang='lat' dir='ltr'><strong>idest</strong></span> <span class='ocrx_word' id='word_1_168' title='bbox 383 1433 550 1483; x_wconf 79' lang='lat' dir='ltr'><strong>motivo,</strong></span> <span class='ocrx_word' id='word_1_169' title='bbox 585 1430 626 1488; x_wconf 90' lang='lat' dir='ltr'><strong>b)</strong></span> <span class='ocrx_word' id='word_1_170' title='bbox 663 1430 723 1473; x_wconf 78' lang='lat' dir='ltr'><strong>rei</strong></span> <span class='ocrx_word' id='word_1_171' title='bbox 756 1444 807 1473; x_wconf 64' lang='lat' dir='ltr'><strong>eat</strong></span> <span class='ocrx_word' id='word_1_172' title='bbox 843 1429 1069 1473; x_wconf 82' lang='lat' dir='ltr'><strong>Ordinarii</strong></span> <span class='ocrx_word' id='word_1_173' title='bbox 1103 1430 1184 1473; x_wconf 86' lang='lat' dir='ltr'><strong>loci</strong></span> <span class='ocrx_word' id='word_1_174' title='bbox 1209 1429 1424 1473; x_wconf 70' lang='lat' dir='ltr'><strong>voluntate</strong></span> <span class='ocrx_word' id='word_1_175' title='bbox 1447 1435 1642 1487; x_wconf 88' lang='lat' dir='ltr'><strong>tauquam</strong></span> <span class='ocrx_word' id='word_1_176' title='bbox 1667 1429 1719 1473; x_wconf 91' lang='lat' dir='ltr'><strong>ab</strong></span> 
     </span>
     <span class='ocr_line' id='line_1_20' title="bbox 87 1500 1720 1559; baseline -0.001 -15"><span class='ocrx_word' id='word_1_177' title='bbox 87 1501 252 1545; x_wconf 90' lang='lat' dir='ltr'><strong>homine</strong></span> <span class='ocrx_word' id='word_1_178' title='bbox 285 1506 534 1559; x_wconf 80' lang='lat' dir='ltr'><strong>competant,</strong></span> <span class='ocrx_word' id='word_1_179' title='bbox 570 1500 861 1555; x_wconf 77' lang='lat' dir='ltr'><strong>nihilominus,</strong></span> <span class='ocrx_word' id='word_1_180' title='bbox 896 1506 935 1544; x_wconf 90' lang='lat' dir='ltr'><strong>et</strong></span> <span class='ocrx_word' id='word_1_181' title='bbox 968 1501 1017 1545; x_wconf 90' lang='lat' dir='ltr'><strong>ad</strong></span> <span class='ocrx_word' id='word_1_182' title='bbox 1053 1501 1130 1544; x_wconf 87' lang='lat' dir='ltr'><strong>boc</strong></span> <span class='ocrx_word' id='word_1_183' title='bbox 1177 1503 1344 1557; x_wconf 85' lang='lat' dir='ltr'><strong>respicit</strong></span> <span class='ocrx_word' id='word_1_184' title='bbox 1391 1503 1561 1543; x_wconf 89' lang='lat' dir='ltr'><strong>canonis</strong></span> <span class='ocrx_word' id='word_1_185' title='bbox 1607 1513 1720 1557; x_wconf 89' lang='lat' dir='ltr'><strong>prae-</strong></span> 
     </span>
     <span class='ocr_line' id='line_1_21' title="bbox 86 1571 1717 1629; baseline -0.001 -13"><span class='ocrx_word' id='word_1_186' title='bbox 86 1575 300 1629; x_wconf 88' lang='lat' dir='ltr'><strong>scriptum,</strong></span> <span class='ocrx_word' id='word_1_187' title='bbox 334 1573 375 1629; x_wconf 90' lang='lat' dir='ltr'><strong>a)</strong></span> <span class='ocrx_word' id='word_1_188' title='bbox 410 1572 607 1615; x_wconf 74' lang='lat' dir='ltr'><strong>universa</strong></span> <span class='ocrx_word' id='word_1_189' title='bbox 642 1571 962 1615; x_wconf 74' lang='lat' dir='ltr'><strong>administratio</strong></span> <span class='ocrx_word' id='word_1_190' title='bbox 996 1586 1068 1615; x_wconf 89' lang='lat' dir='ltr'><strong>seu</strong></span> <span class='ocrx_word' id='word_1_191' title='bbox 1103 1572 1236 1629; x_wconf 93' lang='lat' dir='ltr'><strong>quoad</strong></span> <span class='ocrx_word' id='word_1_192' title='bbox 1282 1571 1467 1628; x_wconf 88' lang='lat' dir='ltr'><strong>singulos</strong></span> <span class='ocrx_word' id='word_1_193' title='bbox 1498 1576 1615 1614; x_wconf 90' lang='lat' dir='ltr'><strong>aetus</strong></span> <span class='ocrx_word' id='word_1_194' title='bbox 1647 1585 1717 1615; x_wconf 88' lang='lat' dir='ltr'><strong>no-</strong></span> 
     </span>
     <span class='ocr_line' id='line_1_22' title="bbox 86 1642 1718 1700; baseline -0.001 -15"><span class='ocrx_word' id='word_1_195' title='bbox 86 1643 197 1686; x_wconf 83' lang='lat' dir='ltr'><strong>mine</strong></span> <span class='ocrx_word' id='word_1_196' title='bbox 217 1642 432 1686; x_wconf 76' lang='lat' dir='ltr'><strong>Ecclesiae</strong></span> <span class='ocrx_word' id='word_1_197' title='bbox 454 1643 528 1699; x_wconf 83' lang='lat' dir='ltr'><strong>fiat</strong></span> <span class='ocrx_word' id='word_1_198' title='bbox 551 1656 761 1700; x_wconf 80' lang='lat' dir='ltr'><strong>expresse,</strong></span> <span class='ocrx_word' id='word_1_199' title='bbox 785 1644 895 1700; x_wconf 89' lang='lat' dir='ltr'><strong>quod</strong></span> <span class='ocrx_word' id='word_1_200' title='bbox 921 1643 1175 1687; x_wconf 86' lang='lat' dir='ltr'><strong>sufficienter</strong></span> <span class='ocrx_word' id='word_1_201' title='bbox 1197 1642 1462 1699; x_wconf 78' lang='lat' dir='ltr'><strong>adimpletur,</strong></span> <span class='ocrx_word' id='word_1_202' title='bbox 1487 1644 1519 1685; x_wconf 87' lang='lat' dir='ltr'><strong>si</strong></span> <span class='ocrx_word' id='word_1_203' title='bbox 1544 1644 1600 1685; x_wconf 92' lang='lat' dir='ltr'><strong>uti</strong></span> <span class='ocrx_word' id='word_1_204' title='bbox 1627 1655 1718 1698; x_wconf 93' lang='lat' dir='ltr'><strong>pro-</strong></span> 
     </span>
     <span class='ocr_line' id='line_1_23' title="bbox 85 1713 1719 1771; baseline -0.001 -14"><span class='ocrx_word' id='word_1_205' title='bbox 85 1720 298 1757; x_wconf 84' lang='lat' dir='ltr'><strong>curatores</strong></span> <span class='ocrx_word' id='word_1_206' title='bbox 331 1714 408 1757; x_wconf 92' lang='lat' dir='ltr'><strong>loci</strong></span> <span class='ocrx_word' id='word_1_207' title='bbox 443 1717 496 1771; x_wconf 92' lang='lat' dir='ltr'><strong>pii</strong></span> <span class='ocrx_word' id='word_1_208' title='bbox 533 1713 697 1770; x_wconf 89' lang='lat' dir='ltr'><strong>publice</strong></span> <span class='ocrx_word' id='word_1_209' title='bbox 732 1716 885 1770; x_wconf 83' lang='lat' dir='ltr'><strong>cogniti</strong></span> <span class='ocrx_word' id='word_1_210' title='bbox 926 1718 1137 1771; x_wconf 84' lang='lat' dir='ltr'><strong>tamquam</strong></span> <span class='ocrx_word' id='word_1_211' title='bbox 1162 1713 1213 1757; x_wconf 88' lang='lat' dir='ltr'><strong>ab</strong></span> <span class='ocrx_word' id='word_1_212' title='bbox 1237 1713 1421 1757; x_wconf 86' lang='lat' dir='ltr'><strong>Ecclesia</strong></span> <span class='ocrx_word' id='word_1_213' title='bbox 1446 1713 1719 1769; x_wconf 89' lang='lat' dir='ltr'><strong>dependentis</strong></span> 
     </span>
     <span class='ocr_line' id='line_1_24' title="bbox 84 1783 1719 1842; baseline -0.001 -13"><span class='ocrx_word' id='word_1_214' title='bbox 84 1798 128 1829; x_wconf 92' lang='lat' dir='ltr'><strong>se</strong></span> <span class='ocrx_word' id='word_1_215' title='bbox 160 1791 319 1842; x_wconf 86' lang='lat' dir='ltr'><strong>gerant,</strong></span> <span class='ocrx_word' id='word_1_216' title='bbox 353 1799 402 1827; x_wconf 83' lang='lat' dir='ltr'><strong>ac</strong></span> <span class='ocrx_word' id='word_1_217' title='bbox 435 1785 477 1841; x_wconf 91' lang='lat' dir='ltr'><strong>b)</strong></span> <span class='ocrx_word' id='word_1_218' title='bbox 510 1784 625 1828; x_wconf 71' lang='lat' dir='ltr'><strong>salvo</strong></span> <span class='ocrx_word' id='word_1_219' title='bbox 661 1785 753 1827; x_wconf 84' lang='lat' dir='ltr'><strong>iure</strong></span> <span class='ocrx_word' id='word_1_220' title='bbox 790 1784 1018 1828; x_wconf 83' lang='lat' dir='ltr'><strong>Ordinarii</strong></span> <span class='ocrx_word' id='word_1_221' title='bbox 1043 1784 1207 1841; x_wconf 89' lang='lat' dir='ltr'><strong>triplici,</strong></span> <span class='ocrx_word' id='word_1_222' title='bbox 1232 1798 1404 1840; x_wconf 87' lang='lat' dir='ltr'><strong>nempe:</strong></span> <span class='ocrx_word' id='word_1_223' title='bbox 1442 1783 1646 1826; x_wconf 69' lang='lat' dir='ltr'><strong>visitandi</strong></span> <span class='ocrx_word' id='word_1_224' title='bbox 1668 1784 1719 1827; x_wconf 86' lang='lat' dir='ltr'><strong>ad</strong></span> 
     </span>
     <span class='ocr_line' id='line_1_25' title="bbox 85 1854 1721 1913; baseline -0.001 -14"><span class='ocrx_word' id='word_1_225' title='bbox 85 1868 273 1899; x_wconf 87' lang='lat' dir='ltr'><strong>normam</strong></span> <span class='ocrx_word' id='word_1_226' title='bbox 308 1868 396 1899; x_wconf 87' lang='lat' dir='ltr'><strong>ean.</strong></span> <span class='ocrx_word' id='word_1_227' title='bbox 433 1856 538 1899; x_wconf 82' lang='grc'>1491</span> <span class='ocrx_word' id='word_1_228' title='bbox 582 1855 635 1899; x_wconf 91' lang='lat' dir='ltr'><strong>ibi</strong></span> <span class='ocrx_word' id='word_1_229' title='bbox 680 1856 951 1909; x_wconf 84' lang='lat' dir='ltr'><strong>declaratam,</strong></span> <span class='ocrx_word' id='word_1_230' title='bbox 1000 1854 1197 1913; x_wconf 75' lang='lat' dir='ltr'><strong>eoeiqendi</strong></span> <span class='ocrx_word' id='word_1_231' title='bbox 1243 1856 1446 1909; x_wconf 82' lang='lat' dir='ltr'><strong>rationes,</strong></span> <span class='ocrx_word' id='word_1_232' title='bbox 1495 1855 1603 1912; x_wconf 88' lang='lat' dir='ltr'><strong>quod</strong></span> <span class='ocrx_word' id='word_1_233' title='bbox 1650 1868 1721 1911; x_wconf 90' lang='lat' dir='ltr'><strong>per</strong></span> 
     </span>
     <span class='ocr_line' id='line_1_26' title="bbox 85 1926 1722 1985; baseline 0 -15"><span class='ocrx_word' id='word_1_234' title='bbox 85 1939 174 1972; x_wconf 88' lang='lat' dir='ltr'><strong>can.</strong></span> <span class='ocrx_word' id='word_1_235' title='bbox 207 1927 319 1970; x_wconf 70' lang='lat'><strong>1525</strong></span> <span class='ocrx_word' id='word_1_236' title='bbox 354 1930 526 1984; x_wconf 87' lang='lat' dir='ltr'><strong>regitur,</strong></span> <span class='ocrx_word' id='word_1_237' title='bbox 559 1932 597 1969; x_wconf 84' lang='lat' dir='ltr'><strong>et</strong></span> <span class='ocrx_word' id='word_1_238' title='bbox 627 1926 947 1985; x_wconf 74' lang='lat' dir='ltr'><strong>praescribendi</strong></span> <span class='ocrx_word' id='word_1_239' title='bbox 980 1926 1145 1970; x_wconf 88' lang='lat' dir='ltr'><strong>modum</strong></span> <span class='ocrx_word' id='word_1_240' title='bbox 1186 1926 1576 1969; x_wconf 71' lang='lat' dir='ltr'><strong>aslininistrationis</strong></span> <span class='ocrx_word' id='word_1_241' title='bbox 1612 1939 1722 1970; x_wconf 88' lang='lat' dir='ltr'><strong>reco-</strong></span> 
     </span>
     <span class='ocr_line' id='line_1_27' title="bbox 85 1996 1719 2056; baseline 0 -17"><span class='ocrx_word' id='word_1_242' title='bbox 85 2000 244 2054; x_wconf 84' lang='lat' dir='ltr'><strong>gnitum</strong></span> <span class='ocrx_word' id='word_1_243' title='bbox 278 2010 326 2041; x_wconf 90' lang='lat' dir='ltr'><strong>ac</strong></span> <span class='ocrx_word' id='word_1_244' title='bbox 359 1998 616 2042; x_wconf 87' lang='lat' dir='ltr'><strong>declaratum</strong></span> <span class='ocrx_word' id='word_1_245' title='bbox 654 2001 691 2041; x_wconf 88' lang='lat' dir='ltr'><strong>iu</strong></span> <span class='ocrx_word' id='word_1_246' title='bbox 726 2011 815 2042; x_wconf 88' lang='lat' dir='ltr'><strong>can.</strong></span> <span class='ocrx_word' id='word_1_247' title='bbox 852 1998 981 2053; x_wconf 75' lang='lat'><strong>1519,</strong></span> <span class='ocrx_word' id='word_1_248' title='bbox 1012 1997 1101 2056; x_wconf 55' lang='lat'><strong>§2</strong></span> <span class='ocrx_word' id='word_1_249' title='bbox 1137 1997 1196 2040; x_wconf 77' lang='lat' dir='ltr'><strong>Ac</strong></span> <span class='ocrx_word' id='word_1_250' title='bbox 1233 1997 1405 2053; x_wconf 88' lang='lat' dir='ltr'><strong>proinde</strong></span> <span class='ocrx_word' id='word_1_251' title='bbox 1442 1999 1478 2039; x_wconf 90' lang='lat' dir='ltr'><strong>in</strong></span> <span class='ocrx_word' id='word_1_252' title='bbox 1504 1996 1567 2039; x_wconf 89' lang='lat' dir='ltr'><strong>his</strong></span> <span class='ocrx_word' id='word_1_253' title='bbox 1591 1998 1719 2040; x_wconf 92' lang='lat' dir='ltr'><strong>omni-</strong></span> 
     </span>
     <span class='ocr_line' id='line_1_28' title="bbox 86 2067 1246 2125; baseline 0.002 -15"><span class='ocrx_word' id='word_1_254' title='bbox 86 2067 161 2111; x_wconf 92' lang='lat' dir='ltr'><strong>bus</strong></span> <span class='ocrx_word' id='word_1_255' title='bbox 194 2067 395 2111; x_wconf 89' lang='lat' dir='ltr'><strong>incumbit</strong></span> <span class='ocrx_word' id='word_1_256' title='bbox 432 2068 626 2112; x_wconf 80' lang='lat' dir='ltr'><strong>«laicis»</strong></span> <span class='ocrx_word' id='word_1_257' title='bbox 666 2068 888 2125; x_wconf 87' lang='lat' dir='ltr'><strong>praedictis</strong></span> <span class='ocrx_word' id='word_1_258' title='bbox 921 2081 1025 2111; x_wconf 93' lang='lat' dir='ltr'><strong>onus</strong></span> <span class='ocrx_word' id='word_1_259' title='bbox 1060 2068 1246 2124; x_wconf 85' lang='lat' dir='ltr'><strong>parendi.</strong></span> 
     </span>
    </p>

    <p class='ocr_par' dir='ltr' id='par_1_5' title="bbox 85 2137 1720 2478">
     <span class='ocr_line' id='line_1_29' title="bbox 205 2137 1720 2196; baseline 0.002 -16"><span class='ocrx_word' id='word_1_260' title='bbox 205 2137 304 2182; x_wconf 79' lang='lat'><strong>436.</strong></span> <span class='ocrx_word' id='word_1_261' title='bbox 336 2140 801 2185; x_wconf 86' lang='lat' dir='ltr'><strong>Administratorum</strong></span> <span class='ocrx_word' id='word_1_262' title='bbox 834 2140 1166 2196; x_wconf 85' lang='lat' dir='ltr'><strong>obligationes</strong></span> <span class='ocrx_word' id='word_1_263' title='bbox 1199 2140 1434 2196; x_wconf 85' lang='lat' dir='ltr'><strong>praeviae</strong></span> <span class='ocrx_word' id='word_1_264' title='bbox 1458 2140 1523 2184; x_wconf 83' lang='lat' dir='ltr'><strong>ad</strong></span> <span class='ocrx_word' id='word_1_265' title='bbox 1546 2152 1720 2184; x_wconf 90' lang='lat' dir='ltr'><strong>munus</strong></span> 
     </span>
     <span class='ocr_line' id='line_1_30' title="bbox 86 2207 1719 2266; baseline -0.001 -14"><span class='ocrx_word' id='word_1_266' title='bbox 86 2208 366 2252; x_wconf 88' lang='lat' dir='ltr'><strong>exercendum</strong></span> <span class='ocrx_word' id='word_1_267' title='bbox 400 2213 617 2252; x_wconf 87' lang='lat' dir='ltr'><strong>enumerat</strong></span> <span class='ocrx_word' id='word_1_268' title='bbox 652 2223 742 2251; x_wconf 85' lang='lat' dir='ltr'><strong>can.</strong></span> <span class='ocrx_word' id='word_1_269' title='bbox 779 2210 910 2252; x_wconf 70' lang='lat'><em>1522.</em></span> <span class='ocrx_word' id='word_1_270' title='bbox 944 2208 1178 2266; x_wconf 83' lang='lat' dir='ltr'><strong>Antequam</strong></span> <span class='ocrx_word' id='word_1_271' title='bbox 1203 2207 1575 2251; x_wconf 74' lang='lat' dir='ltr'><strong>administratores</strong></span> <span class='ocrx_word' id='word_1_272' title='bbox 1598 2207 1719 2251; x_wconf 82' lang='lat' dir='ltr'><strong>bono-</strong></span> 
     </span>
     <span class='ocr_line' id='line_1_31' title="bbox 85 2278 1714 2337; baseline 0 -16"><span class='ocrx_word' id='word_1_273' title='bbox 85 2292 179 2321; x_wconf 87' lang='lat' dir='ltr'><strong>rum</strong></span> <span class='ocrx_word' id='word_1_274' title='bbox 210 2279 590 2322; x_wconf 82' lang='lat' dir='ltr'><strong>ecclesiasticorum</strong></span> <span class='ocrx_word' id='word_1_275' title='bbox 625 2281 858 2331; x_wconf 82' lang='lat' dir='ltr'><strong>inferiores,</strong></span> <span class='ocrx_word' id='word_1_276' title='bbox 891 2293 962 2323; x_wconf 90' lang='lat' dir='ltr'><strong>seu</strong></span> <span class='ocrx_word' id='word_1_277' title='bbox 997 2279 1049 2323; x_wconf 86' lang='lat' dir='ltr'><strong>de</strong></span> <span class='ocrx_word' id='word_1_278' title='bbox 1080 2278 1227 2337; x_wconf 81' lang='lat' dir='ltr'><strong>quibus</strong></span> <span class='ocrx_word' id='word_1_279' title='bbox 1260 2279 1417 2323; x_wconf 89' lang='lat' dir='ltr'><strong>dictum</strong></span> <span class='ocrx_word' id='word_1_280' title='bbox 1463 2283 1523 2322; x_wconf 92' lang='lat' dir='ltr'><strong>est</strong></span> <span class='ocrx_word' id='word_1_281' title='bbox 1546 2278 1590 2321; x_wconf 86' lang='lat' dir='ltr'><strong>in</strong></span> <span class='ocrx_word' id='word_1_282' title='bbox 1624 2293 1714 2321; x_wconf 89' lang='lat' dir='ltr'><strong>can.</strong></span> 
     </span>
     <span class='ocr_line' id='line_1_32' title="bbox 87 2351 1720 2408; baseline 0 -15"><span class='ocrx_word' id='word_1_283' title='bbox 87 2352 213 2403; x_wconf 68' lang='lat'><strong>1521,</strong></span> <span class='ocrx_word' id='word_1_284' title='bbox 245 2364 365 2393; x_wconf 86' lang='lat' dir='ltr'><strong>suum</strong></span> <span class='ocrx_word' id='word_1_285' title='bbox 398 2363 479 2408; x_wconf 89' lang='lat' dir='ltr'><strong>quo</strong></span> <span class='ocrx_word' id='word_1_286' title='bbox 503 2351 826 2394; x_wconf 87' lang='lat' dir='ltr'><strong>denominantur</strong></span> <span class='ocrx_word' id='word_1_287' title='bbox 849 2365 1000 2394; x_wconf 84' lang='lat' dir='ltr'><strong>munus</strong></span> <span class='ocrx_word' id='word_1_288' title='bbox 1023 2351 1183 2405; x_wconf 85' lang='lat' dir='ltr'><strong>ineant,</strong></span> <span class='ocrx_word' id='word_1_289' title='bbox 1207 2364 1278 2393; x_wconf 90' lang='lat' dir='ltr'><strong>seu</strong></span> <span class='ocrx_word' id='word_1_290' title='bbox 1305 2352 1502 2407; x_wconf 88' lang='lat' dir='ltr'><strong>incipiant</strong></span> <span class='ocrx_word' id='word_1_291' title='bbox 1521 2363 1720 2393; x_wconf 81' lang='lat' dir='ltr'><strong>exercere</strong></span> 
     </span>
     <span class='ocr_line' id='line_1_33' title="bbox 86 2423 887 2478; baseline 0.001 -14"><span class='ocrx_word' id='word_1_292' title='bbox 86 2425 176 2478; x_wconf 89' lang='lat' dir='ltr'><strong>post</strong></span> <span class='ocrx_word' id='word_1_293' title='bbox 207 2423 500 2464; x_wconf 88' lang='lat' dir='ltr'><strong>nominationis</strong></span> <span class='ocrx_word' id='word_1_294' title='bbox 532 2423 887 2478; x_wconf 88' lang='lat' dir='ltr'><strong>acceptationem:</strong></span> 
     </span>
    </p>

    <p class='ocr_par' dir='ltr' id='par_1_6' title="bbox 27 2490 1719 2976">
     <span class='ocr_line' id='line_1_34' title="bbox 204 2490 1715 2549; baseline -0.001 -15"><span class='ocrx_word' id='word_1_295' title='bbox 204 2491 258 2536; x_wconf 86' lang='lat'><strong>1.⁰</strong></span> <span class='ocrx_word' id='word_1_296' title='bbox 296 2490 448 2534; x_wconf 83' lang='lat' dir='ltr'><strong>Debent</strong></span> <span class='ocrx_word' id='word_1_297' title='bbox 481 2505 525 2534; x_wconf 86' lang='lat' dir='ltr'><strong>se</strong></span> <span class='ocrx_word' id='word_1_298' title='bbox 550 2491 649 2534; x_wconf 86' lang='lat' dir='ltr'><strong>bene</strong></span> <span class='ocrx_word' id='word_1_299' title='bbox 670 2505 741 2535; x_wconf 89' lang='lat' dir='ltr'><strong>seu</strong></span> <span class='ocrx_word' id='word_1_300' title='bbox 766 2491 1091 2549; x_wconf 83' lang='lat' dir='ltr'><strong>obligationibus</strong></span> <span class='ocrx_word' id='word_1_301' title='bbox 1113 2494 1290 2537; x_wconf 79' lang='lat' dir='ltr'><strong>servatis</strong></span> <span class='ocrx_word' id='word_1_302' title='bbox 1313 2497 1351 2534; x_wconf 88' lang='lat' dir='ltr'><strong>et</strong></span> <span class='ocrx_word' id='word_1_303' title='bbox 1374 2490 1558 2548; x_wconf 83' lang='lat' dir='ltr'><strong>fideliter</strong></span> <span class='ocrx_word' id='word_1_304' title='bbox 1581 2490 1715 2548; x_wconf 89' lang='lat' dir='ltr'><strong>quoad</strong></span> 
     </span>
     <span class='ocr_line' id='line_1_35' title="bbox 84 2561 1716 2618; baseline -0.001 -13"><span class='ocrx_word' id='word_1_305' title='bbox 84 2575 254 2618; x_wconf 90' lang='lat' dir='ltr'><strong>scopum</strong></span> <span class='ocrx_word' id='word_1_306' title='bbox 290 2565 475 2606; x_wconf 88' lang='lat' dir='ltr'><strong>muneris</strong></span> <span class='ocrx_word' id='word_1_307' title='bbox 508 2561 888 2605; x_wconf 84' lang='lat' dir='ltr'><strong>administraturos</strong></span> <span class='ocrx_word' id='word_1_308' title='bbox 923 2576 1064 2606; x_wconf 88' lang='lat' dir='ltr'><strong>coram</strong></span> <span class='ocrx_word' id='word_1_309' title='bbox 1102 2561 1335 2606; x_wconf 84' lang='lat' dir='ltr'><strong>Ordinario</strong></span> <span class='ocrx_word' id='word_1_310' title='bbox 1368 2561 1449 2605; x_wconf 81' lang='lat' dir='ltr'><strong>loci</strong></span> <span class='ocrx_word' id='word_1_311' title='bbox 1479 2561 1539 2604; x_wconf 80' lang='lat' dir='ltr'><strong>cel</strong></span> <span class='ocrx_word' id='word_1_312' title='bbox 1560 2561 1716 2604; x_wconf 66' lang='lat' dir='ltr'><strong>vicario</strong></span> 
     </span>
     <span class='ocr_line' id='line_1_36' title="bbox 84 2632 1715 2691; baseline -0.002 -15"><span class='ocrx_word' id='word_1_313' title='bbox 84 2632 260 2691; x_wconf 83' lang='lat' dir='ltr'><strong>foraneo</strong></span> <span class='ocrx_word' id='word_1_314' title='bbox 292 2633 341 2677; x_wconf 89' lang='lat' dir='ltr'><strong>ad</strong></span> <span class='ocrx_word' id='word_1_315' title='bbox 377 2633 454 2677; x_wconf 88' lang='lat' dir='ltr'><strong>hoe</strong></span> <span class='ocrx_word' id='word_1_316' title='bbox 491 2636 579 2676; x_wconf 92' lang='lat' dir='ltr'><strong>iure</strong></span> <span class='ocrx_word' id='word_1_317' title='bbox 612 2633 824 2689; x_wconf 84' lang='lat' dir='ltr'><strong>deputate,</strong></span> <span class='ocrx_word' id='word_1_318' title='bbox 861 2633 1140 2676; x_wconf 81' lang='lat' dir='ltr'><strong>iureiurando</strong></span> <span class='ocrx_word' id='word_1_319' title='bbox 1189 2646 1346 2684; x_wconf 71' lang='lat' dir='ltr'><strong>cavere,</strong></span> <span class='ocrx_word' id='word_1_320' title='bbox 1393 2633 1520 2677; x_wconf 86' lang='lat' dir='ltr'><strong>idest:</strong></span> <span class='ocrx_word' id='word_1_321' title='bbox 1567 2634 1715 2676; x_wconf 85' lang='lat' dir='ltr'><strong>contir-</strong></span> 
     </span>
     <span class='ocr_line' id='line_1_37' title="bbox 86 2701 1718 2762; baseline -0.002 -15"><span class='ocrx_word' id='word_1_322' title='bbox 86 2716 213 2758; x_wconf 84' lang='lat' dir='ltr'><strong>mare,</strong></span> <span class='ocrx_word' id='word_1_323' title='bbox 247 2705 321 2759; x_wconf 89' lang='lat' dir='ltr'><strong>ipsi</strong></span> <span class='ocrx_word' id='word_1_324' title='bbox 356 2717 521 2762; x_wconf 90' lang='lat' dir='ltr'><strong>quoque</strong></span> <span class='ocrx_word' id='word_1_325' title='bbox 558 2704 696 2747; x_wconf 90' lang='lat' dir='ltr'><strong>clerici</strong></span> <span class='ocrx_word' id='word_1_326' title='bbox 733 2705 847 2747; x_wconf 85' lang='lat' dir='ltr'><strong>iuxta</strong></span> <span class='ocrx_word' id='word_1_327' title='bbox 882 2716 971 2760; x_wconf 88' lang='lat' dir='ltr'><strong>cap.</strong></span> <span class='ocrx_word' id='word_1_328' title='bbox 1008 2705 1032 2747; x_wconf 78' lang='grc' dir='ltr'><em>ὃ</em></span> <span class='ocrx_word' id='word_1_329' title='bbox 1072 2705 1162 2747; x_wconf 85' lang='lat' dir='ltr'><strong>«de</strong></span> <span class='ocrx_word' id='word_1_330' title='bbox 1192 2703 1459 2746; x_wconf 88' lang='lat' dir='ltr'><strong>iureiurando</strong></span> <span class='ocrx_word' id='word_1_331' title='bbox 1487 2702 1552 2760; x_wconf 84' lang='lat' dir='ltr'><strong>(ll,</strong></span> <span class='ocrx_word' id='word_1_332' title='bbox 1574 2702 1644 2759; x_wconf 70' lang='lat'><strong>24)</strong></span> <span class='ocrx_word' id='word_1_333' title='bbox 1672 2701 1718 2756; x_wconf 77' lang='lat' dir='ltr'><strong>X,</strong></span> 
     </span>
     <span class='ocr_line' id='line_1_38' title="bbox 86 2771 1719 2831; baseline -0.002 -13"><span class='ocrx_word' id='word_1_334' title='bbox 86 2774 154 2819; x_wconf 92' lang='lat' dir='ltr'><strong>ubi</strong></span> <span class='ocrx_word' id='word_1_335' title='bbox 188 2776 243 2818; x_wconf 88' lang='lat' dir='ltr'><strong>ait</strong></span> <span class='ocrx_word' id='word_1_336' title='bbox 276 2773 466 2818; x_wconf 86' lang='lat' dir='ltr'><strong>Urbanus</strong></span> <span class='ocrx_word' id='word_1_337' title='bbox 503 2775 635 2831; x_wconf 84' lang='lat' dir='ltr'><strong>Papa:</strong></span> <span class='ocrx_word' id='word_1_338' title='bbox 673 2772 863 2817; x_wconf 92' lang='lat' dir='ltr'><strong>«Nullus</strong></span> <span class='ocrx_word' id='word_1_339' title='bbox 896 2777 1115 2831; x_wconf 89' lang='lat' dir='ltr'><strong>episeopus</strong></span> <span class='ocrx_word' id='word_1_340' title='bbox 1149 2771 1323 2817; x_wconf 77' lang='lat' dir='ltr'><strong>clericos</strong></span> <span class='ocrx_word' id='word_1_341' title='bbox 1355 2787 1451 2817; x_wconf 87' lang='lat' dir='ltr'><strong>suos</strong></span> <span class='ocrx_word' id='word_1_342' title='bbox 1485 2773 1580 2830; x_wconf 86' lang='lat' dir='ltr'><strong>(nisi</strong></span> <span class='ocrx_word' id='word_1_343' title='bbox 1616 2774 1719 2815; x_wconf 81' lang='lat' dir='ltr'><strong>forte</strong></span> 
     </span>
     <span class='ocr_line' id='line_1_39' title="bbox 85 2843 1717 2903; baseline -0.002 -15"><span class='ocrx_word' id='word_1_344' title='bbox 85 2844 235 2903; x_wconf 90' lang='lat' dir='ltr'><strong>quibus</strong></span> <span class='ocrx_word' id='word_1_345' title='bbox 273 2845 648 2888; x_wconf 83' lang='lat' dir='ltr'><strong>ecclesiasticarum</strong></span> <span class='ocrx_word' id='word_1_346' title='bbox 703 2857 840 2888; x_wconf 81' lang='lat' dir='ltr'><strong>reruni</strong></span> <span class='ocrx_word' id='word_1_347' title='bbox 890 2847 1109 2889; x_wconf 89' lang='lat' dir='ltr'><strong>commissa</strong></span> <span class='ocrx_word' id='word_1_348' title='bbox 1161 2846 1281 2887; x_wconf 80' lang='lat' dir='ltr'><strong>tuerit</strong></span> <span class='ocrx_word' id='word_1_349' title='bbox 1326 2844 1596 2900; x_wconf 82' lang='lat' dir='ltr'><strong>dispensatio)</strong></span> <span class='ocrx_word' id='word_1_350' title='bbox 1641 2843 1717 2887; x_wconf 82' lang='lat' dir='ltr'><strong>sibi</strong></span> 
     </span>
     <span class='ocr_line' id='line_1_40' title="bbox 27 2915 534 2976; baseline -0.006 -17"><span class='ocrx_word' id='word_1_351' title='bbox 27 2972 29 2976; x_wconf 25' lang='grc' dir='ltr'>Ι</span> <span class='ocrx_word' id='word_1_352' title='bbox 86 2917 223 2959; x_wconf 92' lang='lat' dir='ltr'><strong>iurare</strong></span> <span class='ocrx_word' id='word_1_353' title='bbox 256 2915 534 2972; x_wconf 79' lang='lat' dir='ltr'><strong>compellat».</strong></span> 
     </span>
    </p>
   </div>
  </div>
 </body>
</html>
