1965 3240
163 138 232 173 548
352 136 436 170 LIB.
465 135 537 169 ΙΙΙ.
567 155 581 160 -
607 134 717 169 PARS
743 134 810 168 VI.
839 155 853 161 -
876 134 934 169 De
958 135 1067 168 bonis
1097 133 1288 167 Ecclesiae
1306 132 1596 176 ‘temporalibus

165 257 314 312 legitur
349 258 387 298 in
412 267 501 311 cap.
523 255 547 297 8
571 253 694 297 liuius
716 252 839 296 Tituli
862 251 1165 296 Decretalium:
1196 250 1416 294 «Alterius
1438 253 1562 294 etiam
1585 252 1787 308 quaestio·

163 330 225 370 nis
258 326 407 370 solutio
441 339 490 368 ex
526 323 698 381 epistola
730 323 878 367 Leonis
927 323 1059 379 Papae
1107 321 1317 377 colligitur
1364 321 1594 376 evidenter,
1634 323 1672 364 in
1705 332 1786 378 qua

163 398 332 454 legitur:
367 396 425 439 Ne
459 398 551 453 quis
583 394 812 451 Episcopus
844 394 895 437 de
929 393 1052 437 rebus
1101 391 1301 435 ecclesiae
1349 392 1579 449 quidquam
1614 391 1786 445 donare,

166 468 229 512 vel
267 472 516 524 permutare,
555 465 615 509 vel
655 465 835 508 vendere
868 465 1039 518 audeat,
1067 465 1143 505 nisi
1179 463 1281 505 sorte
1315 462 1470 519 aliquid
1495 462 1641 505 horum
1667 463 1788 506 saciat

161 544 202 583 ut
236 538 405 582 meliora
441 539 676 594 prospiciat,
710 540 750 579 et
782 549 877 579 cum
913 537 1035 578 totius
1067 533 1168 577 cleri
1213 538 1396 576 tractatu>
1422 538 1546 591 atque
1579 546 1782 576 consensu

164 610 203 654 id
239 610 378 666 eligat,
411 608 521 666 quod
557 621 636 650 non
671 609 722 650 sit
754 606 928 650 dubium
972 605 1173 649 ecclesiae
1223 604 1480 660 profuturum
1506 619 1545 645 )).
1581 603 1715 662 Atque
1748 605 1787 647 in

164 694 252 738 cap.
291 682 307 723 t
347 679 532 724 eiusdem
567 677 642 721 Tit.
679 680 718 720 in
753 676 974 720 6.⁰1n110c.
1000 674 1049 718 lV
1075 674 1269 731 reprobat
1293 674 1563 731 alienationes
1585 674 1788 718 bonorum

164 753 540 797 ecclesiasticorum
576 762 622 792 ea
655 749 706 792 de
739 761 863 792 causa
901 749 1205 803 «praesertim,
1240 759 1334 789 cum
1370 746 1544 789 evidens
1567 748 1790 789 necessitas

163 837 293 882 quare
318 824 404 865 lieri
439 821 531 878 (sic)
564 819 747 871 deberet,
785 819 848 862 vel
884 819 1038 862 utilitas
1071 830 1149 859 non
1184 816 1434 860 subesset».

283 893 457 936 Demum
492 893 530 934 in
566 896 727 934 extrav.
762 891 970 932 communi
1027 903 1046 928 c(
1071 887 1329 931 Ambitiosae
1354 902 1373 928 ›)
1417 899 1541 943 supra
1574 889 1698 930 citata
1731 889 1790 930 sic

163 967 363 1022 scriptum
399 964 658 1006 invenimus:
699 976 718 1001 ((
742 962 781 1004 Si
817 963 908 1017 quis
940 964 1077 1002 autem
1114 962 1256 1003 contra
1294 957 1415 1001 liuius
1454 963 1618 1001 nostrae
1653 957 1788 1015 prohi-

166 1036 331 1080 bitionis
363 1036 511 1077 seriem
548 1033 598 1075 «le
633 1031 749 1075 bonis
782 1036 822 1074 et
856 1029 978 1073 rebus
1011 1029 1166 1072 eisdem
1204 1028 1394 1086 (nempez
1430 1041 1536 1085 quae
1558 1031 1639 1072 sint
1676 1045 1698 1070 «
1721 1031 1792 1071 im-

166 1105 333 1150 mobilia
368 1109 408 1148 et
441 1106 618 1160 pretiosa
653 1101 820 1145 mobilia
855 1101 940 1144 Deo
974 1101 1124 1155 (licata,
1174 1113 1222 1143 ex
1273 1099 1424 1157 quibus
1456 1099 1669 1149 ecclesiae,
1705 1113 1791 1142 mo-

165 1179 359 1232 nasteria,
393 1180 432 1218 et
467 1177 530 1231 pia
565 1173 653 1217 loca
689 1177 891 1229 reguntur
939 1171 1306 1228 illustranturque,
1352 1175 1392 1213 01
1434 1184 1577 1213 eorum
1616 1172 1790 1214 ministri

164 1248 241 1292 sibi
276 1248 514 1290 alimoniam
552 1244 826 1298 vindicant»,
861 1256 955 1286 cum
995 1241 1311 1298 exceptionibus
1344 1240 1399 1284 ibi
1438 1240 1627 1298 adiectis)
1671 1241 1790 1298 quid-

165 1332 286 1375 quam
338 1317 519 1361 alienare
569 1316 935 1371 praesumpserint,
986 1312 1193 1367 alienatio,
1245 1311 1490 1368 hypotheca,
1526 1316 1602 1354 etc.
1641 1311 1792 1355 nulllus

165 1392 332 1433 omnino
365 1391 446 1431 sint
480 1386 639 1430 roboris
675 1385 739 1428 vel
775 1386 971 1427 momenti
997 1399 1044 1427 »t
1079 1383 1128 1426 Et
1161 1387 1464 1440 consequenter
1488 1383 1641 1426 dicitur
1665 1383 1789 1426 intra:

169 1477 191 1502 «
215 1460 481 1503 nihilominus
513 1457 716 1501 alienatae
749 1460 788 1499 et
823 1454 925 1498 bona
964 1454 1198 1497 huiusmodi
1222 1453 1273 1496 ad
1296 1453 1507 1507 ecclesias,
1544 1455 1792 1496 monasteria

165 1536 204 1575 01
238 1531 324 1574 loca
361 1532 440 1586 pia,
473 1528 523 1572 ad
558 1539 665 1585 quae
698 1531 792 1570 ante
826 1525 1117 1569 alienationem
1153 1524 1389 1567 huiusmodi
1437 1523 1711 1580 pertinebant,
1745 1523 1790 1566 li-

167 1602 264 1646 bere
297 1604 561 1644 revertantur
583 1614 621 1640 )).

283 1672 341 1716 Ex
378 1672 452 1714 hac
484 1670 655 1714 Exti-av.
691 1673 803 1712 recte
836 1666 1164 1711 concludebatur
1196 1667 1321 1710 fuisse
1354 1665 1658 1722 beneplacitum
1694 1677 1791 1721 apo-

165 1745 355 1788 stolicum
390 1742 669 1797 conditionem
694 1740 744 1782 ad
769 1740 1048 1795 praefatarum
1074 1737 1371 1781 alienationum
1397 1736 1667 1779 validitatem.
1691 1734 1793 1780 Cum

165 1820 302 1858 autem
324 1826 517 1870 praesens
535 1824 666 1855 canon
686 1823 765 1853 non
788 1811 1060 1863 restringatur
1078 1808 1128 1851 ad
1149 1821 1216 1851 res
1235 1807 1407 1851 mobiles
1427 1809 1638 1863 pretiosas,
1660 1811 1703 1849 ut
1720 1819 1794 1849 suo

167 1886 255 1929 loco
274 1885 513 1928 adnotatum
536 1884 623 1937 fuit,
638 1881 962 1936 Extravagantis
981 1881 1283 1935 praescriptum
1302 1883 1520 1922 extensum
1541 1880 1579 1920 in
1601 1890 1732 1934 praes·
1751 1876 1794 1931 §⁰

165 1958 429 2012 restringitur
461 1953 595 2012 quoad
632 1951 937 2008 beneplacitum
980 1964 1052 2006 per
1090 1963 1290 1993 canonem
1327 1949 1454 2004 1532,
1490 1949 1669 1992 addente
1701 1947 1793 2002 hoc,

166 2040 289 2085 quem
323 2029 677 2069 commentamur:
711 2023 759 2065 3⁰
791 2020 985 2064 Licentia
1004 2020 1198 2077 legitimi,
1234 2020 1360 2064 idest:
1395 2020 1445 2063 acl
1479 2032 1668 2062 normam
1702 2031 1792 2062 can.
1847 2024 1850 2028 ’

165 2100 233 2141 011.
268 2102 307 2140 01
341 2096 437 2151 534,
471 2098 496 2148 i}
534 2095 569 2148 l,
603 2092 854 2151 Superioris
887 2094 977 2135 sive
1010 2091 1249 2145 saecularis,
1283 2093 1374 2134 sive
1408 2090 1604 2146 religiosi,
1634 2091 1794 2132 etiamsi

165 2167 251 2211 sola
287 2170 485 2223 potestate
519 2166 777 2209 dominativa
810 2162 877 2206 hic
911 2164 1104 2219 potiatur,
1124 2162 1215 2204 sine
1238 2175 1320 2218 qua
1342 2160 1609 2217 singulariter
1631 2160 1796 2202 diversa

171 2253 193 2279 «
216 2237 379 2281 licentia
403 2252 442 2287 )),
465 2238 495 2279 si
522 2233 728 2278 alienatio
762 2232 857 2276 boni
891 2232 1160 2275 ecclesiastici
1186 2232 1270 2283 tiat,
1288 2230 1480 2273 invalida
1504 2235 1577 2274 est.
1602 2229 1708 2273 Hinc
1732 2242 1797 2272 res
1860 2228 1863 2229 ⁷

165 2308 318 2352 clamat
352 2322 423 2364 pro
458 2307 641 2360 domine,
676 2317 723 2347 ac
758 2303 932 2359 proinde
965 2316 1060 2346 cum
1095 2315 1219 2345 onere
1254 2303 1536 2344 restitutionis.

286 2378 396 2421 Haec
435 2379 511 2420 tria
554 2380 648 2419 sunt
680 2388 729 2417 ex
763 2376 852 2417 iure
895 2373 1116 2426 servanda,
1149 2372 1220 2415 sed
1267 2371 1318 2415 ab
1361 2371 1528 2414 homine
1571 2369 1794 2427 superaddi

166 2454 323 2506 queunt
358 2450 576 2504 praecepta
611 2445 864 2498 communia,
887 2442 949 2486 vel
977 2456 1048 2498 pro
1072 2442 1245 2498 singulis
1279 2441 1456 2496 casibus,
1481 2454 1528 2484 eo
1552 2441 1660 2497 quod
1685 2439 1796 2483 iubet

165 2521 191 2573 ἓ
221 2521 252 2561 2
286 2524 370 2561 tum
395 2518 620 2573 Superiori,
644 2520 730 2558 tum
765 2512 1064 2557 alienantibus:
1100 2512 1215 2555 aliae
1247 2525 1407 2570 qaoque
1438 2524 1510 2554 seu
1545 2510 1650 2553 ultra
1686 2522 1798 2566 prae-

166 2590 275 2633 dicta
309 2594 570 2646 opportunae
603 2599 682 2629 non
718 2598 790 2641 pro
825 2584 942 2626 libitu
977 2583 1168 2626 camelae
1200 2596 1249 2626 ex
1285 2584 1524 2636 intentione,
1561 2593 1685 2637 quam
1725 2593 1794 2624 ex-

166 2662 308 2717 primit
339 2659 379 2716 {¹
415 2660 518 2713 linis,
554 2656 602 2700 ab
636 2657 812 2714 ipsomet
846 2654 971 2697 idest:
1006 2654 1130 2697 dante
1174 2653 1381 2697 licentiam
1426 2651 1536 2695 illam
1571 2650 1798 2708 Superiore

165 2744 242 2788 pro
276 2730 454 2773 diversis
486 2727 700 2771 adiunctis
739 2725 1015 2782 (piarumdam
1061 2723 1125 2767 vel
1170 2725 1495 2779 uniuscuiusque
1538 2721 1797 2764 alienationis

164 2799 517 2858 praescribemlae
550 2799 781 2854 respective
815 2808 887 2852 per
920 2794 1052 2850 legem
1087 2799 1157 2837 aut
1193 2797 1457 2850 praeceptum
1487 2791 1548 2835 vel
1573 2791 1796 2834 ordinatio-

169 2885 278 2927 nem,
301 2885 352 2914 ize
384 2871 637 2915 omittantur
670 2870 709 2910 in
745 2867 861 2923 praxi
895 2878 917 2908 a
951 2863 1304 2919 contrahentibus,
1331 2866 1368 2906 in
1405 2862 1513 2906 bunc
1545 2874 1718 2918 scopum
1751 2865 1796 2903 at
