1965 3240
441 157 524 192 Tl'r.
552 157 640 192 XX.
667 179 679 184 -
708 159 763 194 De
788 160 891 194 verbi
917 161 1044 194 divini
1066 163 1357 205 praedit-atione
1641 167 1685 202 27

87 278 258 333 eiusque
293 278 537 320 necessitate
582 282 812 334 perspecta.
855 277 1223 324 Concionatoribus
1268 287 1401 325 tamen
1437 284 1627 328 (minibus
1660 286 1710 329 de

90 360 132 390 re
167 345 330 403 politica
365 349 402 389 in
438 347 625 391 ecclesiis
658 361 782 405 agere
816 351 983 392 omnino
1016 354 1055 392 et
1089 350 1274 395 absolute
1307 356 1355 395 sit
1394 357 1578 399 wtitum.

207 416 275 460 ⁶21.
308 415 451 473 Elegia
495 417 681 462 funebria
732 421 884 462 nemini
930 422 1106 463 recitare
1151 422 1208 463 tas
1241 429 1327 465 esto
1362 425 1435 465 nisi
1472 428 1639 479 praevio
1673 431 1709 468 et

88 486 286 543 explicito
334 500 534 530 consensu
583 485 809 544 Ordinarii‚
858 491 927 547 qui
976 490 1158 547 quidem,
1207 497 1425 547 antequam
1465 508 1708 538 consensum

88 557 297 614 praebeat,
333 560 480 614 poterit
514 559 636 602 etiam
672 562 840 616 exigere
876 565 917 603 ut
950 560 1026 604 sibi
1053 564 1377 618 manuscriptum
1404 564 1648 608 exhibeatur
1673 583 1711 609 ».

204 627 431 672 Enunciata
467 632 712 673 concionum
748 643 961 674 sacrarum
998 634 1183 679 materia,
1210 634 1248 675 in
1273 646 1429 677 canone
1471 638 1711 691 proponitur

59 699 291 755 complete
326 700 533 756 perlectus
567 700 833 756 praedicandi
870 701 1027 744 modus.
1062 700 1153 759 ἓξ).
1183 701 1324 745 Dicim'
1349 703 1561 754 z·e1·bi,seu
1587 719 1711 748 exan-

88 769 183 826 gelii
205 783 435 827 praecones
458 769 711 824 abstineam,
734 773 839 814 sicut
863 785 911 815 ex
938 774 1154 815 ministerii
1181 778 1323 816 natura
1351 775 1530 830 protluit,
1555 774 1594 831 a)
1616 789 1710 832 pro-

87 839 204 898 fanis
237 840 286 883 ad
324 853 408 883 rem
443 841 801 897 supernaturalem
838 855 916 885 non
962 842 1263 899 pertinentibus
1308 843 1349 900 b)
1392 850 1465 887 aut
1509 844 1713 888 abstrusis

90 912 224 954 t'orsan
260 910 503 967 theologicis
536 913 798 969 arywnemis
820 913 890 956 sed
916 927 1167 956 commanem
1194 913 1455 957 ‹mclientimn
1481 918 1518 958 in
1543 917 1714 972 singulis

88 980 252 1024 casibus
285 987 449 1040 captum
485 982 797 1033 excedentibus;
834 1000 854 1024 «
887 984 1157 1041 quamobrem
1192 988 1458 1029 concionator
1492 991 1570 1030 tam
1598 990 1634 1029 in
1657 1000 1715 1030 ra-

89 1053 353 1096 tiocinatione
386 1066 509 1110 quam
547 1056 584 1096 in
620 1053 785 1110 linguae
821 1068 894 1098 usu
928 1068 1017 1098 sese
1051 1058 1260 1099 communi
1305 1057 1539 1100 auditorum
1575 1061 1711 1112 captui

86 1123 330 1167 accomodet
353 1138 402 1177 »;
435 1137 540 1181 quae
573 1125 647 1168 dos
680 1127 718 1168 in
753 1128 864 1168 omni
899 1128 1144 1170 concionum
1194 1140 1346 1183 genere
1390 1141 1467 1171 non
1504 1133 1561 1171 est
1597 1131 1711 1184 parri

88 1196 302 1247 momenti,
335 1194 577 1252 adduntque
610 1194 790 1239 Normae
825 1195 882 1252 (n.
916 1195 1012 1252 ἵης
1062 1197 1239 1254 «quoad
1288 1211 1384 1241 vero
1427 1201 1629 1242 actionem
1666 1212 1712 1241 ac

78 1266 388 1320 recitationem,
437 1278 527 1308 eam
576 1265 769 1309 observet
813 1261 1056 1310 modestiam
1109 1273 1146 1310 et
1195 1271 1460 1324 gravitatem,
1508 1282 1614 1326 quae
1658 1269 1711 1312 illi

89 1337 285 1379 convenit
318 1338 387 1393 qui
424 1350 497 1393 pro
545 1336 706 1380 Christo
751 1337 955 1394 legatione
999 1338 1244 1394 fungitur».
1280 1339 1538 1396 Reprobatur
1576 1355 1596 1380 (ε
1620 1339 1714 1383 hinc

89 1405 156 1450 ille
189 1411 329 1463 gestus
362 1420 440 1450 non
475 1408 643 1451 sedatus
675 1413 713 1451 et
747 1411 901 1465 gravis,
936 1409 1006 1453 sed
1041 1409 1175 1467 qualis
1209 1412 1245 1452 in
1280 1423 1428 1454 scaena
1462 1413 1592 1454 autin
1618 1425 1712 1454 con-

87 1480 205 1521 cione
239 1478 428 1535 populari
462 1478 565 1522 solet
597 1481 722 1535 agi,...
773 1479 866 1523 illae
917 1482 1030 1524 vocis
1080 1481 1142 1524 vel
1195 1484 1457 1525 remissiones
1491 1482 1711 1528 molliores,

91 1549 152 1592 vel
187 1551 472 1593 contentiones
505 1552 711 1606 tragicae:
747 1549 847 1594 illud
882 1553 1080 1594 orationis
1112 1565 1242 1608 genus
1276 1555 1486 1609 proprium
1521 1552 1711 1609 epheme-

87 1619 284 1674 1·idum‚...
317 1620 498 1678 denique
533 1620 597 1664 illa
632 1625 683 1673 et,
727 1634 834 1678 quae
867 1621 918 1665 ab
951 1635 1093 1665 eorum
1141 1622 1347 1679 plerisque
1392 1628 1613 1679 usurpatur
1649 1638 1714 1665 vo-

87 1689 267 1734 lubilitas
300 1696 408 1734 tanta
446 1691 683 1746 verborum,
718 1705 797 1749 qua
843 1692 1071 1736 obtundant
1105 1693 1272 1751 quidem
1313 1707 1434 1737 aures
1467 1699 1505 1737 et
1538 1694 1713 1737 admira-

85 1764 238 1805 tionem
272 1768 467 1806 moveant
499 1763 777 1817 audientibus³¹
809 1764 879 1807 sed
916 1764 1013 1807 nibil
1052 1764 1112 1807 his
1157 1764 1249 1808 boni
1294 1766 1465 1809 atterant
1504 1768 1610 1823 quod
1647 1766 1714 1808 do-

89 1846 199 1876 mum
234 1837 508 1889 reportent».
545 1833 600 1877 lta
635 1834 786 1878 Beued.
824 1834 893 1877 ΡΙ).
930 1833 1002 1877 XV
1038 1838 1074 1878 in
1110 1841 1238 1879 const.
1273 1838 1340 1879 cit.

204 1903 276 1947 His
308 1903 502 1948 cohaeret
536 1917 666 1948 canon
691 1908 749 1949 sic
770 1919 1024 1963 prosequens
1047 1911 1084 1948 el
1108 1906 1393 1964 ecanyelicecm
1414 1907 1712 1958 me'nislerimn,

87 1977 145 2018 uti
178 1974 400 2031 Apostolus
447 1975 711 2020 Praedicator
762 1979 947 2020 veritatis
979 1977 1030 2020 de
1068 1980 1202 2034 seipso
1252 1980 1529 2021 testimonium
1582 1978 1713 2034 perbi-

87 2044 228 2089 bebat:
263 2045 304 2103 a)
336 2060 418 2089 rnon
450 2046 491 2089 in
524 2046 875 2104 persuasibilibus
919 2047 1126 2090 hnmanae
1168 2049 1405 2106 sapientiae
1451 2048 1596 2102 verbis,
1634 2062 1704 2091 seu

84 2118 190 2160 sicut
222 2119 391 2174 exponit
433 2120 609 2174 positive
651 2118 689 2161 S.
733 2117 882 2175 Congr.
926 2119 1115 2162 Consist.⁵
1153 2123 1205 2173 (n.
1253 2119 1349 2175 w:
1388 2135 1407 2160 «
1432 2119 1706 2163 Concionator

87 2200 183 2244 prae
226 2187 356 2232 oeulis
396 2202 562 2245 semper
604 2189 754 2233 babeat
786 2194 825 2232 et
859 2192 897 2233 in
934 2193 1093 2246 praxim
1139 2190 1314 2233 deducat
1353 2203 1458 2248 quae
1492 2193 1529 2233 5.
1567 2190 1708 2233 Hiero-

86 2271 234 2313 nymus
255 2258 483 2315 Nepotiane
507 2259 848 2304 commendabat:
889 2276 909 2298 f<
930 2260 1099 2304 Divinas
1132 2262 1365 2317 Scripturas
1398 2263 1563 2317 saepius
1598 2260 1709 2316 lege:

88 2331 169 2372 imo
203 2343 428 2387 numquam
464 2330 514 2374 sle
551 2330 741 2374 manibus
789 2333 869 2375 tuis
911 2344 1028 2375 sacra
1079 2332 1199 2375 lectio
1249 2332 1519 2388 deponatur...
1569 2332 1711 2374 Seiano

88 2399 318 2457 presbyteri
348 2401 655 2457 Scripturaruin
682 2401 858 2445 lectione
881 2402 1072 2446 conditus
1105 2405 1168 2446 sit.
1203 2402 1345 2445 Studio
1370 2407 1507 2445 autem
1533 2404 1711 2458 Scriptu-

87 2482 226 2513 rarum
259 2483 470 2530 sacrarum
507 2473 701 2527 iungatur
723 2473 904 2515 studium
933 2473 1095 2516 l'atrum
1121 2486 1167 2516 ac
1193 2472 1413 2515 Doctorum
1442 2472 1648 2515 Ecclesiae
1674 2489 1710 2516 ».

86 2539 135 2583 Et
169 2543 433 2598 prosequitur
465 2541 524 2584 n.⁰
560 2542 626 2585 23.
680 2558 699 2583 «
723 2542 947 2587 Citationes
990 2558 1035 2587 ac
1081 2546 1311 2586 testimonia
1362 2546 1609 2599 scriptorum
1644 2548 1710 2585 aut

86 2620 301 2655 auctorum
357 2613 622 2668 profanorum
676 2613 899 2657 sobrietate
948 2628 1108 2658 summa
1157 2614 1446 2660 adhibeantur,
1504 2613 1711 2669 :mittoque

88 2685 219 2739 magis
251 2682 359 2726 dicta
400 2683 719 2740 baereticorum,
768 2690 1048 2740 apostatarum
1099 2690 1136 2728 et
1183 2685 1434 2727 intidclium:
1486 2697 1708 2739 numquam

89 2766 188 2796 vero
222 2766 492 2810 personarum
529 2757 759 2798 viventium
794 2758 1060 2799 auctoritates
1096 2757 1366 2811 proterantur.
1405 2754 1521 2796 Fides
1544 2759 1580 2797 et
1607 2754 1710 2795 cliri-

87 2825 218 2867 stiana
253 2837 412 2866 morum
440 2823 629 2867 honestas
652 2837 731 2867 non
757 2824 818 2868 liis
841 2830 963 2882 egent
987 2824 1268 2868 adsertoribus
1301 2838 1346 2867 ac
1369 2823 1652 2867 ‹lct'ensmibus
1676 2843 1708 2864 ».

90 2892 202 2937 Haec
238 2893 364 2938 verba
408 2894 617 2951 explicant
658 2895 736 2939 alia
780 2898 967 2939 canonis:
1019 2895 1060 2952 b)
1097 2910 1174 2938 non
1212 2895 1250 2937 in
1283 2894 1464 2952 profano
1500 2894 1639 2935 inanis·
1673 2900 1709 2934 el

172 2982 270 3011 BLA'r
291 2998 310 3005 -
337 2983 458 3012 Comm.
487 2983 570 3012 Tem.
596 2983 672 3012 Cod.
695 2984 769 3012 Iur.
795 2986 876 3013 Can.
1592 2983 1625 3009 le
