1965 3240
519 178 601 212 Trr.
628 177 772 212 XXIV.
800 198 811 203 -
838 178 894 212 De
920 178 1009 221 fidei
1030 177 1273 222 profhssiom
1637 176 1706 211 375

84 300 307 356 Superiore
342 301 545 342 maiore»
582 299 688 354 tsscan.
725 298 821 350 198,
855 299 879 350 g
916 296 971 353 1),
1006 297 1171 353 quando
1211 313 1230 335 «
1256 296 1513 340 [nirersitas
1539 296 1601 339 rel
1637 296 1706 338 Fa-

84 370 216 415 cultas
257 369 459 413 catholica
505 369 721 425 religiosae
770 367 947 411 familiae
997 366 1250 424 (huiusmodi
1301 367 1378 423 cst)
1423 369 1657 409 concredita
1684 386 1703 406 »

87 440 195 498 (ean.
232 440 358 494 1376,
400 443 424 494 *ξ
458 440 514 497 2),
549 440 688 482 eim-re
727 439 967 482 alterutrius
1011 440 1241 494 respective
1289 437 1479 495 ‹leleqalo
1523 438 1571 481 ad
1618 437 1708 489 lior,

92 509 239 553 Beclor
258 512 421 567 proprie
442 508 739 553 Lfniver-sitatis
765 508 825 551 rel
845 507 1080 551 Facultan's
1104 508 1358 551 declaratum
1384 508 1432 549 ad
1459 521 1548 551 can.
1576 508 1707 552 137o:

85 606 142 611 —
164 594 303 623 eoram
329 579 503 623 Hectore
529 594 621 623 vero
641 580 851 636 praedicto
879 577 1177 623 Um'cersilalis
1213 577 1272 619 rel
1299 577 1534 620 Faeullalis·
1558 578 1707 625 viusre,

87 664 165 694 non
198 648 425 705 Ordinarii,
459 651 508 693 ad
545 650 621 694 lioc
655 650 859 707 delossum,
891 648 1154 707 professores
1187 663 1326 691 onmes
1358 651 1445 691 sine
1479 649 1711 705 disciplina-

88 735 178 765 rum
197 721 460 765 distinctione
483 734 585 778 quas
608 722 781 764 doceant
801 721 842 763 in
871 718 1153 763 Unie·ers·i!‹1le
1175 733 1247 761 seu
1272 718 1492 761 Facullale
1514 720 1712 762 cainonis-e

88 797 238 847 erecta,
275 793 315 848 t«
339 805 445 850 quae
478 794 675 835 canonica
706 794 942 835 constitutio
971 791 1064 835 Sedi
1099 790 1361 846 Apostolicae
1392 790 1709 846 1·ese1·vatui·»),

87 866 208 907 etiam
245 877 340 907 cum
382 863 664 919 derogatione,
698 865 729 906 si
774 875 893 906 casus
937 862 1111 915 adesset,
1151 878 1172 901 ((
1196 861 1399 917 1)ι;ειιίἑζιιῑιθ
1443 860 1544 917 legis
1589 863 1712 903 inter„

89 937 327 991 prelationis
351 947 429 992 qua
457 948 552 977 usus
589 934 680 977 l'ius
717 933 746 976 X
783 933 1011 977 declaravit
1046 935 1084 976 in
1118 932 1298 989 Epistola
1333 932 1468 975 (Iard.i
1497 931 1710 985 Fisclier¹,

88 1018 167 1048 non
201 1005 310 1062 adigi
345 1019 393 1048 eo
429 1005 570 1062 (supra
604 1006 689 1053 citsl
725 1004 831 1047 Motu
869 1006 1033 1061 proprio
1057 1003 1106 1047 ad
1134 1003 1419 1046 iusiurandtnn
1455 1003 1712 1057 Sacerdotes,

87 1079 156 1134 qui
190 1089 328 1120 sacras
361 1076 600 1132 disciplinas
635 1079 671 1118 in
706 1075 930 1119 Athenaeis
963 1064 1156 1118 civilibus
1191 1076 1435 1131 prolitentur
1458 1090 1496 1118 ».
1532 1073 1712 1130 Excepto

90 1149 215 1204 igitur
247 1147 437 1201 Rectore,
481 1150 550 1204 qui
602 1147 811 1203 praedicta
861 1145 1156 1202 «obligatione
1200 1149 1406 1188 tenetur»
1453 1144 1713 1187 solummodo

95 1220 254 1261 «initio
287 1220 464 1274 suscepti
516 1220 699 1261 muneris
722 1233 760 1271 ›>,
794 1219 920 1261 ceteri
965 1217 1163 1273 praedicti
1214 1216 1337 1258 initio
1371 1215 1570 1273 maiusque
1612 1230 1711 1257 anm

90 1288 334 1332 scholastici
368 1289 428 1332 rel
460 1288 606 1331 sallem
632 1289 759 1346 (quod
794 1289 961 1344 suflicit)
986 1288 1111 1331 finitio
1144 1287 1327 1344 suscepti
1365 1286 1575 1332 muneris:
1599 1287 1712 1329 item-

92 1375 169 1419 que
200 1361 283 1418 qui,
315 1360 504 1418 periculo
537 1359 665 1418 suem,
700 1374 778 1403 non
803 1365 936 1415 antea,
971 1359 1144 1416 singulis
1177 1358 1429 1401 academicis
1449 1357 1652 1414 {Jradibus
1677 1360 1714 1400 in

91 1445 180 1476 can.
218 1432 329 1475 ‘1380
365 1433 615 1486 memoratis,
653 1431 716 1474 vel
751 1433 872 1474 etiam
909 1433 947 1473 in
982 1431 1020 1473 S.
1054 1432 1265 1486 Scriptura
1300 1428 1525 1472 (tonantur.
1560 1428 1714 1472 Eadem

91 1505 216 1559 igitur
248 1505 477 1546 occasione.

211 1572 252 1615 ln
297 1572 405 1615 Motu
458 1575 622 1630 proprio
670 1576 835 1629 saepius
868 1575 991 1616 citato
1029 1573 1292 1616 «Sacrorum
1329 1572 1567 1614 Antistitum
1593 1586 1613 1610 »
1663 1569 1716 1613 le-

91 1646 203 1700 gitur
239 1642 318 1688 Vll.
359 1660 379 1684 «
404 1643 703 1706 Rneligiosarnm
739 1643 987 1687 tainiliarnm
1022 1644 1484 1699 Congregationunique
1534 1640 1716 1683 Modera-

93 1719 202 1758 tores
234 1720 272 1758 et
308 1714 503 1758 Doctores
534 1719 754 1771 antequam
791 1716 928 1757 ineant
960 1715 1140 1757 oilicium
1166 1729 1204 1753 ».
1240 1712 1281 1755 ln
1317 1724 1474 1755 canone
1509 1711 1608 1754 tales
1642 1711 1719 1754 Do-

93 1791 240 1835 ctores,
275 1788 350 1829 nisi
385 1785 475 1828 aliis
508 1799 556 1829 ex
593 1788 776 1828 numeris
801 1789 1030 1839 teneantur,
1065 1788 1159 1827 sunt.
1182 1785 1336 1835 omissi,
1361 1788 1398 1826 et
1424 1782 1556 1840 quoad
1584 1781 1719 1825 Mode-

97 1861 252 1900 ratores
284 1859 342 1900 sic
377 1858 676 1913 praescriptum
712 1861 794 1899 est:
829 1856 890 1898 9.⁰
919 1854 1069 1899 Coram
1097 1853 1505 1912 (*‹1pz'mlossenei·ali
1535 1852 1595 1896 vel
1633 1853 1724 1895 Pro-

96 1927 262 1971 vinciali
300 1927 360 1970 rel
392 1927 618 1985 Superiore
651 1932 693 1970 ut
729 1927 952 1984 plurimum
993 1928 1239 1969 «maiore»
1278 1926 1384 1980 (cau.
1421 1925 1517 1977 488,
1556 1923 1618 1980 70)
1653 1923 1724 1981 qui

95 2013 164 2043 eos
207 1999 436 2042 nominarit
488 2012 559 2056 per
601 1999 782 2057 aliquem
817 2012 866 2042 ex
904 1999 1049 2053 modis,
1083 2000 1199 2054 queis
1237 2014 1258 2037 ((
1282 1998 1324 2039 tit
1375 1998 1556 2053 provisio
1599 1996 1720 2038 oflicii

96 2070 365 2114 ecclesiastici
401 2069 632 2127 (can.148,
668 2072 692 2123 ,ξ
727 2069 784 2126 1),
808 2083 1000 2113 eormm’e
1031 2068 1222 2126 (leleqalo
1256 2070 1304 2111 ad
1342 2067 1433 2118 lioc,
1466 2066 1722 2123 designando

97 2141 272 2197 singulis
305 2143 343 2183 in
373 2140 551 2192 casibus,
575 2143 650 2183 nisi
686 2154 756 2197 per
791 2143 898 2196 ipsas
922 2142 1235 2184 constitutiones
1258 2142 1327 2181 aut
1350 2151 1397 2181 ex
1424 2137 1722 2180 consuetudine

100 2213 181 2254 iam
214 2213 265 2253 sit
298 2210 364 2254 ille
396 2211 708 2266 determinatus,
745 2210 992 2268 Superiores
1036 2209 1186 2253 locales
1219 2213 1288 2252 aut
1323 2210 1500 2251 maiores
1544 2207 1606 2249 in·
1630 2206 1724 2249 reli-

98 2280 293 2340 qi'om'bus
339 2281 639 2335 tantummodo,
672 2283 745 2325 etsi
790 2279 1191 2337 Congregationilms
1227 2277 1507 2331 clericalibus,
1552 2277 1722 2333 proinde

102 2355 284 2395 virorum
320 2354 442 2395 etiam
478 2365 556 2395 non
591 2356 894 2408 exemplorum.

217 2422 324 2477 Quid
358 2423 610 2466 servandum
646 2423 780 2480 quoad
816 2423 1045 2466 iterandam
1087 2422 1381 2478 professionem
1418 2419 1512 2462 iidei
1558 2424 1724 2476 prepter

101 2496 288 2537 iteratam
324 2506 490 2537 causam
526 2496 564 2536 in
607 2493 653 2551 ἕο
689 2486 732 2536 Ρ
765 2506 1019 2550 expressam,
1053 2493 1177 2536 edicit
1220 2495 1244 2546 ξ
1278 2495 1318 2534 ’3.
1358 2490 1452 2544 Qui,
1489 2490 1634 2548 priore
1667 2490 1724 2531 oi-

103 2566 209 2618 ticio,
244 2563 501 2608 beneticiove
534 2563 722 2617 dimisso,
757 2569 827 2607 aut
859 2564 1075 2620 dignitate,
1109 2562 1292 2621 quolibet
1326 2563 1566 2605 cessationis
1591 2560 1724 2605 niodo,

102 2648 200 2691 ergo
233 2648 366 2689 secus,
399 2637 430 2677 si
467 2637 579 2690 prius
614 2637 786 2678 retineat
821 2636 956 2678 t'orsan
991 2633 1271 2691 compatibile,
1297 2632 1417 2675 aliud
1450 2630 1624 2688 officinm
1664 2630 1726 2673 rel

107 2720 127 2746 ((
152 2705 232 2749 lato
265 2718 431 2748 sensu»
472 2718 509 2747 v.
545 2719 605 2761 gr.
640 2704 887 2748 consultoris
920 2705 1171 2759 dioecesani,
1214 2704 1278 2747 vel
1328 2719 1346 2743 <‹
1371 2704 1513 2745 stricto
1555 2714 1676 2743 sensu
1703 2716 1721 2741 »

106 2789 143 2820 v.
167 2789 228 2833 gr.
252 2776 486 2832 Superioris
520 2777 557 2818 in
593 2775 862 2832 religionibus
885 2775 1162 2824 clericalibus,
1189 2773 1249 2817 rel
1280 2772 1516 2829 beneficium
1547 2773 1727 2813 «stricto

221 2929 232 2950 1
259 2928 302 2962 31
331 2928 423 2962 Dec.
454 2928 556 2964 1910.
586 2927 662 2962 CO.
692 2926 763 2967 111,
797 2926 849 2960 19.
