1965 3240
300 174 383 208 Tl'r.
409 173 598 208 XXVIII.
624 193 635 198 -
663 173 720 208 De
747 175 856 208 bonis
882 173 1151 208 ecclesiasticis
1177 172 1513 206 administrandis
1658 171 1725 206 531

86 294 253 339 ditionis
286 295 507 349 rationum,
540 305 666 350 quam
701 291 875 348 singulis
918 293 1038 334 annis
1083 293 1345 345 missionarii,
1377 296 1542 334 servata
1586 291 1722 348 quoad

85 364 313 422 Regulares
335 362 471 408 Const.
513 363 762 407 «Romanos
797 362 1055 405 Pontitices»
1094 361 1261 418 (Leonis
1296 360 1385 404 xlll
1410 362 1433 403 8
1463 360 1554 404 Maii
1594 360 1725 418 1881)

88 436 262 481 Vicariis
294 434 398 490 App.
433 433 632 478 exhibere
666 437 873 477 tenentur.
908 431 996 476 Hac
1030 434 1189 475 ratione
1224 433 1406 488 profecto
1433 433 1503 475 liet
1528 437 1569 475 ut
1593 431 1727 475 eccle—

85 507 297 550 siasticum
341 507 637 561 patrimonium
673 508 961 558 conservetur,
1012 503 1323 546 benefactorum
1378 502 1568 546 voluntas
1617 507 1726 546 sarta

86 581 277 633 tectaque
309 578 373 630 sit,
409 575 549 619 litibus
592 579 632 618 et
663 575 861 619 abusibus
903 578 944 617 et
976 573 1224 629 corruptelis
1269 575 1332 616 via
1369 573 1727 629 praecludatur».

204 648 229 697 ξ
260 649 301 689 2.
327 645 445 689 Citra
464 645 744 704 aposloliemn
770 658 842 703 per
865 645 904 689 S.
927 643 1076 700 Congr.
1096 643 1453 697 Consistorialem,
1479 648 1521 686 ut
1548 643 1726 697 videtur,

85 717 312 769 indultum,
345 730 417 761 seu
452 719 765 761 concessionem
801 716 850 760 ad
886 728 1044 770 casum,
1078 715 1110 757 ii
1133 715 1274 758 clerici
1303 714 1364 757 vel
1392 714 1482 757 laici
1508 729 1532 756 α
1557 727 1729 757 ricimere

87 787 456 832 adiitim'stratoris
490 790 528 830 iu
570 786 788 831 «Consilio
812 803 830 829 ›>
859 785 1143 830 eoecludtmtm'
1166 799 1238 842 per
1278 785 1387 829 hunc
1413 797 1630 838 canonem,
1656 784 1728 842 qui

87 874 178 903 cum
214 857 447 903 Ordinario
485 858 579 907 loci,
614 863 655 902 et
688 872 782 902 cum
818 858 958 915 plures
989 859 1048 900 sic
1098 861 1301 900 vocentur
1335 858 1372 899 in
1407 856 1582 912 singulis
1615 856 1727 898 dioe-

87 931 263 986 cesibuS,
299 930 659 986 interpretandum
708 943 840 973 «cum
877 929 1105 986 praeside»
1144 926 1312 972 Consilii
1349 930 1515 970 nomine
1547 929 1726 984 proprio,

85 1002 224 1061 primo
246 1001 310 1045 vel
335 1000 514 1044 seeundo
536 1003 572 1043 in
594 1001 793 1044 alterutra
815 1000 921 1044 linea
940 998 1327 1057 eonscmyui'nitalis
1347 998 1410 1041 rel
1429 998 1575 1041 eodem
1596 997 1728 1055 ulliae?-

90 1073 191 1123 Παίς
218 1071 357 1130 yradec
390 1076 634 1128 computato
668 1071 718 1114 ad
754 1083 942 1114 normam
976 1081 1064 1114 can.
1107 1071 1160 1112 96
1185 1072 1237 1124 §g
1262 1069 1301 1124 ⁶2,
1327 1069 1365 1124 3,
1390 1067 1604 1111 coniuncti
1626 1067 1726 1112 sint.

206 1142 264 1187 De
298 1156 471 1186 munere
514 1144 686 1198 praefati
722 1140 889 1186 Consilii
922 1141 991 1185 dat
1024 1153 1211 1184 normam
1265 1139 1447 1183 textibus
1498 1141 1633 1182 citatis
1667 1138 1728 1181 ln-

87 1217 360 1259 structionum
396 1215 435 1258 S.
469 1213 597 1270 Coug.
633 1214 683 1257 de
720 1213 838 1269 Prop.
873 1212 972 1256 Fide
1004 1213 1259 1255 conformem
1293 1211 1321 1269 ξ
1352 1213 1395 1255 3.
1420 1210 1521 1254 Loci¹
1548 1209 1728 1269 Ordina-

87 1286 193 1338 νίας,
228 1291 310 1330 tam
346 1288 594 1342 praecipuus
634 1287 670 1327 in
707 1285 901 1339 dioecesi,
948 1296 1071 1342 quam
1123 1283 1240 1337 alius,
1276 1283 1318 1325 in
1368 1281 1729 1325 admz‘nz'siratim‘s

89 1356 248 1400 actibus
281 1359 394 1401 iuxta
429 1356 534 1399 tituli
571 1357 900 1412 inscriptionem,
948 1355 1018 1398 sed
1054 1354 1230 1397 maioris
1262 1353 1462 1396 momenti
1493 1367 1542 1396 ex
1574 1352 1727 1396 iudicio

89 1429 315 1485 prudentis,
354 1426 586 1470 Consilium
621 1425 1026 1481 administrationis,
1059 1428 1118 1469 sic
1153 1425 1252 1468 illud
1279 1429 1441 1481 oportet
1465 1423 1640 1467 iuridice
1662 1436 1727 1465 vo-

89 1511 198 1554 care,
232 1499 427 1542 addendo
451 1498 761 1550 dioecesanum,
805 1497 972 1555 quando
1005 1499 1055 1540 sit
1088 1510 1194 1553 opus
1229 1495 1279 1539 ab
1313 1495 1392 1538 alio
1425 1494 1548 1538 simili
1584 1495 1726 1538 distin—

90 1584 217 1627 guere
253 1569 368 1624 illud,
405 1568 627 1612 videlicet:
662 1569 766 1612 duos
787 1568 848 1612 vel
871 1568 1010 1625 plures
1035 1571 1146 1611 viros
1171 1567 1355 1621 idoneos,
1380 1566 1531 1624 quibus
1554 1570 1728 1620 constat,

89 1642 344 1685 coadunatos
379 1640 455 1684 sub
488 1638 715 1685 Ordinario
749 1639 940 1697 praeside
975 1639 1083 1697 (cau.
1120 1639 1216 1693 105,
1254 1638 1317 1692 2⁰)
1353 1636 1505 1681 (medire
1528 1651 1579 1680 pe
1607 1650 1727 1694 prue-

91 1711 298 1754 terminat
331 1725 382 1754 ex
416 1713 587 1754 canonis
622 1715 843 1767 praecepto
872 1715 916 1754 et
948 1711 1117 1768 quidem
1162 1709 1212 1753 ad
1248 1713 1364 1752 actus
1402 1708 1724 1751 administrativi

63 1774 362 1830 'validitatem
397 1795 493 1825 cum
526 1782 793 1825 distinctione
827 1781 1118 1838 applicationis
1157 1786 1261 1825 cam.
1314 1780 1407 1835 105,
1443 1778 1486 1821 1⁰
1524 1792 1572 1821 eo
1614 1778 1725 1835 quod

89 1852 299 1897 subditur:
335 1851 460 1895 huius
496 1857 633 1895 tamen
667 1850 835 1896 Consilii
868 1851 1036 1895 sodales
1068 1855 1372 1909 cousequenter
1405 1855 1542 1893 votum
1576 1848 1726 1891 liabent

91 1929 254 1967 tantum
287 1922 582 1977 consullivzcm,
605 1923 692 1966 nisi
725 1924 766 1980 a)
790 1923 884 1966 iure
907 1922 1115 1966 conionum
1137 1921 1302 1966 Codicis
1321 1926 1360 1964 et
1382 1920 1724 1978 subsequentium

91 1995 229 2051 legum
262 1994 306 2036 in
329 1993 494 2036 casibus
517 1993 779 2051 specialiter,
797 1997 855 2037 uti
880 2007 1050 2037 normae
1074 1992 1403 2049 exceptionibus,
1429 1991 1640 2048 &pressis
1664 1989 1727 2033 vel

92 2065 133 2121 b)
167 2078 218 2107 (ἤι’
252 2063 405 2107 tabulis
438 2063 710 2121 fundationis
743 2064 919 2108 alicuius
951 2064 1306 2108 administrandae
1336 2076 1477 2105 eorum
1502 2075 1726 2105 consensus

92 2135 302 2192 eoeiyatur.
337 2134 456 2189 Quod
492 2140 627 2191 posset
651 2138 892 2191 contingere
911 2137 950 2178 in
985 2137 1120 2179 causis
1145 2137 1235 2191 piis,
1271 2136 1437 2190 vigente
1471 2132 1634 2183 Codice,
1661 2132 1723 2175 vel

93 2208 132 2249 in
167 2219 260 2249 eum
296 2205 654 2262 praecedentibus,
686 2208 718 2249 si
744 2208 974 2263 requireret
995 2219 1244 2250 consensum
1271 2204 1412 2248 talium
1438 2216 1724 2261 personarum,

93 2276 235 2334 quales
265 2275 520 2333 subintelligi
555 2281 721 2332 possent
757 2276 813 2319 illi
853 2277 1111 2320 «sodales».

211 2350 236 2402 ἓ
267 2350 310 2390 4.
345 2346 519 2391 Sotiates
543 2346 668 2390 liuius
690 2346 869 2391 Consilii
886 2361 1035 2404 nempe
1063 2363 1083 2389 ((
1103 2348 1473 2391 administrationis
1493 2361 1531 2400 n,
1555 2345 1724 2389 excluso

94 2418 266 2475 proinde
301 2418 503 2475 praeside,
536 2417 836 2462 iusiurandum
868 2431 963 2462 cum
1001 2431 1097 2462 vera
1131 2418 1201 2461 sed
1238 2417 1364 2461 libera
1395 2416 1570 2460 formula
1605 2421 1644 2460 et
1675 2415 1726 2458 de

96 2502 275 2538 nzzcnere,
309 2489 419 2546 quod
454 2491 493 2532 iu
535 2488 563 2547 ἓ
607 2489 870 2545 praecedenti
907 2491 982 2532 fuit
1015 2489 1287 2543 declaratum,
1322 2488 1421 2530 bene
1452 2501 1501 2530 ac
1542 2486 1725 2543 fideliler

94 2560 144 2604 ad
179 2572 366 2603 normam
400 2572 489 2604 can.
527 2560 624 2616 105,
659 2561 704 2605 3⁰
738 2559 1008 2618 adimplendo
1042 2574 1183 2604 coram
1216 2558 1449 2603 Orclt'nario
1485 2559 1576 2613 loci,
1606 2560 1724 2601 cuius

95 2636 155 2675 est
192 2628 515 2685 «Consilium»,
548 2630 743 2673 emittant
777 2631 904 2674 semel
939 2636 1033 2674 ante
1069 2632 1251 2673 muueris
1284 2631 1545 2672 exercitium.

214 2701 310 2744 435.
344 2702 607 2747 inferiores
639 2703 1068 2748 administratores
1101 2714 1189 2745 esse
1224 2703 1312 2744 iure
1347 2701 1602 2743 necessarios
1624 2699 1724 2741 dicit

95 2786 184 2816 cap.
221 2773 347 2826 1521,
382 2784 558 2828 quorum
582 2771 802 2828 qualitates
830 2774 924 2815 iam.
949 2771 1077 2816 Clem.
1117 2788 1134 2811 (ι
1157 2771 1262 2826 Quia
1287 2773 1485 2826 contingit
1506 2786 1525 2810 »
1551 2770 1563 2791 ¹
1583 2771 1723 2811 statuit

215 2927 225 2948 1
253 2925 344 2970 Cap.
373 2925 395 2958 2
421 2924 486 2959 tit.
516 2924 571 2958 XI
597 2924 683 2959 Lib.
711 2924 771 2958 ΙΙΙ
798 2925 838 2959 in
867 2924 986 2960 Clem.
