1965 3240
504 147 588 182 '1¹1'r.
616 146 709 181 XII.
737 167 749 171 -
776 146 832 180 De
857 146 1061 190 sepultura
1089 147 1342 180 ecclesiastiea
1691 144 1736 179 75

154 267 239 304 cm.
274 264 372 300 1206.
405 286 420 292 -
450 269 480 307 ξ.
515 265 570 299 lus
604 269 653 299 est
692 263 882 298 catholicae

108 315 279 352 Ecclesiae
296 313 491 360 possidendi
511 314 647 357 propria
662 310 879 346 coemeteria.

154 367 173 405 ξ
201 362 232 397 ³2.
262 360 378 396 Sicubi
409 360 470 395 hoc
505 359 675 394 Ecclesiae
702 358 754 392 ius
783 357 884 392 viole-

107 415 162 445 tur
188 421 250 445 nec
278 419 355 453 spes
381 408 425 442 sit
453 412 487 442 ut
520 406 658 441 violatio
696 410 884 451 reparetur,

107 462 229 493 curent
273 457 424 491 locorum
453 453 632 489 Ordinarii
662 458 695 488 ut
723 457 888 487 coemete-

108 505 170 546 ria,
209 503 381 539 societatis
415 502 527 537 civilis
565 501 714 547 propria,
746 499 885 535 henedi-

106 557 242 592 cantur,
269 551 310 595 si⁷
340 550 397 595 qui
427 549 461 583 in
481 549 530 583 eis
548 549 648 583 condi
672 548 796 590 solent⁷
816 547 886 581 sint

108 599 238 635 maiore
275 609 314 633 ex
357 601 450 643 parte
477 596 649 637 catholici,
677 600 735 630 aut
763 595 885 628 saltem

109 652 145 682 ut
185 647 218 681 in
259 646 308 681 eis
348 643 505 679 catholici
540 643 691 688 spatium
721 642 884 685 habeant,

108 695 212 740 idque
238 692 473 733 benedictum,
501 691 565 725 sihi
594 695 819 724 reservatum.

156 745 175 784 ξ
201 742 233 775 3.
265 740 298 775 Si
327 750 370 775 ne
397 739 461 773 hoc
487 738 626 783 quidem
647 737 794 772 obtineri
814 748 888 782 pos-

107 789 162 830 sit,
189 788 289 823 toties
314 787 449 833 quoties
469 785 733 820 benedicantur.
764 795 888 819 secuu-

108 837 191 871 dum
230 836 317 870 ritus
344 834 380 868 in
409 833 561 878 probatis
597 832 765 877 liturgicis
792 831 889 866 libris

109 883 265 924 traditos,
294 881 422 925 singuli
451 880 589 915 tumuli.

156 930 241 966 CAN.
276 930 374 964 1207.
419 950 434 954 —
476 928 573 971 Quae
611 927 652 962 (le
692 926 888 965 interdicto,

108 977 306 1020 violatione,
347 975 628 1012 reconciliatione
663 974 887 1009 ecclesiarum

109 1036 261 1061 canones
301 1023 554 1070 praescribunt,
589 1022 694 1057 etiam
722 1025 888 1056 coemete-

110 1073 172 1108 riis
197 1071 431 1118 applicentur.

158 1118 242 1155 CAx.
276 1119 374 1154 12⁰8.
405 1138 420 1145 -
450 1122 469 1160 ξ
498 1117 528 1152 l.
572 1116 751 1152 Paroeciae
786 1126 887 1150 suum

111 1178 268 1213 quaeque
317 1165 561 1201 coemeterium
612 1164 775 1202 habeant,
821 1163 886 1197 nisi

111 1226 221 1250 unum
252 1214 408 1260 pluribus
434 1223 620 1248 commune
638 1212 681 1246 ab
701 1210 890 1247 Ordinario

111 1263 173 1298 loci
202 1263 246 1296 sit
273 1262 425 1307 legitime
455 1260 697 1296 constitutum.

159 1314 177 1352 ξ
205 1310 237 1344 ’2.
280 1308 441 1353 Religiosi
480 1309 628 1352 exempti
660 1310 804 1353 possunt
832 1306 890 1340 ha-

111 1357 192 1392 bere
230 1356 473 1392 coemeterium
516 1355 707 1401 proprium,
748 1366 767 1388 a
798 1364 890 1388 com-

112 1405 208 1439 muni
237 1405 444 1440 coemeterio
470 1403 689 1437 distinctum.

159 1456 178 1494 §
205 1452 236 1486 3.
268 1451 378 1487 Etiam
406 1451 485 1486 aliis
514 1449 669 1496 personis
701 1447 892 1483 moralibus

112 1500 163 1534 vel
193 1499 335 1534 familiis
363 1498 505 1544 privatis
534 1496 683 1543 permitti
715 1500 823 1542 potest
848 1495 891 1530 ab

113 1546 301 1583 Ordinario
348 1546 410 1581 loci
458 1546 630 1591 peculiare
676 1543 890 1590 sepulcrum,

112 1599 208 1630 extra
240 1605 425 1629 commune
452 1592 697 1628 coemeterium
728 1591 891 1637 positum,

112 1646 144 1678 et
170 1642 212 1676 ad
242 1642 352 1676 instar
377 1639 573 1677 coemeterii
602 1639 838 1674 benedictum.

161 1689 246 1725 (jis.
281 1687 380 1723 1209.
413 1709 428 1714 -
454 1692 473 1730 ξ
504 1688 528 1723 l.
558 1687 645 1722 Tum
688 1686 721 1720 in
761 1696 894 1721 coeme-

114 1737 210 1771 teriis
238 1736 502 1782 paroecialibus,
531 1746 569 1770 ex
598 1733 735 1769 licentia
765 1733 894 1779 scripta

115 1782 292 1819 Ordinarii
323 1783 384 1819 loci
413 1783 529 1818 eiust-e
564 1781 726 1826 delegati,
754 1786 827 1816 tum
858 1780 893 1814 in
918 1805 921 1810 .

113 1831 318 1867 coemeterio
349 1831 486 1877 proprio
511 1830 601 1865 alius
630 1839 796 1874 personae
824 1840 893 1863 mo-

114 1879 207 1917 ralis,
238 1890 275 1914 ex
305 1879 446 1914 licentia
471 1878 599 1923 scripta
627 1876 834 1922 Superioris.
858 1875 894 1910 fi-

115 1926 209 1962 deles
234 1926 299 1961 sibi
327 1926 469 1971 suisque
487 1930 661 1961 exstruere
682 1928 826 1969 possunt
845 1934 895 1958 se-

116 1974 237 2020 pulcra
265 1973 511 2019 particularia;
540 1983 641 2018 quae.
663 1972 704 2007 (le
722 1982 895 2006 consensu

113 2021 268 2056 eiusdem
297 2019 476 2055 Ordinarii
504 2025 564 2055 aut
590 2018 799 2065 Superioris,
822 2030 896 2064 pos-

116 2074 197 2104 sunt
224 2079 361 2114 quoque
386 2068 552 2103 alienare.
730 2069 732 2071 '

1006 267 1024 304 ς
1035 262 1066 296 9.
1079 261 1243 308 Sepulcra
1256 264 1471 297 sacerdotum
1484 268 1513 297 et
1531 263 1734 297 clericorum

959 310 1015 344 ubi
1058 310 1128 344 lieri
1170 314 1287 353 potest,
1315 323 1330 344 a
1364 311 1531 355 sepulcris
1570 310 1735 345 laicorum

958 361 1117 402 separata
1161 357 1229 390 sint
1256 369 1294 391 ac
1321 358 1516 391 decentiore
1548 358 1618 391 loco
1645 357 1737 398 sitam,

959 409 1146 450 praeterea,
1192 403 1248 437 uhi
1290 405 1320 438 id
1365 405 1583 439 commodum
1627 405 1736 443 luerit,

957 451 1027 486 alia
1055 462 1113 496 pro
1139 451 1386 486 sacerdotibus
1416 452 1485 486 alia,
1514 464 1572 497 pro
1601 452 1738 486 inferio-

960 499 1006 532 ris
1045 498 1178 532 ordinis
1218 498 1387 534 Ecclesiae
1419 499 1588 533 ministris
1617 510 1737 545 paren—

960 551 1026 580 tur.

1008 597 1026 635 §
1058 593 1088 626 3.
1133 592 1241 627 Etiam
1288 592 1476 627 infantium
1521 593 1736 638 corpuscula,

960 645 1133 685 quatenus
1160 641 1339 675 commode.
1368 640 1437 673 lieri
1470 646 1589 685 potest.
1609 640 1738 685 specia-

962 687 1009 722 les
1035 691 1065 722 et
1095 692 1271 732 separatos
1297 687 1340 721 ab
1367 687 1445 722 aliis
1477 688 1604 721 loculos
1630 693 1660 721 et
1688 699 1737 722 se-

964 735 1120 780 pulturas
1149 735 1311 769 babeant.

1010 782 1093 816 (IAN.
1130 781 1230 816 1210.
1250 802 1270 807 -
1291 782 1477 824 Quodlibet
1496 782 1738 816 coemeterium

962 830 1005 864 sit
1033 829 1187 874 undique
1213 834 1291 875 apte
1317 829 1473 864 clausum
1501 834 1533 863 et
1559 834 1656 864 caute
1683 840 1739 863 cu-

962 877 1141 912 stoditum.

1011 924 1096 959 CAN.
1120 923 1219 958 1211.
1240 945 1256 948 -
1287 922 1437 959 Caveant
1461 924 1638 958 (lrdinarii
1658 924 1743 958 loco-

962 983 1053 1013 rum.
1087 971 1225 1017 parochi
1253 983 1291 1006 ac
1328 970 1542 1016 Superiores.
1584 972 1623 1005 ad
1658 982 1742 1016 quos

963 1023 1108 1064 spectat,
1148 1030 1189 1053 ne
1230 1018 1264 1052 in
1305 1019 1519 1053 coemeteriis·
1553 1018 1742 1063 epitaphia,

963 1066 1181 1101 laudationes
1201 1066 1362 1101 funebres
1381 1071 1593 1111 ornatusque
1622 1077 1742 1100 monu-

965 1119 1161 1148 mentorum
1202 1114 1393 1159 quidquam
1439 1125 1518 1158 prae
1556 1125 1590 1148 se
1632 1113 1741 1147 serant

963 1173 982 1196 a
1009 1161 1178 1196 catholica
1213 1161 1379 1206 religione
1413 1172 1451 1195 ac
1490 1161 1613 1205 pietate
1643 1160 1743 1195 ahso-

965 1220 1062 1243 num.

1012 1255 1096 1291 Cn.
1118 1255 1217 1290 1212.
1239 1276 1255 1281 -
1274 1255 1410 1290 Praeter
1425 1255 1668 1290 coemeterium
1688 1254 1743 1290 be-

964 1304 1143 1338 nedictum
1180 1303 1279 1343 alius,
1321 1303 1346 1337 si
1390 1303 1505 1337 haberi
1548 1307 1663 1348 queat,
1701 1302 1743 1336 sit

966 1351 1069 1391 loeus,
1109 1351 1249 1385 clausus
1292 1350 1371 1385 item
1401 1356 1432 1385 et
1459 1350 1663 1389 custoditus,
1685 1349 1742 1384 ubi

965 1399 986 1432 ii
1015 1399 1205 1434 humentur
1232 1398 1358 1444 quihus
1385 1398 1563 1444 sepultura
1585 1397 1744 1432 ecclesia-

965 1446 1051 1481 stica
1079 1458 1148 1481 non
1177 1446 1388 1481 conceditur.

1014 1494 1097 1529 (Lm.
1145 1493 1243 1528 1213.
1278 1515 1293 1518 -
1324 1492 1463 1527 Nullum
1500 1504 1623 1538 corpus
1650 1502 1744 1537 sepe-

968 1541 1084 1582 liatur,
1127 1541 1330 1587 praesertim
1371 1540 1396 1574 si
1433 1551 1524 1575 mors
1563 1540 1745 1585 repentina

969 1589 1084 1629 fuerit,
1129 1588 1194 1622 nisi
1237 1593 1310 1634 post
1350 1599 1542 1629 congruum
1580 1586 1746 1632 temporis

967 1636 1204 1677 intervallum,
1232 1636 1322 1681 quod
1358 1636 1441 1670 satis
1468 1635 1509 1669 sit
1537 1635 1577 1669 ad
1606 1645 1745 1668 omnem

969 1695 1108 1730 prorsus
1148 1684 1189 1719 de
1232 1694 1310 1719 vero
1352 1683 1447 1717 obitu
1490 1681 1745 1717 dubitationem

967 1731 1169 1766 tollendam.

1015 1778 1097 1813 CAN.
1131 1777 1230 1813 1214.
1264 1799 1279 1803 -
1308 1781 1326 1821 ,ξ’
1359 1778 1386 1812 l.
1417 1776 1556 1812 Nullum
1600 1776 1747 1810 cadaver

969 1831 1153 1872 perpetuae
1179 1822 1376 1871 sepulturae
1402 1823 1653 1859 ecclesiasticae
1672 1822 1746 1858 ubi-

969 1874 1020 1908 vis
1059 1874 1224 1908 traditum
1264 1873 1453 1908 exhumare
1496 1872 1585 1911 licet,
1614 1870 1678 1905 nisi
1706 1870 1747 1905 de

968 1921 1109 1956 licentia
1135 1920 1328 1957 Ordinarii.

1017 1972 1036 2010 ξ
1063 1969 1096 2004 9..
1127 1967 1337 2004 Ordinarius
1366 1966 1542 2002 licentiam
1563 1976 1746 2010 nunquam

969 2017 1148 2055 concedat,
1188 2016 1214 2050 si
1255 2016 1401 2050 cadaver
1426 2014 1470 2049 ab
1495 2013 1574 2048 aliis
1599 2012 1748 2058 corpori—

970 2063 1034 2098 bus
1060 2068 1152 2099 certc
1178 2063 1327 2099 discerni
1356 2066 1516 2107 nequeat.

236 2187 303 2230 61.
340 2189 596 2244 Inscriptio
624 2188 812 2243 Capitis
846 2186 1069 2241 ordoque
1102 2196 1356 2228 canonum.
1392 2178 1747 2223 Considerandum

117 2263 177 2302 est
211 2260 337 2314 igitur
374 2256 508 2315 Caput
542 2256 571 2300 Ι.
612 2256 668 2300 De
702 2255 975 2305 coemeteriis,
1011 2254 1120 2311 quod
1173 2252 1346 2296 verbum
1399 2251 1506 2294 idem
1551 2253 1666 2292 sonat
1701 2261 1747 2291 ac

117 2329 407 2372 dormitorium
433 2333 472 2372 et
497 2333 621 2381 recte,
640 2341 733 2371 cum
762 2330 873 2370 iuxta
909 2326 1033 2369 tidem
1071 2324 1260 2367 mortalia
1296 2328 1432 2365 nostra
1467 2333 1640 2377 corpora
1665 2333 1750 2362 sur-

118 2405 282 2445 rectura
321 2402 402 2443 sint
446 2399 710 2454 immortalia,
747 2401 1049 2455 proptereaque
1085 2395 1129 2438 D.
1164 2393 1350 2437 Paulus1
1401 2393 1452 2435 de
1488 2393 1659 2434 mortuis
1694 2389 1748 2432 lo·

118 2485 262 2530 quens,
304 2470 432 2515 verbo
484 2490 498 2509 «
525 2468 871 2513 dormientibus»
912 2481 1009 2511 usus
1043 2471 1114 2509 est.
1139 2465 1425 2509 Communiter
1453 2463 1749 2506 coemeterium

119 2544 310 2599 designat
339 2558 357 2583 «
385 2542 518 2585 locum
545 2541 786 2597 deputatum
813 2538 1063 2595 recipiendis
1087 2537 1300 2580 hominum
1326 2533 1618 2585 cadaveribus,
1638 2544 1750 2587 prae·

119 2617 263 2658 sertim
298 2627 371 2671 per
405 2612 731 2656 inhumationem
759 2627 795 2652 ›>.
832 2611 870 2653 ln
908 2612 996 2653 iure
1030 2613 1166 2652 autem
1213 2609 1412 2651 canonico
1451 2606 1749 2649 coemeterium

119 2685 283 2729 deliniri
321 2688 470 2741 potest:
510 2682 685 2726 «Locus
718 2683 964 2726 auctoritate
998 2679 1190 2735 Episcopi
1226 2678 1486 2731 benedictus,
1513 2678 1549 2718 in
1584 2688 1664 2731 quo
1688 2687 1748 2717 se-

122 2755 334 2812 peliuntur
367 2754 574 2798 cadavera
608 2752 909 2797 catholicorum
944 2753 1009 2808 pie
1042 2749 1334 2793 decedentium
1360 2764 1398 2789 ».
1434 2746 1593 2789 Dicitur
1616 2750 1752 2787 (melo-

242 2910 253 2932 1
281 2909 300 2943 1
326 2908 374 2943 ad
400 2908 557 2943 Thesal.
586 2907 653 2951 IV,
684 2907 738 2941 13.
