1965 3240
167 155 236 190 606
876 163 1077 189 ADDENDA

161 274 262 310 deles
286 276 381 309 sunt
405 285 473 318 per
498 273 718 307 animarum
743 277 934 318 pastores,
962 284 1115 307 necnon
1141 272 1399 308 confessarios
1419 285 1464 308 ac
1489 274 1790 319 praedicatores,

162 336 207 368 ut
223 336 348 368 sacris
365 333 615 368 concionibus
640 331 867 377 frequenter
892 335 1077 368 intersint
1103 331 1272 366 ubilibet
1298 332 1401 367 istae
1417 324 1666 369 habeantur.
1696 334 1791 380 Opti

161 404 269 427 mum
294 391 620 426 commentarium
645 394 706 425 est
731 384 964 435 responsum
993 391 1030 426 S.
1061 390 1101 425 O.
1131 390 1177 425 de
1203 390 1318 436 Prop.
1347 391 1443 426 Fide
1461 393 1473 414 1
1500 391 1548 426 ad
1567 393 1783 437 quesitum:

168 466 183 481 α
198 450 246 484 Se
264 461 468 494 convenga
484 448 686 494 obbligare
704 452 811 483 sotto
836 453 947 483 reato
972 449 1011 483 di
1037 449 1148 493 colpa
1174 449 1186 482 i
1212 449 1393 484 cristiani
1419 449 1491 484 che
1517 462 1596 485 non
1621 462 1790 496 possono

161 509 330 544 ascoltar
354 508 392 542 la
416 508 545 542 Messa
570 519 638 552 per
662 519 876 542 mancanza
901 508 941 542 di
967 507 1172 550 sacerdoti,
1202 507 1251 542 ad
1285 508 1528 543 intervenire
1562 509 1627 544 nei
1658 510 1790 555 giorni

161 567 298 602 festivi
333 567 519 612 invluogo
544 566 584 600 di
610 578 696 601 essa
720 566 797 601 alle
823 567 885 612 pie
911 566 1115 601 adunanze
1141 566 1211 601 che
1238 567 1272 601 si
1298 571 1472 611 tengono
1497 567 1560 602 dai
1584 568 1716 603 fedeli.
1745 590 1789 595 —

167 627 208 662 R.
237 626 453 661 Monendos
478 625 627 669 fideles,
656 625 723 671 qui
749 626 791 660 in
818 626 1016 671 proposito
1043 637 1136 660 casu
1161 626 1323 660 Missam
1348 626 1483 661 audire
1509 639 1588 662 non
1607 632 1786 674 possunt,

162 697 242 720 non
276 685 362 720 ideo
395 685 547 720 solutos
580 696 664 719 esse
697 684 944 730 obligatione
978 685 1255 720 sanctificandi
1280 685 1427 720 festum
1452 698 1521 732 per
1545 687 1790 731 precationes

160 744 288 780 aliave
313 744 378 789 pia
401 755 538 789 opera;
556 743 729 788 ideoque
762 755 996 789 magnopere
1028 743 1256 786 hortandos,
1290 756 1362 779 neo
1393 748 1527 779 tamen
1559 745 1632 780 sub
1664 749 1792 780 reatu-

161 803 312 850 peccati
331 805 545 848 (tamquam
571 806 778 848 praecepto
804 802 1002 838 Ecclesiae
1027 803 1316 847 inobedientes)
1342 803 1587 849 obligandos,
1616 808 1662 838 ut
1687 808 1787 839 sata-

163 866 262 908 gant
287 862 363 907 piis
389 862 472 896 illis
498 861 765 896 conventibus
790 861 981 896 interesse
1007 862 1049 896 in
1075 861 1218 906 quibus
1243 862 1386 907 pabulo
1420 862 1530 897 verbi
1562 862 1649 904 Dei,
1681 863 1789 898 aliis-

161 933 237 966 que
255 920 453 966 religiosis
479 920 835 955 exercitationibus
860 920 1006 955 instrui
1032 924 1072 955 et
1097 921 1268 955 enutriri
1296 921 1469 966 valeant,
1498 925 1538 956 et
1563 922 1788 957 coniunctis

161 980 340 1026 precibus
360 981 400 1014 in
419 980 564 1025 spiritu
578 979 797 1021 charitatis,
817 979 993 1015 divinam
1011 991 1122 1025 opem
1140 978 1338 1015 efficacius
1355 981 1564 1026 implorare
1577 981 1737 1017 valeant
1751 997 1785 1016 2.

256 1114 266 1135 l
289 1116 308 1143 4
333 1116 404 1144 Ian.
430 1115 508 1145 1798
532 1115 582 1150 (C.
608 1116 642 1144 P.
665 1125 727 1153 pro
751 1115 1018 1152 Sinis-Chan-si).
1045 1116 1274 1152 Colleetanea,
1298 1126 1330 1146 n.
1354 1117 1424 1145 642.
1482 1138 1484 1140 -
