1965 3240
326 175 410 209 Trr.
436 174 623 221 XXVIII.
646 194 659 199 -
684 173 742 208 De
767 174 877 208 bonis
902 173 1167 207 ecclesiasticis
1193 173 1526 208 administrandis
1671 171 1739 205 539

115 296 382 352 acquirunt»
420 298 526 349 (can.
561 293 678 350 (587).
714 318 765 322 —
802 291 1106 347 Praescriptuni
1157 304 1256 348 ergo
1304 293 1474 335 canonis
1521 295 1594 346 cst,
1629 290 1738 348 quod

113 377 237 422 supra
271 363 468 407 declarati
513 363 553 420 a)
597 361 779 419 sinqulis
816 361 941 405 annis
979 361 1105 404 semel
1152 361 1194 418 b)
1241 361 1371 420 officio
1413 366 1606 404 tenentur
1646 360 1739 403 reit-

113 434 242 480 dendi
274 434 326 478 ob
361 439 619 491 praesentem
656 434 789 491 legem
822 431 863 490 c)
896 432 1103 475 rationein
1149 432 1538 475 adminis-trationis
1583 437 1741 488 tempo-

116 506 262 550 ralium
297 505 374 549 hoc
407 505 540 548 Titulo
576 505 830 548 moderatam
870 502 1103 547 Ordinatio
1138 503 1218 546 loci
1251 503 1358 560 (can.
1394 504 1491 556 198,
1525 505 1550 560 ,ξ
1586 504 1642 560 ⁶2).

230 577 258 634 ξ
290 579 321 620 2
353 577 606 620 adamussim
657 575 882 619 concordat
931 575 1018 618 cit.0
1064 574 1179 618 1100.Ο
1228 574 1363 619 Trid:
1418 572 1580 627 «Quod
1625 576 1657 617 si
1692 587 1741 618 ex

113 648 429 702 consuetudine,
479 652 548 691 aut
598 647 831 704 privilegio,
881 650 951 689 aut
999 659 1048 689 ex
1099 648 1391 689 constitutione
1429 645 1567 702 aliqua
1602 645 1743 694 loci»,

115 720 242 763 idest:
278 723 321 762 ut
356 718 476 774 paulo
510 723 604 761 ante
640 720 676 760 in
712 718 858 761 eodem
895 716 1046 773 legitur
1080 716 1276 760 Decreto:
1319 732 1338 757 ((
1364 718 1401 758 111
1428 718 1682 759 institutione
1706 721 1746 759 et

114 790 375 833 ordinatione
409 789 500 832 talis
533 789 749 841 ecclesiae,
781 801 854 832 seu
889 787 1071 832 fabricae
1115 801 1310 843 expresse
1352 792 1518 831 cantum
1554 793 1662 830 esset
1695 804 1744 842 »ς

113 874 220 920 quae
254 862 391 904 omnia
424 862 483 903 sic
517 872 648 903 canon
682 860 831 903 edicit:
866 859 904 901 si
936 872 987 901 ecc
1015 857 1228 916 peculiari
1259 858 1354 901 inre
1386 858 1486 901 aliis
1527 871 1623 915 prae
1668 858 1744 902 loci

113 930 338 977 Ordinario
372 930 428 974 acl
460 930 505 974 id
534 930 770 989 desiynatis
802 931 915 974 ratio
948 929 1163 973 reddenda
1206 930 1278 984 sit,
1303 934 1399 972 tiene
1421 930 1547 973 etiam
1572 943 1744 986 nempe:

115 1003 184 1047 illo
218 1005 305 1046 1010
338 1007 518 1056 servato,
557 1001 817 1045 Ordinariics
852 1002 933 1045 loci
966 1001 1027 1044 rel
1053 1001 1144 1044 eins
1176 1000 1395 1058 (teleqatus
1419 1015 1509 1044 enm
1534 1000 1598 1044 liis
1636 1017 1658 1041 «
1681 1001 1746 1045 de-

114 1075 327 1130 signatis»
366 1072 623 1115 admittatur
646 1072 695 1115 ad
725 1075 926 1116 rationem
959 1072 1329 1115 administrationis
1363 1072 1644 1128 recipiendam
1680 1085 1746 1115 co-

114 1146 310 1201 gnitione,
360 1157 408 1185 ea
457 1143 545 1200 lesse
595 1157 666 1200 per
717 1143 826 1186 bunc
874 1155 1077 1186 canonem
1127 1142 1319 1186 roborata
1359 1148 1402 1185 ut
1441 1141 1571 1185 aliter
1607 1141 1750 1200 foetae

114 1213 388 1257 liberationes
421 1214 805 1257 administratorum
831 1227 879 1257 ex
914 1215 1084 1256 rationis
1117 1212 1415 1270 approbatione
1438 1213 1544 1271 ipsis
1567 1213 1748 1256 admini-

113 1284 372 1329 stratoribus
418 1285 587 1328 minime
631 1285 921 1342 snslroqentur
963 1287 1002 1327 in
1045 1298 1187 1328 eornm
1233 1283 1496 1341 obligationis
1549 1284 1749 1341 adimple-

118 1362 318 1401 mentum.

233 1427 330 1471 440.
367 1429 442 1474 De
484 1430 582 1474 litis
627 1430 944 1474 inchoatione
988 1429 1065 1474 vel
1110 1430 1471 1474 contestatione
1514 1441 1587 1484 pro
1633 1427 1750 1471 bonis

114 1498 420 1550 ecclesiasticis,
452 1500 510 1542 sic
543 1501 685 1542 statuit
719 1512 808 1541 can.
850 1500 981 1542 1526.
1016 1498 1398 1541 Aclniinistratores
1440 1498 1491 1541 de
1524 1498 1674 1555 quibus
1708 1500 1747 1541 in

114 1582 203 1613 can.
241 1569 368 1625 1521,
402 1568 518 1612 litem
554 1572 590 1612 in
626 1570 779 1613 iudicio
813 1574 897 1612 tam
933 1569 1047 1613 civili
1083 1582 1207 1627 quam
1233 1569 1531 1622 ecclesiastico,
1553 1570 1749 1627 equidem

120 1656 138 1681 <‹
165 1641 330 1683 nomine
362 1640 563 1683 ecelesiae
586 1656 606 1682 ))
647 1640 756 1698 (can.
792 1641 918 1697 1521,
941 1640 969 1699 ξ
993 1640 1051 1698 9,),
1077 1654 1149 1697 pro
1174 1640 1291 1684 bonis
1324 1654 1424 1698 ergo
1457 1640 1751 1684 ecclesiasticis

114 1725 165 1754 ne
197 1711 392 1755 inchoent
425 1714 482 1755 uti
514 1716 688 1767 actores,
734 1711 796 1754 rel
833 1717 1123 1755 contestentur
1164 1717 1360 1769 tanquam
1402 1714 1473 1767 101,
1508 1712 1594 1754 nisi
1627 1712 1668 1769 a)
1703 1711 1751 1755 li-

114 1782 291 1825 centiam
328 1784 366 1824 in
401 1795 499 1826 casu
532 1787 572 1825 et
605 1783 655 1825 ad
704 1782 781 1826 1100
824 1783 1097 1826 sufficientem
1143 1781 1402 1826 obtinuerint
1447 1795 1593 1826 revera
1632 1788 1671 1826 et
1707 1783 1750 1841 b)

112 1853 270 1911 scripto
303 1852 449 1896 datam
482 1854 522 1911 c)
561 1852 788 1896 Orclinarii
821 1853 902 1897 loci
937 1853 1047 1911 (can.
1084 1854 1179 1909 198,
1203 1856 1228 1907 g
1252 1854 1312 1911 ⁶2),
1336 1859 1410 1897 αῑιί
1433 1853 1582 1897 saltem
1608 1854 1745 1912 quoad

114 1924 290 1968 litteram
326 1923 365 1981 c)
399 1924 469 1968 sed
505 1923 582 1968 sub
615 1924 871 1968 conditione:
906 1924 944 1967 si
976 1938 1044 1967 res
1073 1930 1236 1982 ieryeat,
1274 1939 1311 1968 v.
1346 1938 1405 1981 gr.
1441 1924 1494 1968 ob
1530 1926 1752 1969 imminens

113 1995 328 2048 damnum)
361 1994 400 2051 0)
433 1995 586 2037 vicarii
608 1994 779 2052 foranei
802 1995 854 2039 ad
879 1995 957 2039 boc
982 1998 1258 2052 competentis
1275 2009 1323 2038 ex
1344 2008 1504 2039 canone
1528 1998 1751 2051 praesenti,

114 2065 186 2123 qni
218 2065 364 2108 statim
403 2065 683 2108 ordinarium
715 2066 861 2123 supple
899 2066 1066 2110 ((1001))
1108 2066 1394 2122 supradictum
1439 2067 1660 2110 certiorem
1699 2067 1750 2111 de

113 2136 191 2180 hoc
216 2149 289 2193 per
314 2137 482 2180 modum
507 2136 584 2180 sibi
611 2136 714 2180 bene
743 2139 875 2180 visum
899 2136 1077 2180 reddere
1094 2136 1222 2181 debet.
1249 2137 1462 2180 Rationem
1488 2137 1612 2181 huius
1635 2151 1749 2194 prae-

112 2209 253 2264 scripti
277 2207 498 2250 desumere
521 2220 737 2263 possumus
755 2202 805 2250 ex
830 2207 947 2252 lnstr.
971 2208 1009 2252 S.
1034 2207 1076 2252 C.
1101 2208 1152 2251 de
1179 2208 1296 2264 Prop.
1322 2207 1419 2251 Fide
1444 2209 1455 2230 ¹
1484 2222 1556 2264 pro
1580 2208 1742 2252 dioece-

113 2276 227 2321 sibus
261 2277 524 2321 Hollandiae:
566 2296 580 2317 «
610 2278 698 2321 Art.
734 2278 802 2321 20.
837 2277 1066 2339 Concilium
1109 2279 1367 2335 praedictum
1393 2292 1472 2322 non
1502 2285 1647 2336 potest,
1672 2281 1748 2323 nisi

114 2347 281 2392 obtenta
315 2351 354 2391 in
387 2350 553 2405 scriptis
586 2349 780 2393 facultate
813 2349 865 2393 ab
899 2350 1120 2407 Episcopo,
1162 2350 1390 2408 quidquam
1437 2351 1587 2405 130010,
1633 2351 1743 2408 quod

113 2419 215 2463 fines
248 2420 484 2463 ordinariae
519 2419 891 2464 administrationis
925 2421 1289 2478 transgreditur».
1341 2421 1387 2464 Et
1422 2422 1526 2465 infra
1562 2424 1747 2465 enuntiat

114 2489 191 2534 sub
224 2490 357 2534 littera
397 2505 417 2531 ((
437 2491 469 2547 j)
502 2489 682 2547 Litigare
715 2494 804 2535 sive
838 2496 1049 2550 tamquam
1083 2496 1213 2545 actor,
1244 2494 1334 2536 sive
1355 2496 1566 2550 tamquam
1593 2506 1747 2537 reus».

235 2561 333 2605 441.
369 2563 821 2608 Administrationis
853 2564 1032 2610 limites
1064 2563 1314 2620 generaliter
1348 2565 1461 2620 ponit
1493 2565 1744 2616 οαη.15ἱ7,

115 2644 195 2674 non
229 2644 348 2675 secus
381 2644 429 2676 ac
462 2635 585 2676 citata
632 2632 862 2676 instructio.
899 2660 951 2664 —
984 2634 1013 2691 ξ
1046 2637 1081 2677 1.
1120 2633 1216 2679 Nisi
1256 2634 1379 2691 prins
1416 2633 1465 2676 cib
1513 2633 1746 2677 Ordinario

115 2701 198 2745 loci
229 2704 394 2758 saepius
427 2708 655 2746 memorato
687 2702 938 2758 facicltatem
962 2703 1369 2748 administratoribus
1392 2706 1480 2747 iure
1499 2704 1747 2760 denegatam

114 2775 155 2827 a)
190 2772 524 2831 impetraverint,
558 2786 633 2816 nec
656 2774 808 2817 sufficit
830 2787 921 2818 0301
947 2779 1085 2832 petere
1108 2779 1180 2819 aut
1205 2787 1483 2831 praesumere,
1511 2774 1553 2831 b)
1578 2774 1751 2832 seriptis

234 2924 245 2946 1
272 2925 310 2957 2]
344 2923 420 2957 Iul.
451 2923 555 2958 1856.
585 2923 750 2958 Collect.
780 2923 818 2958 S.
849 2925 994 2970 Congr.
1023 2925 1069 2960 de
1097 2925 1127 2959 P
1169 2925 1212 2959 F.
1241 2937 1279 2959 n.
1311 2925 1412 2960 1127.
