1965 3240
174 132 243 165 514
363 129 449 162 LIB.
477 127 550 161 III.
579 146 591 152 -
619 126 729 160 PARS
754 125 821 159 VI.
850 145 863 150 -
889 125 947 160 De
971 126 1081 159 bonis
1108 125 1300 159 Ecclesiae
1330 124 1614 177 temporalibus

175 251 263 307 quit
295 260 394 291 casu
428 259 509 303 quo
542 258 621 288 non
658 246 947 301 praemittatur
981 244 1227 300 possessioni
1272 241 1422 299 aliquis
1455 242 1615 297 modus,
1649 244 1719 299 qui
1752 255 1804 285 ex
1865 287 1867 290 ,

175 333 217 363 36
251 319 481 362 dominium
516 315 773 370 transferret,
807 317 882 358 etsi
916 313 1055 371 aliquo
1098 311 1358 357 substantiali
1396 313 1562 356 defectu
1595 314 1806 368 incognito

176 390 243 433 ille
277 388 450 432 laboret.
486 386 595 442 Ergo
618 385 695 429 sub
718 397 808 430 can.
833 385 1040 442 explicato
1064 386 1160 427 iusti
1184 382 1292 427 tituli
1314 385 1539 427 necessitas
1562 383 1805 439 includitur,

175 460 243 504 sed
279 457 421 503 Codex
455 456 651 514 relinquit
693 455 810 499 illum
853 454 1155 498 moderandum
1200 455 1280 497 iuri
1323 453 1437 497 civili
1480 455 1805 510 uniuscuiusque
1872 491 1873 494 ,
1920 469 1922 471 ·

178 542 375 586 regionis.

296 599 395 643 425.
421 600 540 651 Quis
564 600 731 644 valeat
754 600 942 644 donare
964 599 1028 642 ad
1052 598 1162 653 pias
1186 608 1379 642 causas.
1401 595 1528 639 Error
1551 595 1626 638 fuit
1644 595 1808 638 loannis

181 669 350 714 Wicleff
369 671 591 713 damnatus
624 671 664 712 in
696 667 820 713 Cone.
854 666 1209 712 C011stantie11si1.
1248 666 1355 709 «32.
1390 665 1531 709 Ditare
1563 665 1723 709 clerum
1746 670 1808 709 est

179 745 322 785 contra
345 740 535 797 regulam
558 739 708 784 Christi
731 755 773 784 ».
808 739 933 782 Porro
970 737 1070 781 Cau.
1105 740 1219 781 1513
1253 739 1429 794 protegit
1453 738 1516 779 1113
1539 737 1805 780 dominorum

179 806 425 867 disponendi
465 811 516 854 de
560 809 677 854 bonis
720 812 820 864 suis,
853 814 1058 866 quatenus
1092 810 1263 851 interest
1306 807 1375 849 fini
1422 809 1550 863 ipsius
1582 806 1806 850 Ecclesiae.

179 882 207 940 ἓ
240 885 274 924 1.
313 881 396 935 Qui
428 881 562 924 fidelis
598 880 662 924 vel
696 879 952 924 acatholicus
986 879 1078 922 iure
1111 884 1293 922 naturae
1334 880 1400 921 cui
1439 877 1675 934 subiicitur,
1709 890 1808 934 qua-

181 958 300 996 tenus
333 952 409 996 boc
442 965 522 995 non
557 951 750 1008 adigatur
783 951 834 994 ad
869 952 1150 994 necessarium
1185 949 1389 994 bon-orum
1425 962 1543 992 usum
1569 961 1666 1005 erga
1700 961 1808 1001 suos,

185 1023 249 1067 vel
283 1024 334 1067 ob
367 1022 518 1077 debita,
554 1027 632 1066 etc.
666 1027 706 1065 et
739 1021 1022 1065 eeclesiastico
1058 1034 1130 1077 per
1170 1020 1282 1078 quod
1326 1019 1393 1063 ille
1431 1033 1466 1063 v,
1501 1033 1562 1076 gr.
1604 1019 1810 1076 professus

181 1108 203 1138 a
241 1097 345 1137 votis
378 1095 658 1150 temporaneis
691 1094 862 1149 regitur,
887 1092 1016 1135 libere
1038 1105 1108 1135 seu
1135 1105 1208 1148 pro
1231 1090 1403 1135 arbitrio
1439 1089 1547 1133 ualet
1578 1090 1809 1134 secundum

183 1166 353 1209 dominii
390 1167 466 1218 ius,
501 1164 758 1221 proindeque
792 1162 842 1206 de
874 1163 963 1205 suis
996 1162 1112 1205 bouis
1144 1167 1345 1216 statuere,
1370 1174 1449 1204 non
1483 1161 1671 1204 obstante
1699 1160 1810 1217 quod

182 1236 421 1280 huiusmodi
456 1235 636 1279 libertati
669 1233 803 1278 obstet
828 1234 891 1277 lex
916 1233 1067 1286 civilis,
1085 1246 1208 1291 quam
1234 1232 1335 1276 alias
1368 1231 1592 1276 observare
1625 1230 1812 1285 deberet,

181 1312 318 1365 potest
354 1306 490 1349 valide
537 1318 585 1349 ac
633 1305 744 1349 licite
794 1318 866 1361 pro
914 1304 1189 1360 amplitudine
1234 1305 1445 1360 potestatis
1488 1302 1723 1346 declaratae
1756 1301 1811 1345 ad

187 1392 338 1421 causas
367 1377 481 1436 μίας,
514 1390 686 1433 nempe:
722 1378 908 1419 instituta
942 1378 981 1418 in
1016 1376 1140 1418 tinem
1173 1374 1387 1431 religionis
1410 1379 1479 1417 aut
1503 1373 1716 1417 charitatis
1740 1386 1812 1429 per

184 1448 414 1492 Ecclesiam
449 1447 692 1504 approbata,
724 1448 765 1503 a)
797 1447 884 1489 sive
913 1460 990 1504 per
1022 1451 1161 1488 actum
1193 1445 1306 1488 inter
1336 1446 1464 1499 vivos,
1503 1446 1572 1501 qui
1617 1443 1810 1487 effectum

183 1521 242 1563 sic
276 1518 412 1573 habet,
449 1517 490 1575 b)
524 1518 610 1561 sive
640 1531 717 1575 per
749 1522 887 1560 aetum.
922 1517 1069 1560 11101113
1103 1530 1232 1559 causa
1269 1530 1306 1559 v.
1340 1530 1401 1573 gr.
1427 1519 1718 1558 testamentum
1742 1518 1813 1557 aut

185 1589 439 1643 codicillum,
474 1589 584 1647 quod
620 1589 809 1632 firmatur
844 1602 915 1644 per
949 1593 1123 1631 mortem
1147 1589 1368 1641 testatoris,
1391 1591 1460 1630 aut
1483 1586 1688 1640 donantis,
1706 1584 1813 1628 bona

185 1663 248 1704 sui
282 1661 454 1704 dominii
488 1659 729 1717 relinquere
763 1672 834 1716 per
867 1659 1131 1702 donationem
1166 1659 1350 1701 fortassis
1384 1659 1586 1700 munitam
1610 1655 1811 1699 conditio-

186 1731 318 1774 nibus.
346 1730 433 1774 Hoc
459 1732 761 1786 praescriptum
786 1734 845 1772 est
869 1729 1098 1772 secundum
1123 1731 1186 1771 ius
1209 1727 1502 1782 Decreialium,
1529 1726 1597 1770 ubi
1621 1725 1739 1770 Alex.
1761 1724 1812 1768 ΙΙΙ

184 1804 241 1845 311
264 1801 471 1845 iudicibus
488 1799 747 1844 Velletren22
771 1799 995 1844 (c'Relatum
1015 1804 1088 1850 est,
1104 1799 1214 1857 quod
1234 1812 1327 1842 cum
1352 1798 1402 1841 ad
1426 1803 1610 1841 vestrum
1633 1809 1808 1840 examen

186 1885 311 1928 super
345 1871 498 1914 relictis
531 1870 733 1914 ecclesiae
756 1882 881 1913 causa
905 1869 1137 1923 deducitur,
1162 1881 1233 1912 vos
1256 1870 1333 1911 nisi
1355 1872 1512 1924 septem
1540 1867 1605 1910 vel
1628 1868 1813 1924 quinque

187 1943 324 1986 idonei
347 1946 472 1985 testes
496 1943 797 1985 intervenerint
819 1941 918 1984 inde
942 1942 1185 1997 postponitis
1209 1939 1409 1984 iudicare.
1434 1938 1691 1992 Mandamus,
1713 1949 1813 1994 qua-

187 2018 307 2056 tenus
340 2026 434 2056 cum
468 2012 607 2070 aliqua
640 2024 764 2056 cansa
798 2011 890 2054 13113
923 2011 973 2054 ad
1011 2015 1192 2054 vestrum
1237 2011 1357 2053 fuerit
1402 2022 1576 2052 examen
1620 2008 1815 2058 deducta,

187 2096 279 2127 eam
312 2097 391 2126 non
425 2083 654 2126 secundum
689 2082 817 2138 leges,
853 2082 924 2125 sed
967 2082 1199 2125 secundum
1241 2081 1508 2124 decretorum
1553 2083 1703 2123 statuta
1737 2083 1815 2122 tra·
1884 2129 1886 2134 ⁸

189 2156 321 2209 ctetis,
355 2154 483 2212 (quod
518 2159 577 2197 est
611 2142 862 2210 generaliter
895 2153 1066 2207 dictum,
1091 2154 1284 2209 quamvis
1306 2151 1583 2208 subiungatur
1611 2149 1740 2194 relate
1761 2149 1813 2193 ad

190 2226 284 2268 facti
318 2226 519 2282 speciem)
553 2224 685 2268 tribus
717 2228 787 2267 aut
819 2223 982 2266 duobus
1017 2223 1212 2279 legitimis
1244 2221 1419 2266 testibus
1453 2223 1684 2279 requisitis,
1718 2233 1816 2278 quo-

190 2297 299 2338 niam
334 2297 533 2351 scriptum
568 2303 647 2338 est:
681 2294 725 2337 ln
759 2307 829 2337 ore
862 2294 1040 2337 (luorum
1090 2293 1151 2336 vel
1197 2295 1322 2336 trium
1366 2293 1532 2335 testium
1573 2295 1652 2335 stat
1694 2303 1815 2334 omne

195 2364 369 2409 verbum
394 2381 432 2410 1).

310 2435 367 2478 Ex
402 2435 479 2479 boc
513 2439 674 2480 eruitur
706 2435 959 2492 praecedens
992 2435 1043 2478 de
1077 2436 1333 2478 testamentis
1366 2433 1416 2477 ad
1449 2445 1595 2477 causas
1635 2435 1722 2488 pias
1754 2431 1814 2474 di-

189 2506 375 2562 sciplina,
411 2519 518 2563 quae
553 2505 881 2563 restringebatur
913 2505 964 2548 ad
999 2517 1045 2548 ea
1078 2517 1185 2562 quae
1218 2507 1307 2548 iure
1340 2509 1513 2547 naturae
1546 2507 1640 2546 sunt
1673 2515 1814 2546 neces·
1882 2550 1885 2551 ⁷
1919 2510 1936 2567 ’ᾗ

190 2579 299 2620 33113
334 2582 376 2620 111
408 2579 457 2620 de
493 2577 705 2621 voluntate
747 2577 930 2620 defuncti
974 2580 1194 2620 constaret.
1230 2574 1421 2619 Collimat
1459 2576 1498 2616 in
1542 2586 1632 2616 eam
1665 2586 1753 2629 cap.
1790 2572 1814 2614 ἱ).

196 2648 291 2690 «de
324 2648 624 2691 consuetudine
647 2663 667 2689 ))
707 2647 754 2705 (l,
788 2646 832 2704 4)
866 2645 924 2689 X:
966 2647 1051 2690 «Si
1089 2659 1186 2689 vero
1219 2648 1312 2703 quis
1346 2646 1623 2702 possessiones
1655 2642 1816 2700 aliquas

193 2718 384 2761 claustris
420 2718 482 2761 vel
517 2718 607 2762 aliis
641 2717 845 2773 religiosis
879 2716 978 2760 locis
1011 2718 1050 2759 in
1086 2716 1192 2759 bona
1226 2715 1464 2759 valetudine
1496 2713 1557 2758 vel
1582 2713 1726 2756 ultima
1751 2725 1817 2755 vo-

313 2825 323 2846 1
351 2824 467 2858 Bulla
498 2840 512 2855 α
532 2824 643 2858 Inter
668 2827 832 2858 cunctas
851 2838 881 2864 ι,
908 2823 953 2855 22
979 2822 1072 2856 Feb.
1095 2822 1197 2857 1418.
1215 2841 1260 2847 ——
1277 2822 1292 2844 2
1318 2822 1410 2866 Cap.
1432 2821 1474 2854 11
1500 2835 1514 2850 «ι
1533 2819 1579 2853 de
1605 2822 1815 2853 testamen·
1872 2859 1873 2862 Ἴ
1934 2800 1937 2861 ἶ

193 2870 246 2904 tis
273 2876 312 2904 et
338 2871 494 2905 ultimis
521 2870 826 2906 voluntatibus»
862 2869 948 2913 (III,
977 2869 1036 2912 26)
1063 2869 1114 2903 X.
1663 2892 1665 2895 ι
