1965 3240
150 115 220 149 348
410 114 495 150 LIB.
520 115 592 150 ΙΙΙ.
618 135 630 141 -
657 115 768 150 PARS
792 115 859 150 IV.
888 136 902 142 -
927 116 984 151 De
1009 119 1234 161 magisterio
1258 118 1512 153 ecclesiastico

151 235 447 290 congruentius
479 233 599 277 aliter
637 239 941 278 remuneratur.
980 234 1040 278 De
1063 235 1130 278 illa
1159 235 1402 280 «licentia»
1429 235 1642 282 subditur:
1666 235 1709 294 b)
1731 237 1777 280 in

147 303 360 362 principio
394 309 469 347 aut
501 304 546 347 in
578 304 659 361 fine
691 304 804 363 libri,
836 304 936 363 folii
958 305 1021 348 vel
1053 305 1256 363 imaqinis
1288 320 1338 350 ex
1373 311 1594 364 praecepto
1627 307 1774 365 impri-

151 374 299 418 menda
335 375 473 419 verbis
506 389 579 432 pro
623 375 751 433 libito,
776 381 825 425 ,et
867 388 973 434 quae
1015 378 1073 420 sic
1115 376 1439 421 determinatur:
1474 391 1671 436 eoepresso
1703 392 1774 422 no-

149 446 260 489 mine
291 445 568 500 concedentis,
591 447 724 504 quoad
750 449 933 491 censoris
957 460 1056 491 vero
1080 460 1230 491 nomen
1254 452 1293 492 et
1325 449 1525 492 iudIcium
1548 448 1616 492 hic
1638 451 1775 506 expri-

150 517 346 560 mendum
382 517 445 560 vel
480 517 754 561 omittendum
787 522 979 561 servetur
1013 518 1267 575 praecedens
1299 531 1448 573 canon,
1475 519 1655 577 itemque
1687 519 1778 564 loco

149 592 186 630 et
221 593 406 646 tempore
437 601 508 631 seu
543 588 638 632 data
671 588 965 643 concessionis,
995 601 1102 646 quae
1145 591 1185 632 in
1225 592 1379 646 scripta
1412 589 1577 634 licentia
1611 591 1778 634 fuerunt

150 658 386 703 indicanda.

267 732 292 784 ἓ
326 730 362 773 ⁶2.
389 730 435 773 Sz·
466 745 561 774 cero
593 744 713 775 secus
745 744 798 775 ac-
828 734 865 774 in
891 733 916 785 g
939 731 985 774 4ἃ
1008 738 1160 788 praec.S
1193 738 1300 776 can.s
1324 731 1498 775 licentia
1530 731 1777 789 deneyanda

153 799 345 844 videatur
378 798 601 845 Ordinario
625 801 704 845 loci
736 815 786 845 ex
819 805 1017 846 contextu
1050 815 1145 846 cum
1179 801 1222 857 ἕο
1246 803 1412 859 praecf,
1438 802 1479 859 a)
1512 803 1685 860 roganti
1707 817 1780 846 au-

151 870 269 926 ctori,
299 871 383 927 (cui
410 872 640 927 patefacere
663 876 824 928 oportet
847 885 941 915 cum
967 871 1200 916 urbanitate
1224 872 1415 916 lice-ntiae
1439 872 1777 930 denegationem)

152 941 273 985 buius
309 944 585 996 «rationes»,
619 942 663 999 b)
696 942 782 985 nisi
820 942 967 999 qraois
1010 957 1139 985 causa
1183 942 1317 995 aliud,
1350 942 1529 987 scilicet:
1566 956 1643 986 non
1688 956 1777 987 esse

150 1012 283 1055 eidem
318 1013 670 1069 satisfaciendum,
704 1013 861 1071 ecciyat,
887 1013 997 1057 unde
1030 1013 1199 1057 absente
1232 1013 1301 1057 tali
1334 1026 1457 1057 causa
1491 1013 1680 1057 rationes
1711 1014 1781 1057 de-

150 1088 323 1140 negatae
358 1083 547 1127 licentiae
579 1083 821 1127 indicentur
862 1097 911 1128 ex
947 1084 1070 1128 11111115
1102 1087 1272 1128 canonis
1304 1086 1573 1142 praescripto.
1607 1084 1777 1128 Etiamsi

150 1156 397 1211 gravitatem
433 1167 582 1199 causae
617 1155 847 1212 ponderare
880 1157 932 1199 sit
964 1152 1191 1211 Ordinarii‚
1224 1158 1257 1199 is
1291 1157 1527 1199 meminisse
1559 1155 1682 1199 debet
1713 1168 1777 1199 se-

149 1230 344 1283 quentem
364 1228 675 1282 responsionem
690 1226 727 1270 S.
748 1225 915 1283 Cong1·.⁸
932 1226 1083 1271 Indicis
1103 1227 1138 1270 1:
1164 1239 1253 1270 «an
1277 1224 1489 1271 Ordinarii
1513 1228 1581 1284 qui
1607 1228 1780 1283 praevio

150 1298 340 1339 examine
363 1296 538 1340 alicuius
572 1296 678 1352 libri,
704 1299 900 1353 praeviae
923 1311 1067 1341 eorum
1101 1310 1303 1341 censurae
1324 1296 1533 1351 submissi,
1563 1290 1777 1340 'licentiam

149 1367 356 1424 denegent
388 1368 579 1411 eumdem
616 1367 869 1424 publicandi,
893 1372 1111 1412 teneantur
1143 1370 1301 1412 auctori
1335 1368 1517 1411 rationes
1550 1367 1779 1423 denegatae

150 1437 339 1481 licentiae
374 1438 590 1482 indicare?
611 1464 662 1469 —
687 1438 962 1492 Affirmative,
985 1441 1018 1482 si
1053 1438 1157 1483 liber
1190 1439 1383 1482 videatur
1415 1439 1685 1482 correctionis
1707 1442 1781 1481 aut

150 1511 462 1565 expurgationis
495 1523 584 1552 esse
623 1509 831 1566 dignus».

857 1670 1001 1707 CAPUT
1027 1670 1066 1706 11.

668 1755 721 1789 De
748 1755 1011 1799 prohibitione
1037 1755 1243 1790 librorum.

195 1868 563 1912 Cm.1395.-.§1
592 1870 647 1906 lus
665 1875 698 1906 et
715 1870 866 1906 officium
886 1871 925 1906 li
999 1869 1086 1906 Sede
1125 1871 1281 1906 damnati
1321 1871 1450 1916 ubique
1488 1870 1641 1906 locorum
1675 1876 1708 1907 et
1739 1871 1777 1906 in

150 1917 227 1952 bros
245 1929 283 1953 ex
303 1918 393 1953 iusta
411 1928 515 1953 causa
534 1917 741 1971 prohibendi
761 1918 926 1970 competit

149 1975 218 1999 non
245 1964 357 2000 solum
384 1976 567 2017 supremae
592 1965 789 2000 auctoritati
817 1965 927 2001 eccle-

147 2011 305 2047 siasticae
332 2023 392 2058 pro
420 2023 583 2048 universa
600 2011 765 2053 Ecclesia,
785 2012 844 2048 sed
865 2023 925 2058 pro

147 2058 219 2093 suis
245 2059 393 2094 subditis
420 2058 585 2094 Conciliis
612 2070 749 2105 quoque
775 2060 925 2106 particu-

149 2105 279 2140 laribus
305 2110 338 2141 et
365 2106 518 2142 locorum
545 2105 757 2142 Ordinariis.

195 2156 213 2195 ξ
240 2152 273 2187 2.
302 2153 354 2188 Ab
382 2153 446 2188 bac
480 2153 714 2200 prohibitione
746 2154 849 2189 datur
882 2154 925 2189 ad

148 2198 312 2251 Sanctam
339 2199 462 2236 Sedem
498 2211 669 2242 reem-‚sus
701 2211 771 2236 non
806 2205 925 2236 tamen

147 2246 182 2281 in
210 2248 426 2293 suspensivo.

193 2298 211 2336 ξ
231 2293 264 2328 3.
287 2293 397 2329 Etiam
414 2295 530 2330 Abbas
549 2294 751 2330 monasterii
768 2295 818 2330 sui
840 2294 926 2330 iuris

143 2345 176 2376 et
201 2352 386 2386 supremus
411 2342 591 2386 religionis
617 2341 788 2377 clericalis
814 2353 926 2377 exem-

144 2392 221 2433 ptae
247 2388 454 2431 Moderator
483 2400 562 2424 cum
589 2400 651 2425 5110
678 2388 839 2435 Capitulo
872 2389 924 2424 vel

143 2434 306 2476 Consilio,
336 2440 446 2481 potest
480 2435 586 2471 libros
621 2447 660 2472 ex
696 2436 787 2471 111513
820 2447 925 2471 causa

141 2482 213 2516 suis
231 2482 381 2517 subditis
402 2483 605 2529 prohibere;
627 2483 802 2528 idemque,
819 2483 845 2517 si
868 2494 923 2529 pe-

140 2528 289 2564 riculum
309 2530 353 2564 sit
380 2530 417 2564 in
445 2541 553 2573 mora,
572 2534 718 2576 possunt
736 2530 793 2565 alii
815 2529 924 2576 Supe-

141 2576 247 2611 riores
276 2577 422 2612 maiores
440 2588 520 2612 cum
541 2588 679 2623 proprio
698 2576 864 2619 Consilio,
884 2588 923 2612 ea

140 2628 258 2658 tamen
285 2624 358 2668 lege
378 2629 413 2659 ut
432 2635 504 2659 rem
533 2624 742 2670 quantocius
764 2603 923 2660 deser'ant

141 2670 183 2704 ad
211 2681 413 2716 supremum
441 2670 704 2707 Moderatorem.

190 2715 273 2752 CAN.
315 2716 415 2752 1396.
456 2738 472 2744 -
509 2718 600 2753 Libri
641 2718 684 2754 ab
723 2717 922 2764 Apostolica

265 2861 273 2880 1
302 2859 324 2892 3
353 2858 460 2903 Sept.
492 2859 595 2893 1898.

1000 1919 1232 1964 quodcunque
1258 1922 1439 1954 vertantur
1465 1917 1594 1953 idioma
1613 1918 1777 1964 prohibiti

999 1970 1220 2001 censeantur.

1047 2011 1126 2048 CAN.
1158 2010 1260 2047 1397.
1285 2033 1301 2037 -
1322 2016 1341 2054 g>
1371 2011 1400 2046 1.
1423 2010 1594 2047 Omnium
1623 2012 1777 2048 fidelium

999 2064 1058 2100 est,
1080 2060 1230 2095 maxime
1248 2059 1459 2095 'clericorum
1486 2064 1519 2094 et
1546 2060 1580 2094 111
1607 2059 1777 2104 dignitate

998 2106 1231 2142 ecclesiastica
1276 2107 1543 2142 constitutorum
1589 2117 1780 2153 eorumque

998 2153 1058 2199 qui
1096 2154 1255 2189 doctrina
1293 2153 1518 2199 praecellant,
1547 2153 1654 2188 libros
1691 2165 1779 2199 quos

998 2201 1211 2246 perniciosos
1229 2200 1471 2242 iudicaverint,
1485 2201 1527 2236 ad
1547 2201 1700 2236 locorum
1716 2199 1778 2237 Or-

998 2248 1153 2283 dinarios
1179 2252 1239 2283 aut
1264 2248 1307 2283 ad
1325 2247 1558 2294 Apostolicam
1577 2246 1700 2283 Sedem
1719 2248 1776 2283 de-

999 2295 1108 2335 ferre;
1138 2295 1171 2329 id
1190 2299 1306 2330 autem
1326 2295 1490 2341 peculiari
1509 2294 1609 2330 titulo
1628 2295 1777 2341 pertinet

997 2342 1041 2377 ad
1068 2341 1212 2386 legatos
1232 2341 1383 2377 Sanctae
1401 2341 1513 2384 Sedis,
1535 2342 1688 2377 locorum
1715 2340 1781 2378 Or-

997 2388 1165 2432 dinarios,
1193 2394 1297 2435 atque
1323 2389 1482 2425 Rectores
1502 2388 1776 2425 Universitatum

997 2436 1260 2472 catholicarum.

1044 2486 1063 2525 ἓ
1091 2484 1123 2518 2.
1150 2483 1295 2529 Expedit
1321 2488 1359 2518 ut
1388 2483 1425 2518 in
1461 2493 1645 2529 pravorum
1672 2482 1776 2517 libro-

997 2542 1075 2565 rum
1117 2529 1384 2565 denuntiatione
1426 2541 1496 2565 non
1541 2529 1653 2565 solum
1697 2529 1775 2564 libri

997 2577 1178 2623 inscriptio
1193 2577 1378 2621 indicetur,
1394 2577 1452 2612 sed
1467 2576 1586 2620 etiam,
1603 2581 1775 2622 quantum

998 2624 1071 2660 fieri
1092 2629 1216 2670 potest,
1238 2635 1362 2659 causae
1379 2628 1600 2670 exponantur
1615 2634 1677 2659 cur
1691 2623 1779 2659 liber

997 2671 1236 2717 probibendus
1265 2671 1492 2707 existimetur.
1752 2707 1757 2717 λ

1044 2722 1063 2761 ξ
1090 2717 1123 2752 3.
1147 2718 1189 2753 115
1207 2718 1249 2754 311
1271 2729 1356 2764 quos
1374 2717 1594 2754 denuntiatio
1612 2717 1776 2758 defertur,
