1965 3240
449 153 532 187 ΤιΤ.
559 153 686 188 XXV.
716 173 728 179 -
756 153 812 188 De
837 154 1029 198 beneficiis
1054 155 1320 190 ecclesiasticis
1628 156 1698 190 447

74 276 231 317 visione
266 272 392 316 semel
428 285 476 316 ac
509 274 622 316 linita
656 275 734 317 erit
766 272 1127 331 qualitercumque
1161 278 1458 320 controversia.
1484 276 1539 320 lta
1566 278 1696 321 suerat

70 346 339 389 constitutum
377 346 414 386 in
448 356 539 399 cap.
575 344 597 386 4
639 359 658 384 «
682 344 733 387 de
756 344 890 387 officio
916 343 1063 386 iudicis
1086 344 1285 388 ordinarii
1311 362 1330 387 >›
1359 346 1402 399 (l,
1428 347 1472 389 31
1494 359 1522 391 ³:
1552 364 1570 387 «
1595 347 1696 392 Cum

74 428 146 459 vos
179 415 425 472 plerumque
458 420 644 470 oporteat
678 414 980 458 ordinationem
1017 414 1287 459 ecclesiarum
1330 417 1510 468 dillerre,
1547 432 1618 474 pro
1651 432 1700 462 eo

71 486 180 544 quod
215 485 465 543 quandoque
501 498 700 541 personae
737 485 854 529 vobis
888 487 1023 528 minus
1057 486 1229 530 idoneae
1259 493 1597 543 praesentantur:
1631 497 1702 533 aut

73 559 179 600 inter
215 570 286 599 vos
319 561 357 599 et
392 561 735 612 praesentatores,
768 555 845 599 alia
880 555 931 598 de
964 568 1086 599 causa
1123 557 1239 600 radix
1275 557 1542 601 dissensionis
1565 572 1699 602 emer·

73 629 193 671 serit:
228 631 267 670 et
302 627 451 669 infra...
487 626 746 670 Frater-nitati
783 631 945 670 vestrae
970 626 1456 685 mandamus,quatenus
1479 630 1701 685 siquando

72 701 109 741 in
149 697 392 742 vacantibus
424 697 624 749 ecclesiis,
659 699 838 754 (comma
872 710 1049 755 sequens
1082 698 1307 755 derogatur
1342 699 1540 756 implicite
1565 703 1601 743 in
1626 700 1700 745 Co-

72 768 197 825 dice),
226 768 288 812 vel
324 771 418 826 quia
455 782 654 825 personae
690 771 825 811 minus
859 769 1031 812 idoneae
1077 774 1406 825 praesentantur,
1444 771 1505 814 vel
1541 771 1618 815 alia
1652 772 1702 815 de

71 853 194 884 causa
231 840 281 882 (le
315 841 404 883 iure
439 852 635 895 personas
670 853 747 882 nou
785 842 970 896 poteritis
1005 842 1042 882 in
1068 842 1127 883 eis
1152 842 1389 895 instituere3
1424 841 1703 898 appellatione

72 916 229 954 remota
265 912 425 967 ponatis
456 923 705 954 oeconomos
748 913 817 967 qui
867 910 1045 954 debeant
1082 912 1240 955 fructus
1275 915 1513 969 percipere:
1549 918 1585 956 et
1621 927 1704 963 eos,

72 987 141 1025 aul
170 984 208 1024 in
243 981 514 1025 ecclesiarum
553 981 769 1024 utilitatem
805 981 1056 1038 expendere,
1092 987 1160 1025 aut
1197 984 1344 1026 futuris
1385 986 1571 1040 personis
1605 984 1705 1027 tide-

74 1052 167 1096 liter
201 1064 416 1096 reservare
442 1068 479 1092 ».

196 1123 292 1167 363.
328 1125 561 1170 Alter-nae
599 1127 1028 1181 praesentationes
1075 1127 1111 1168 iu
1155 1124 1282 1170 Clem.
1325 1129 1548 1182 permissae
1593 1129 1708 1170 inte-

74 1197 243 1237 uiuntur
275 1193 352 1238 sub
385 1207 473 1250 cap.
511 1194 534 1236 ⁶2
574 1210 593 1234 «
618 1195 668 1237 ‹le
714 1197 802 1238 iure
847 1201 1129 1252 patronatus»
1170 1196 1254 1254 (Ill,
1291 1197 1386 1254 12):
1426 1202 1513 1241 «ut
1548 1197 1708 1241 facilius

75 1265 344 1322 provideatur
377 1264 578 1315 ecclesiis,
604 1279 682 1308 11011
709 1268 1005 1310 inconveniens
1040 1272 1294 1323 reputamus,
1328 1269 1401 1316 (ait
1424 1267 1614 1312 Clemens
1639 1267 1705 1325 V),

74 1341 267 1393 patronos
302 1338 410 1392 ipsos
444 1338 549 1379 inter
593 1350 635 1379 se
682 1351 797 1393 posse
844 1337 971 1381 libere
1009 1341 1252 1392 convenire,
1286 1339 1336 1382 de
1373 1345 1532 1383 rectore
1565 1339 1617 1384 31)
1648 1341 1707 1383 eis

73 1406 243 1451 alternis
280 1406 440 1450 vicibus
475 1408 838 1463 praesentando».
876 1407 963 1452 Hoc
998 1408 1242 1452 translatum
1281 1411 1408 1453 ret'ert
1447 1424 1538 1454 csm.
1574 1412 1708 1461 1459,

75 1478 172 1521 dum
207 1480 349 1521 statuit
381 1480 406 1532 ἓ
440 1479 481 1520 I.
518 1477 563 1521 Si
593 1477 752 1535 plures,
788 1483 825 1522 et
865 1479 1082 1535 «pluralis
1117 1479 1268 1523 locutio
1313 1481 1490 1524 duorum
1532 1494 1708 1524 numero

74 1553 135 1592 est
167 1554 357 1592 contenta
383 1565 404 1589 n
441 1552 542 1605 (reg.
579 1549 632 1592 40
669 1551 768 1592 iuris
803 1552 839 1592 in
867 1549 944 1606 6⁰),
968 1550 1209 1607 sinyulares
1231 1565 1451 1608 personae,
1475 1552 1601 1596 idest:
1626 1564 1706 1609 qua

76 1632 292 1675 personam
327 1619 587 1676 collegialem
614 1633 691 1663 non
717 1623 1030 1674 constituentes,
1054 1621 1139 1664 sim
1156 1622 1337 1679 patroni
1359 1625 1592 1679 originarii,
1612 1631 1706 1681 pos-

73 1695 171 1733 sum
202 1704 251 1734 ex
287 1693 376 1734 iure
411 1704 489 1733 non
526 1691 751 1735 inhibendo
786 1705 805 1733 3
845 1692 1139 1747 Superioribus
1184 1693 1478 1737 ecclesiasticis
1514 1699 1595 1736 tecm
1629 1707 1709 1752 pro

73 1775 117 1803 se
151 1767 235 1804 lum
266 1775 344 1819 pro
377 1761 466 1804 svis
499 1761 822 1816 succes-scribas,
845 1765 982 1819 agitur
1006 1766 1114 1806 enim
1141 1764 1192 1807 de
1218 1767 1306 1807 iure
1335 1765 1441 1822 quod
1470 1768 1707 1808 renuntiare

74 1845 240 1890 quoque
275 1838 443 1888 possunt
477 1835 516 1876 in
552 1835 693 1876 limine
717 1833 981 1885 fundationis,
1006 1833 1056 1877 (le
1084 1834 1264 1878 alternis
1292 1835 1710 1893 praesentalionibus

75 1905 113 1946 in
152 1906 413 1947 vacationum
448 1907 712 1947 successione
747 1904 858 1947 inter
890 1919 934 1947 se
967 1904 1241 1949 observandis
1281 1907 1416 1964 quoad
1461 1909 1705 1950 exercitium

76 1974 310 2018 convenire.

196 2044 446 2089 Libertatem
486 2060 583 2090 vero
619 2049 655 2089 in
690 2045 960 2091 Clementinis
992 2062 1231 2105 expressam
1267 2053 1326 2093 sic
1360 2049 1507 2093 limitat
1533 2050 1560 2108 ξ
1583 2052 1623 2093 2.
1657 2048 1708 2094 U!

77 2121 216 2158 autem
251 2114 351 2158 haee
383 2117 597 2160 conventio
630 2117 869 2161 facultativa
894 2132 942 2162 ex
968 2122 993 2173 g
1028 2120 1070 2162 10
1094 2120 1151 2162 sit
1175 2119 1330 2168 valida,
1356 2120 1400 2178 (α
1425 2123 1590 2165 irritans
1608 2135 1708 2178 ergo

78 2185 180 2229 11360
204 2186 267 2230 lex
293 2186 482 2230 habenda
507 2193 605 2230 est»
634 2201 723 2231 can.
746 2189 833 2246 11),
858 2189 1029 2233 accedat
1053 2192 1242 2234 eamdem
1268 2193 1520 2235 confirmans
1544 2197 1708 2249 oporte!

78 2256 119 2313 a)
157 2255 383 2300 Ordinarii
414 2259 607 2315 equidem
654 2258 729 2303 loci
775 2274 998 2303 consensus
1037 2275 1115 2305 non
1152 2267 1346 2305 oretenus
1384 2262 1445 2305 vel
1482 2265 1607 2313 t'act0,·
1636 2263 1706 2306 sed

81 2326 123 2384 1))
155 2326 198 2369 in
231 2327 403 2385 scriptis
436 2327 574 2377 (lalus,
599 2329 672 2386 qui
706 2335 857 2387 tamen,
882 2336 919 2374 et
945 2331 1020 2376 hoc
1046 2332 1149 2376 bene
1175 2333 1416 2387 notandum,
1435 2333 1562 2376 semel
1582 2346 1705 2391 prae-

78 2397 205 2440 stitus
237 2411 330 2441 cum
366 2399 513 2442 effectu
549 2399 601 2443 ob
636 2402 957 2445 notificationem
992 2403 1136 2460 nequit
1172 2403 1310 2446 val-ide
1333 2406 1370 2456 a)
1393 2403 1442 2445 ab
1466 2403 1604 2446 eodem
1635 2404 1710 2445 02·-

78 2467 249 2511 dinario
281 2468 344 2511 vel
376 2469 466 2512 eius
500 2470 821 2525 suceessoribus,
856 2471 896 2528 1))
922 2474 1122 2530 patronis
1157 2474 1312 2527 invitis,
1339 2474 1397 2531 (in
1427 2487 1570 2518 eorum
1597 2477 1704 2517 enim

79 2539 263 2582 favorem
299 2540 501 2591 firmatur)
534 2542 738 2585 revocari.

197 2610 264 2654 Sic
287 2613 455 2666 pariter,
479 2614 573 2668 quia
598 2613 827 2656 secundum
855 2627 938 2670 reg.
967 2615 982 2657 1
1015 2617 1138 2658 iuris:
1179 2631 1199 2655 «
1223 2613 1371 2659 Omnis
1396 2629 1460 2659 res
1484 2629 1558 2672 per
1590 2628 1708 2672 quas·

79 2693 258 2737 cumque
291 2693 436 2725 causas
470 2685 653 2726 nascitur
688 2696 760 2739 per
793 2684 958 2728 easdem
996 2685 1280 2736 resolvitur»,
1316 2683 1477 2729 nonnisi
1521 2699 1569 2729 ex
1611 2699 1705 2729 con-

77 2764 199 2795 sensu
226 2756 492 2807 patronorum
522 2752 583 2796 vel
605 2756 788 2796 unanimi
813 2768 1101 2799 successorum
1126 2756 1246 2799 simul
1269 2769 1315 2799 ae
1334 2753 1546 2800 Ordinarii
1572 2761 1707 2800 actua-

79 2821 128 2865 lis
163 2826 294 2878 potest
326 2825 548 2866 conventio
573 2823 639 2866 illa
665 2827 868 2880 revocari,
893 2838 968 2870 nec
991 2827 1198 2870 sufficeret
1225 2832 1489 2883 patronorum
1520 2826 1708 2870 voluntas

80 2896 124 2936 ut
158 2893 354 2936 recedant
388 2905 407 2936 a
442 2896 718 2937 conventione
757 2895 905 2951 valide,
940 2899 1070 2940 invito
1103 2894 1327 2942 Ordinario
1361 2898 1558 2953 praefato.
