1965 3240
182 147 250 182 562
369 145 454 179 Lus.
482 144 555 179 ΙΙΙ.
584 164 595 170 -
623 143 733 177 PARS
758 142 825 176 VI.
854 161 867 167 -
892 141 949 176 De
973 142 1084 175 bonis
1110 141 1301 175 Ecclesiae
1326 139 1606 184 temporalibus

183 266 409 309 contractui
446 264 745 320 praescriptum
777 254 886 305 can.⁸
918 259 1033 307 1150
1064 260 1252 317 sequenti
1278 258 1413 302 modo.
1440 257 1519 301 Res
1550 272 1712 314 sacrae,
1749 260 1807 301 vi·
1873 286 1876 291 -
1945 263 1950 271 ·

183 336 358 380 delicet:
397 350 419 375 «
441 337 707 378 consecratae
741 331 806 375 vel
831 331 1072 375 benedictae
1095 331 1361 373 constitutiva
1386 328 1673 373 benedictione
1695 344 1734 385 »,
1759 334 1806 373 ut
1876 331 1878 334 '
1943 325 1947 334 “

183 406 237 450 ibi
271 406 527 450 declaratum
562 405 649 457 fuit,
671 416 723 446 ne
745 400 1069 451 commodentur,
1102 401 1191 443 sive
1225 399 1352 454 laicis,
1385 401 1476 443 sive
1509 399 1685 454 clericis,
1713 402 1805 443 sive

181 489 381 535 personae
415 474 558 518 morali
592 473 648 517 ad
681 486 801 516 usum
842 474 1053 529 cognitum
1099 472 1282 527 praevie,
1326 470 1582 527 proindeque
1614 473 1803 514 revocari

182 552 316 604 posset
350 545 659 590 commodatum
692 543 744 587 ob
768 542 1010 600 implicitam
1035 542 1130 585 hinc
1162 541 1457 596 conditionem,
1490 542 1522 584 si
1555 540 1802 585 adhiberen-

181 623 248 662 tur
284 618 378 660 «ad
413 630 533 660 usum
558 631 577 657 ›>
615 615 687 673 qai
719 613 947 658 earundem
989 617 1183 664 calmae,
1201 616 1405 669 quatenus
1428 611 1530 655 haec
1563 612 1801 656 destinatio-

182 702 276 733 nem
309 688 533 731 secumfert
564 685 831 743 peculiarem,
877 698 913 727 v.
954 698 1014 740 gr.
1063 685 1187 726 vestis
1219 695 1362 726 sacrae
1404 682 1454 726 ad
1488 685 1696 726 scenicam
1741 696 1803 726 re-

183 761 567 816 praesentationem,
606 757 668 800 vel
703 760 905 813 quatenus
943 770 963 795 «
987 754 1038 797 ob
1081 767 1201 797 usum
1235 754 1451 810 profanum
1477 769 1515 809 »,
1552 767 1589 796 v.
1630 767 1690 810 gr.
1735 767 1800 798 ca-

182 829 271 874 licis
303 829 352 873 ad
388 827 613 872 bibendum
647 829 685 869 in
711 828 825 882 regio
848 826 1056 879 convivio,
1079 828 1295 881 repuqnet.

299 899 356 943 De
389 903 552 942 caetero
585 891 651 940 hic
682 901 917 940 contractus
941 897 1099 951 regitur
1123 896 1375 951 praescripto
1398 906 1488 937 can.
1514 894 1640 946 1529,
1665 894 1800 952 quoad

181 971 511 1014 circumstantias
549 971 679 1011 «iure
712 967 826 1011 civili
860 969 898 1009 in
924 967 1175 1009 territorio»
1215 966 1350 1008 forsan
1383 969 1576 1018 statutas;
1596 969 1635 1008 et
1657 967 1688 1008 si
1714 979 1804 1022 pro-

182 1045 271 1098 pter
304 1042 363 1083 rei
396 1039 683 1083 commodatae
726 1037 910 1081 valorem
949 1036 1010 1079 vel
1045 1037 1391 1089 circumstantias,
1434 1049 1470 1079 v.
1511 1049 1572 1092 gr.
1607 1035 1805 1092 longioris

180 1113 392 1167 temporis,
431 1109 654 1153 «conditio
696 1107 907 1152 Ecclesiae
950 1106 1289 1164 (commodantis)
1333 1107 1447 1162 peior
1489 1106 1578 1149 fieri
1612 1108 1801 1162 possit»,

181 1185 400 1225 serventur
432 1179 741 1233 sollemnitateS,
775 1190 881 1236 quae
915 1177 965 1221 ob
989 1189 1188 1220 canonem
1219 1176 1326 1219 1533
1366 1179 1741 1233 «requiruntur».

301 1250 419 1307 Viget
451 1262 615 1307 quoque
647 1249 698 1292 ob
731 1252 967 1292 contractus
1002 1252 1189 1290 naturam
1220 1252 1343 1303 caput
1366 1260 1434 1290 un.
1459 1246 1581 1290 huius
1604 1246 1709 1290 tituli
1733 1260 1802 1290 su-

183 1335 252 1378 pra
287 1324 426 1365 citati:
466 1319 609 1364 «Cum
645 1321 776 1376 gratia
810 1321 871 1362 sui
906 1323 1063 1362 tantum
1097 1320 1167 1376 qui
1201 1317 1509 1361 commodatum
1544 1320 1717 1373 accepit,
1750 1317 1802 1361 de

183 1392 390 1435 levissima
425 1393 547 1434 etiam
581 1390 700 1446 culpa
735 1394 949 1432 teneatur:
984 1388 1097 1432 Licet
1119 1401 1238 1432 casus
1272 1390 1460 1432 fortuitus
1483 1388 1578 1446 (nisi
1603 1388 1802 1432 acciderit

180 1462 301 1518 culpa
332 1475 419 1515 sua,
457 1461 518 1504 vel
555 1463 826 1504 intervenerit
860 1464 1038 1515 pactum,
1076 1473 1147 1503 seu
1187 1461 1225 1502 in
1266 1471 1380 1502 mora
1416 1459 1574 1509 fuisset)
1607 1458 1683 1502 sibi
1719 1472 1799 1501 non

181 1532 328 1577 debeat.
362 1533 568 1588 imputari.
604 1557 656 1561 —
691 1529 840 1575 Contra
874 1544 966 1573 eum
1002 1543 1167 1588 quoque
1201 1534 1311 1573 recte
1334 1529 1584 1573 commodati
1610 1542 1688 1572 non
1712 1531 1797 1586 agi-

179 1609 257 1650 tur,
293 1605 367 1646 nisi
403 1607 490 1659 post
522 1602 745 1658 expletum,
785 1603 903 1644 cuius
940 1603 1071 1657 gratia
1112 1614 1175 1644 res
1209 1602 1342 1644 fuerat
1374 1600 1662 1644 commodata:
1697 1598 1799 1644 Cum

179 1688 258 1717 non
293 1674 426 1729 decipi
453 1673 652 1716 beneficio
677 1685 749 1715 nos
772 1676 972 1728 oporteat,
996 1672 1065 1715 sed
1102 1673 1234 1715 iuvari
1260 1687 1299 1716 ³).

298 1744 393 1786 454.
431 1746 502 1789 De
534 1745 825 1800 pignoribus
858 1747 906 1789 et
937 1745 1047 1789 aliis
1090 1745 1415 1796 cautionibus,
1459 1746 1579 1798 prout
1622 1742 1699 1785 fert
1731 1755 1798 1784 ru-

181 1815 293 1860 brica
328 1817 386 1857 tit.
422 1814 529 1865 XXI,
562 1813 648 1857 Lib.
684 1813 734 1856 lll
778 1809 1055 1856 Dec'retalium
1088 1812 1139 1868 X,
1173 1813 1366 1869 specialia
1401 1812 1511 1856 iubet
1555 1826 1646 1857 caiz.
1681 1813 1802 1855 1538

181 1886 422 1940 desumptus
455 1898 503 1928 ex
538 1884 654 1927 lustr.
689 1884 726 1929 S.
761 1882 804 1928 C.
838 1884 888 1927 de
923 1884 1038 1940 l'rop.
1072 1883 1113 1928 F.
1148 1886 1198 1927 ad
1232 1883 1457 1927 Patriarcb.
1492 1882 1661 1927 Arinen.
1695 1895 1733 1925 n.
1759 1882 1797 1926 4.

180 1956 231 1999 St·
263 1955 461 1999 ecelesiae
492 1955 610 2009 bona,
635 1954 802 1998 mobilia
836 1954 1161 2011 immobiliaque,
1184 1954 1375 2011 leyitima
1412 1969 1433 1995 ς(
1457 1954 1589 1997 idest:
1624 1957 1799 2010 urgente

179 2029 434 2081 necessitate,
470 2026 533 2069 vel
567 2025 748 2069 evidenti
775 2025 947 2068 utilitate
970 2024 1195 2077 Ecclesiae,
1220 2025 1282 2068 vel
1308 2027 1498 2082 pietate»
1537 2024 1645 2082 (can.
1672 2023 1798 2076 1530,

178 2097 206 2156 ἓ
252 2098 286 2153 1,
331 2097 392 2153 20)
434 2096 736 2139 interveniente
778 2110 920 2146 eausa,
962 2110 1032 2139 seu
1077 2096 1273 2153 ampliata
1317 2100 1506 2152 respectu
1546 2094 1694 2140 lnstr.is
1726 2097 1798 2139 cit.

185 2184 204 2209 (t
228 2170 259 2210 si
293 2172 446 2211 constet
481 2168 531 2211 de
568 2180 662 2210 vera
702 2172 741 2210 et
783 2169 900 2223 gravi
939 2166 1148 2211 Ecclesiae
1183 2169 1488 2220 necessitate»,
1520 2165 1560 2224 a)
1597 2165 1795 2223 oppiyno-

179 2237 329 2292 raudo,
364 2250 469 2295 quae
502 2251 649 2294 nempe
674 2237 892 2280 traduntur
917 2240 954 2280 in
979 2237 1194 2281 solutionis
1216 2237 1341 2281 debiti
1365 2239 1643 2289 securitatem,
1669 2235 1710 2292 b)
1733 2234 1798 2278 vel

181 2307 434 2367 hypothecae
466 2308 632 2351 nomine
665 2297 879 2365 per'hunc
912 2313 1170 2352 contractum
1206 2311 1244 2351 in
1283 2308 1399 2351 illum
1423 2308 1547 2351 finem
1570 2305 1797 2364 obliyanda

179 2378 277 2428 sint,
312 2381 363 2422 ita
398 2383 440 2421 ut
474 2382 627 2434 possint
647 2381 685 2421 in
709 2378 889 2422 alienum
914 2378 1143 2422 dominium
1167 2378 1243 2422 sub
1266 2379 1502 2422 conditione
1525 2391 1604 2421 non
1629 2376 1797 2433 impleta

183 2450 337 2502 venire,
371 2449 479 2491 unde
512 2450 673 2504 incepta
707 2461 758 2491 ex
793 2451 880 2492 iure
913 2454 1020 2492 esset
1052 2448 1259 2504 alienatio,
1292 2448 1332 2505 c)
1366 2447 1430 2491 vel
1462 2453 1618 2504 ayalur
1648 2446 1802 2490 solum·

180 2519 301 2561 modo
334 2517 383 2560 de
415 2531 513 2560 aere
545 2518 684 2562 alieno
719 2519 844 2562 idest:
881 2524 1022 2561 mutuo
1067 2521 1230 2575 passivo
1272 2516 1557 2562 contrahendo
1599 2516 1796 2574 simplici·

180 2593 241 2631 ter
277 2587 339 2631 vel
373 2601 466 2631 cum
501 2588 751 2645 obligatione
784 2589 937 2646 aliquid
975 2589 1079 2632 ultra
1103 2594 1255 2633 sortem
1282 2589 1491 2646 periodico
1515 2592 1700 2644 tempore
1723 2586 1799 2630 scl-

184 2658 319 2711 vendi,
353 2657 565 2714 leyilimus
598 2659 805 2717 Superior
837 2659 935 2702 cleri
968 2659 1207 2715 saecularis,
1249 2659 1441 2703 subditur
1473 2661 1605 2702 enim:
1639 2657 1711 2716 qui
1742 2655 1799 2700 ad

179 2741 369 2771 normam
397 2734 504 2771 can}
527 2731 660 2783 1532,
683 2728 896 2772 licentiam
920 2728 1024 2772 dare
1046 2728 1174 2785 debet,
1199 2742 1278 2773 non
1303 2732 1357 2773 ita
1380 2729 1457 2773 hoc
1481 2727 1795 2784 intelligendum

180 2797 285 2854 quod
320 2799 371 2840 sit
404 2797 620 2855 obligatus,
666 2801 740 2842 nisi
776 2800 934 2842 ratione
973 2811 1136 2855 causae,
1168 2800 1239 2844 sed
1273 2802 1369 2857 quia
1413 2804 1457 2843 ut
1498 2799 1736 2855 designatus
1772 2807 1795 2839 a

179 2880 336 2912 canone
369 2869 417 2912 ad
454 2868 563 2913 illam
598 2870 776 2914 dandam
811 2874 871 2913 est
904 2874 1156 2926 competens,
1188 2870 1229 2927 a)
1263 2870 1407 2928 esriqat
1439 2882 1461 2914 a
1494 2866 1796 2926 postulantibus
1865 2847 1889 2889 ‘s
1929 2880 1934 2887 ¹
