1965 3240
470 183 552 218 Tl'r.
583 183 672 219 XX.
699 203 711 209 -
738 182 793 218 De
821 184 920 217 verbi
947 180 1073 217 'divini
1097 184 1385 227 praedicatione
1668 186 1737 219 275

117 303 206 350 pulis
232 301 451 349 praedicatur
479 301 528 337 lex
558 301 614 337 Dei
642 306 675 337 et
701 301 835 336 iustitia
859 300 946 342 eius,
972 301 1167 337 docendum
1195 313 1268 337 esse
1293 303 1525 338 obedientiam
1561 310 1737 350 praestan-

114 362 194 396 dam
221 370 302 405 erga
329 359 506 406 principes
531 359 635 395 etiam
663 359 839 400 discolos;
879 358 913 393 in
956 360 1211 405 praedieatione
1251 358 1343 394 verbi
1373 360 1428 395 Dei
1456 367 1489 396 et
1515 362 1737 398 administra-

115 419 207 455 tione
233 423 533 461 sacramentorum
562 418 696 454 nullam
725 417 897 453 tumultus
923 422 956 453 et
982 418 1182 453 rebellionis
1208 419 1439 464 suspicionem
1460 432 1533 455 esse
1552 422 1737 456 creandam

113 489 152 515 ex
179 477 359 514 concionis
385 481 417 512 et
443 482 604 512 coetuum
634 476 876 523 frequentia».
908 475 997 512 ilaec
1025 477 1084 513 ibi.

237 585 406 642 Propter
439 584 670 628 doctrinam
717 584 1018 641 praedicatoris
1057 597 1105 627 ex
1151 584 1274 627 Cone.
1318 584 1427 628 Trid.
1466 588 1474 607 ¹
1523 588 1742 630 translatus

115 661 175 700 est
207 659 232 710 g
261 658 306 699 3.
339 654 407 706 Si,
447 654 556 713 qnod
589 655 709 710 absit,
746 655 1018 698 concionator
1059 668 1239 706 errores,
1286 656 1419 712 quoad
1460 660 1652 700 veritates
1686 672 1742 701 rc·

63 738 67 742 ·
115 728 281 784 ligiosas
314 726 532 781 theoricas,
567 731 641 769 (ιιιί
674 724 879 769 seandala
914 724 966 768 ob
1011 725 1131 769 falsas
1173 726 1234 769 vel
1285 726 1400 769 laxas
1445 731 1742 784 propositiones

117 797 293 841 morales
325 796 569 840 disseminet
595 797 684 840 loco
712 795 826 839 verbi
852 795 938 851 Dei,
964 796 1072 853 quod
1097 809 1237 840 semen
1264 796 1414 840 bonum
1441 802 1514 848 est,
1543 801 1740 841 «etiamsi

115 871 153 912 in
190 870 439 911 monasterio
471 870 550 922 sui,
588 868 650 910 vel
686 867 855 911 alterius
888 867 1058 911 Ordinis
1093 865 1365 924 praedicet»,
1396 874 1585 911 servetur
1619 883 1739 926 prae-

114 939 317 997 scriptum.
350 953 441 982 can.
476 939 603 982 2317
628 937 642 960 2
676 937 727 982 ab
770 936 1007 993 ordinario,
1047 941 1116 995 qui
1155 938 1213 981 vel
1254 939 1535 982 «facultatem
1579 942 1740 983 concio-

116 1010 238 1054 nandi
273 1012 546 1066 impertivit»
585 1010 634 1053 ad
670 1022 858 1052 normam
894 1021 984 1053 ean.
1022 1009 1148 1063 1338,
1187 1009 1248 1052 vel
1289 1009 1584 1053 «licentiam»
1615 1012 1652 1052 in
1678 1023 1744 1053 ca-

113 1081 227 1126 sibus
244 1094 335 1125 can.
367 1081 487 1135 1341,
513 1081 693 1124 scilicet:
721 1083 826 1123 inter
850 1079 929 1123 alia
958 1094 979 1120 ((
1002 1082 1037 1123 ei
1075 1080 1426 1136 praedicationem
1461 1081 1679 1124 interdicat
1703 1097 1741 1134 »,

113 1153 151 1195 st·
184 1151 379 1195 haereses
427 1152 841 1208 «praedicaverit»,
878 1151 921 1193 in
954 1164 1045 1193 eum
1081 1157 1319 1209 praeterea,
1353 1151 1533 1196 scilicet:
1569 1165 1646 1194 nou
1681 1166 1743 1195 so-

115 1223 197 1267 lum
233 1236 387 1275 poenae
421 1225 488 1267 cit.
513 1225 683 1266 canonis
715 1222 990 1279 applicentur,
1011 1222 1081 1265 sed
1113 1221 1168 1264 ad
1192 1236 1380 1265 normam
1404 1222 1512 1265 iaris
1535 1225 1743 1266 constituti

116 1296 153 1337 iu
193 1293 278 1337 Lib.
315 1293 364 1336 tv
398 1294 532 1351 quoad
569 1293 748 1337 tribuual
783 1298 1023 1350 competens
1055 1297 1094 1336 et
1129 1293 1296 1336 modum
1334 1293 1600 1349 procedendi,
1634 1298 1673 1336 et
1706 1295 1743 1335 in

114 1364 200 1409 Lib.
229 1364 257 1407 V
292 1367 402 1409 circa
437 1377 589 1421 poenas
624 1364 883 1421 infligendas,
917 1369 1086 1421 aqatur,
1127 1366 1329 1407 «etiamsi
1366 1364 1627 1421 praedicator
1660 1366 1744 1421 ipse

113 1435 296 1493 generali
334 1435 396 1480 vel
431 1435 599 1491 speciali
636 1434 854 1492 privilegio
888 1439 1127 1491 exemptum
1161 1448 1204 1478 se
1237 1448 1325 1478 esse
1361 1435 1686 1491 praetenderet»
1716 1435 1744 1486 ³,

114 1508 265 1549 etenim
306 1505 643 1561 «Superioribus
667 1504 921 1561 quibuslibet
956 1505 1141 1548 districte
1176 1504 1418 1561 prohibetur
1450 1507 1672 1562 quominus
1707 1507 1743 1547 in

113 1579 249 1620 causis
271 1577 320 1620 ad
345 1578 383 1620 S.
409 1575 604 1621 Ollicium
638 1575 922 1632 spectantibus
945 1589 987 1618 se
1013 1577 1330 1618 intromittant»
1365 1574 1475 1632 (can.
1512 1576 1585 1618 501
1626 1576 1653 1633 g
1688 1575 1744 1632 2).

815 1739 972 1775 CAPUT.
1004 1739 1058 1776 ΙΙΙ.

685 1824 738 1857 lle
765 1823 887 1858 sacris
919 1822 1178 1857 missionibus.

162 1932 246 1968 CAN.
264 1929 364 1966 1349.
383 1950 398 1957 -
419 1935 438 1973 ἓ
458 1930 486 1965 1.
506 1929 686 1966 Ordinarii
702 1929 896 1975 advigilent

115 1984 164 2023 ut⁷
181 1979 304 2015 saltem
320 1978 454 2014 decimo
469 1989 606 2024 quoque
621 1989 729 2020 anno,
744 1988 893 2020 sacram⁷

115 2038 220 2073 quam
237 2031 370 2067 vocant,
385 2025 602 2067 missionem,
615 2026 658 2060 ad
673 2036 813 2070 gregem
826 2024 893 2059 sibi

114 2074 342 2110 commissum
362 2073 561 2108 habendam
591 2073 730 2119 parochi
759 2076 896 2107 curent.

162 2125 180 2164 ξ
209 2121 239 2158 2.
268 2120 453 2161 ParocbuS,
479 2120 584 2156 etiam
623 2120 819 2165 religiosus,
859 2119 894 2152 in

114 2169 168 2204 his
196 2168 422 2204 missionibus
458 2167 684 2203 instituendis
720 2166 896 2203 mandatis

970 1933 1003 1964 et
1031 1928 1169 1975 parochi
1197 1928 1420 1969 acatholicos,
1450 1929 1484 1963 in
1512 1931 1583 1965 suis
1617 1932 1746 1967 dioece-

971 1976 1067 2011 sibus
1101 1980 1133 2011 et
1170 1976 1336 2022 paroeciis
1367 1977 1543 2021 degentes,
1572 1989 1747 2015 commen-

970 2024 1068 2059 datos
1096 2024 1159 2058 sibi
1191 2024 1224 2057 in
1256 2023 1401 2058 Domino
1430 2024 1592 2060 babeant.

1018 2075 1035 2117 ξ
1063 2071 1093 2105 ’2.
1122 2070 1159 2105 ln
1186 2070 1264 2105 aliis
1285 2070 1467 2105 territoriis
1486 2072 1647 2108 universa
1667 2074 1747 2108 mis-

970 2118 1108 2153 sionum
1131 2129 1213 2152 cura
1231 2119 1322 2163 apud
1341 2118 1550 2153 acatholicos
1566 2119 1642 2155 Sedi
1660 2123 1748 2167 Apo-

970 2165 1108 2200 stoli‹·ae
1137 2165 1238 2200 unice
1265 2170 1470 2201 reservatur.

1017 2213 1102 2248 (jis.
1138 2212 1236 2248 1:³51.
1266 2232 1286 2238 -
1319 2213 1368 2247 :id
1404 2213 1673 2258 amplexandam
1711 2216 1747 2250 ti-

969 2260 1047 2295 dem
1075 2260 1280 2295 catholicam
1311 2270 1413 2294 nemo
1442 2261 1573 2295 invitus
1591 2268 1748 2311 rogatur,

114 2215 293 2251 Ordinarii
323 2215 386 2251 loci
416 2219 506 2250 stare
532 2215 645 2250 debet.

161 2262 245 2300 Cis.
273 2262 373 2297 1350.
397 2283 413 2287 —
437 2265 455 2303 ξ
480 2263 508 2297 l.
531 2262 711 2298 Ordinarii
743 2264 894 2297 locorum

232 2359 328 2402 228-
365 2361 622 2416 Inscriptio
658 2360 846 2415 Capitis
878 2360 1083 2414 eiusque
1117 2369 1348 2401 canones.
1389 2355 1584 2399 Ultimum
1621 2358 1751 2402 liuius

112 2429 233 2473 Tituli
272 2428 407 2487 Caput
443 2428 507 2472 III
552 2434 611 2472 est
665 2428 721 2472 De
768 2428 919 2480 saeris,
965 2432 1048 2470 tum
1099 2425 1150 2469 ob
1196 2428 1426 2474 materiam,
1462 2431 1544 2469 tum
1583 2435 1749 2484 propter

234 2559 366 2592 ²Sess.
401 2559 429 2591 V
456 2570 499 2592 ca
533 2586 539 2593 .
570 2561 604 2592 2.

231 2607 243 2628 ²
278 2571 576 2640 «Pertinacilier
601 2607 786 2640 docentes
814 2606 874 2640 vel
891 2603 1150 2639 defendentes
1177 2602 1260 2636 sive
1277 2602 1430 2646 publice
1457 2604 1542 2637 sive
1558 2606 1748 2648 privatim

113 2653 350 2694 doctrinam,
379 2665 477 2698 quae
504 2654 551 2687 ab
579 2653 810 2698 Apostolica
845 2653 945 2687 Sede
980 2651 1043 2686 xe]
1077 2662 1098 2683 a
1133 2649 1311 2683 Concilio
1348 2650 1528 2684 Generali
1564 2651 1749 2685 damnata

113 2700 271 2746 quidem
309 2701 402 2744 fuit,
442 2700 513 2735 sed
551 2712 629 2734 non
664 2701 726 2735 uti
752 2701 972 2735 formaliter
998 2697 1218 2739 haeretica,
1247 2705 1456 2731 arceantur
1481 2710 1501 2731 a
1527 2699 1749 2733 ministerio

111 2747 367 2792 praedicandi
395 2748 558 2782 verbum
585 2748 658 2782 Dei
685 2748 923 2782 audiendive
949 2743 1258 2781 sacramentales
1276 2746 1542 2779 consessiones
1561 2753 1599 2779 et
1619 2759 1639 2779 a
1658 2758 1748 2790 quo-

113 2795 209 2829 libet:
248 2795 413 2829 docendi
453 2806 629 2835 munere,
671 2795 793 2829 salvis
832 2795 922 2829 aliis
960 2792 1099 2839 poenis
1130 2802 1226 2835 quas
1253 2793 1453 2826 sententia
1480 2792 1747 2827 damnationis·

112 2842 212 2877 forte
238 2843 440 2882 statuerit,
470 2843 532 2876 vel
568 2853 666 2887 quas
702 2842 953 2886 Ordinarius‚
990 2844 1079 2886 post:
1113 2837 1391 2877 monitionem,
1430 2841 1667 2874 necessarias
1702 2840 1747 2873 ad

110 2889 378 2934 reparandum
405 2890 637 2924 scandalum
664 2889 873 2925 duxerit».

231 2938 245 2959 3
272 2937 388 2972 Conc.
418 2937 524 2972 Trid.
553 2938 626 2972 loc.
657 2937 725 2971 cit.
