1965 3240
590 187 719 213 INDEX
746 186 939 213 GANONUM
964 186 1016 211 ET
1041 185 1324 212 COMMENTARH

141 358 199 392 De
225 355 497 392 contractibus
523 356 564 390 in
592 366 735 401 genere

139 415 410 451 Alienationis
444 414 736 449 sollemnitates

141 476 299 510 Iustum
325 474 382 509 rei
409 474 582 519 pretium
620 500 627 512 ,

141 534 322 569 Licentia
348 533 518 579 legitimi
546 532 769 577 Superioris
837 558 844 566 .

140 593 334 628 Extensio
361 592 681 627 sollemnitatum
706 591 755 626 ad
780 591 878 625 alios
903 593 1132 625 contractus
1174 618 1180 623 .

143 652 260 687 Actio
285 651 505 697 personalis
530 663 574 685 ac
600 650 719 685 realis
750 660 993 695 consequens
1063 677 1068 682 .

143 711 201 746 De
219 710 514 745 donationibus.

141 770 201 805 De
226 769 394 814 receptis
420 768 703 803 donationibus
729 793 738 802 .

143 830 202 864 De
228 827 472 863 commodato
513 854 520 861 .

143 889 202 923 De
227 887 467 934 pignoribus
493 890 533 920 et
558 886 649 920 aliis
676 885 930 920 cautionibus
950 911 958 919 .

145 948 202 982 De
230 946 460 981 venditione
487 957 531 980 ac
556 945 852 991 permutatione

145 1007 203 1041 De
229 1007 357 1041 locato
383 1009 423 1040 et
449 1004 644 1039 conducto

147 1065 446 1101 Sollemnitates
511 1091 518 1098 .

146 1126 204 1160 De
230 1124 485 1170 emphyteusi
509 1151 516 1157 .
843 1150 849 1156 .

146 1185 204 1219 De
229 1183 499 1230 praestatione
524 1182 581 1217 rei
607 1150 819 1227 fungibilis
845 1185 886 1216 et
912 1181 958 1215 de
983 1180 1094 1215 lucro

799 1311 987 1348 TlTULUS
1014 1310 1121 1347 XXX.

707 1396 763 1430 De
791 1395 869 1438 piis
895 1394 1224 1429 fundationibus.

149 1482 328 1517 Oanones
355 1480 558 1515 1544-1551
625 1507 632 1514 .

149 1541 279 1576 Tituli
310 1539 520 1585 inscriptio

148 1601 269 1635 Notio
295 1627 303 1634 .
475 1609 480 1612 ’

149 1660 218 1695 Ius
245 1659 448 1694 Ordinarii
474 1658 552 1693 loci
625 1685 632 1691 .

149 1719 361 1764 Requisita
387 1717 435 1752 ad
460 1718 564 1763 piam
589 1716 868 1752 fundationem

149 1779 209 1813 De
235 1777 447 1812 collatione
475 1777 581 1811 dotis
607 1776 694 1821 piae
718 1775 966 1810 fundationis

150 1837 416 1873 Fundationis
442 1836 529 1881 piae
560 1835 797 1870 documenta
848 1861 856 1869 .

149 1898 208 1932 De
234 1896 384 1931 tabella
409 1899 451 1931 et
476 1895 580 1930 libro
607 1894 889 1930 conservandis
954 1921 961 1928 .

152 1956 272 1991 Salva
296 1955 575 2001 religiosorum
602 1954 782 1999 exceptio
847 1980 854 1987 .

151 2015 209 2050 De
236 2026 400 2049 onerum
427 2014 657 2049 reductione
684 2013 845 2047 directa
858 2016 899 2046 et
924 2023 995 2058 per
1019 1979 1222 2046 indultum
1291 2037 1298 2044 .

151 2073 343 2109 Addenda
407 2101 413 2107 .

1497 379 1503 386 .
1560 353 1652 386 1529

1499 557 1506 564 .
1561 531 1652 564 1532

1704 175 1771 210 601

1574 302 1651 323 CAN.
1690 301 1770 323 PAO.

1702 352 1774 387 545

1499 439 1505 445 .
1561 410 1653 446 1530
1703 412 1774 446 546

1502 498 1509 505 .
1564 470 1654 505 1531
1706 471 1776 505 549

1703 530 1775 565 550

1503 616 1510 623 .
1566 589 1657 623 1533
1707 590 1777 624 555

1504 675 1511 682 .
1566 649 1658 683 1534
1707 648 1777 682 556

1501 734 1508 740 .
1564 707 1655 741 1535
1706 707 1777 741 558

1503 791 1510 800 .
1566 765 1657 800 1536
1707 765 1778 800 560

1505 851 1512 859 .
1568 824 1657 859 1537
1708 825 1773 859 561

1505 911 1511 917 .
1566 883 1658 918 1538
1708 883 1778 917 562

1505 969 1511 976 .
1568 942 1659 976 1539
1708 941 1778 977 563

1505 1029 1512 1036 .
1568 1001 1660 1036 1540
1709 1002 1779 1036 565

1505 1088 1512 1095 .
1567 1061 1656 1095 1541
1707 1061 1775 1095 566

1504 1147 1511 1154 .
1567 1121 1658 1155 1542
1707 1120 1776 1155 568

1505 1209 1511 1215 .
1566 1179 1658 1214 1543
1709 1180 1779 1216 570

1713 1476 1781 1511 575

1511 1562 1518 1568 .
1736 1545 1756 1567 »

1511 1621 1518 1628 .
1572 1593 1664 1628 1544
1713 1593 1782 1627 576

1511 1681 1517 1687 .
1572 1653 1664 1687 1545
1713 1652 1781 1686 577

1513 1740 1520 1746 .
1574 1711 1666 1747 1546
1737 1723 1757 1745 ›

1512 1799 1519 1806 .
1573 1771 1664 1806 1547
1714 1770 1783 1805 578

1512 1861 1518 1867 .
1572 1830 1665 1865 1548
1715 1830 1783 1864 579

1509 1918 1515 1925 .
1571 1890 1663 1925 1549
1713 1889 1783 1924 580

1513 1979 1518 1985 .
1574 1948 1666 1983 1550
1717 1948 1783 1982 581

1513 2035 1520 2042 .
1575 2008 1665 2043 1551
1717 2007 1785 2041 582

1716 2065 1785 2100 603
