1965 3240
559 165 644 200 Trr.
674 165 765 199 XII.
795 185 807 190 -
835 165 892 199 De
916 167 1121 209 sepultura
1147 167 1400 201 ecclesiastiea
1728 168 1795 201 113

163 286 217 330 de
249 286 326 330 bac
360 299 402 329 re
437 287 686 342 principium
720 287 759 327 in
794 297 882 341 cap.
919 285 972 327 10
997 285 1047 328 de
1079 284 1303 341 sepulturis
1325 286 1403 340 (itt,
1428 287 1498 344 28)
1534 286 1595 330 liis
1631 286 1791 330 verbis:

171 373 192 398 «
217 356 464 401 Paroecialis
497 356 670 400 ecclesia
705 356 756 398 de
787 355 1080 409 oblationibus,
1119 355 1247 409 lectis,
1273 361 1311 399 et
1334 356 1424 399 aliis
1446 370 1552 414 quae
1575 358 1795 401 defunctus

165 442 238 484 pro
271 430 407 472 anima
442 440 515 470 sua
549 429 588 470 in
624 426 766 470 ultima
809 426 1075 483 dispositione
1124 426 1347 483 i·etiquit,...
1398 430 1567 484 recipiat
1603 433 1791 486 quartam

165 504 325 556 partem
346 515 384 542 ³).
418 498 595 542 Econtra
630 500 669 540 in
703 509 791 553 cap.
828 498 895 539 tin.
931 497 982 540 de
1007 500 1262 540 testamentis
1285 497 1368 554 (ΙΙΙ,
1396 498 1465 555 26)
1490 501 1545 541 ait
1569 499 1692 555 tireg.
1719 498 1792 542 lX:

170 586 191 612 <c
214 569 273 614 De
305 569 368 613 liis
400 582 507 627 quae
540 571 578 612 in
613 570 867 612 ornamentis
902 568 965 611 vel
1003 581 1075 624 pro
1108 570 1167 611 eis
1199 582 1270 611 seu
1305 568 1474 623 fabrica,
1510 569 1794 621 luminaribus,

164 643 468 695 anniversario,
500 642 690 696 septimo,
729 640 945 695 vigesimo,
979 641 1191 695 trigesimo
1235 639 1314 694 die,
1359 642 1448 683 sive
1482 639 1584 688 aliis,
1621 640 1669 683 ad
1706 653 1795 696 per-

168 716 338 769 petuum
370 712 529 756 cultum
562 711 753 755 divinum
789 710 980 766 legantur
1012 709 1212 765 ecclesiis,
1259 710 1320 753 vel
1368 710 1536 767 reliquis
1572 713 1647 767 piis
1682 710 1794 761 locis,

164 786 364 828 canonica
398 785 530 840 portio
575 782 822 840 (dummodo
865 784 904 824 in
949 781 1135 824 fraudem
1179 794 1258 824 non
1303 782 1384 837 liat7
1427 786 1468 824 ut
1500 794 1545 825 ea
1580 784 1798 837 episcopus

166 868 240 898 seu
266 853 514 911 parochialis
536 853 711 898 ecclesia
735 852 884 896 debeat
906 852 1161 908 defraudari)
1187 852 1335 895 deduci
1361 865 1439 895 non
1471 852 1594 895 debet
1617 868 1655 895 ».
1684 851 1795 896 Haec

167 926 304 984 quoad
342 925 617 969 substantiam
654 925 767 979 (nam
809 924 1178 967 determinationes
1220 928 1314 966 sunt
1358 926 1507 966 nostris
1542 922 1798 979 temporibus

173 997 293 1040 valde
327 997 524 1052 mutatae)
557 997 787 1039 retinentur
824 994 1055 1051 simplicius
1089 997 1127 1037 in
1162 1008 1252 1036 can.
1297 995 1428 1037 1237.
1469 996 1492 1048 ,ξ
1537 994 1569 1036 Ι.
1607 992 1796 1036 Detralti

166 1067 283 1111 debe!
315 1067 548 1111 secundum
580 1080 730 1110 nomen
765 1068 893 1123 ipsius
924 1065 1064 1121 portio
1100 1064 1359 1122 paroecialis
1392 1078 1464 1108 seu
1488 1064 1639 1108 cedens
1664 1067 1701 1107 in
1728 1078 1796 1120 pa-

172 1138 360 1183 roecialis
392 1138 595 1182 ecclesiae
629 1139 817 1182 favorem
850 1151 901 1180 eoe
933 1135 1122 1180 omnibus
1152 1142 1191 1179 e!
1223 1135 1325 1179 solis
1357 1135 1456 1192 (non
1490 1149 1589 1191 ergo
1623 1136 1674 1179 de
1708 1135 1798 1178 aliis

169 1210 322 1254 relictis
356 1210 515 1267 legatis,
551 1209 828 1266 eleemosynis
860 1209 997 1251 forsan
1034 1210 1267 1261 missarum)
1305 1207 1375 1250 sed
1412 1207 1463 1250 de
1497 1206 1804 1259 emolecnzentz'.e‚

168 1295 275 1339 quae
307 1286 472 1324 statuta
504 1286 601 1323 sum
636 1283 675 1323 in
709 1279 992 1338 quorumlibet
1024 1292 1071 1322 ac
1105 1278 1307 1322 ecclesiae
1330 1278 1638 1335 eleemosynam
1663 1277 1703 1334 a)
1722 1291 1799 1335 pro

167 1351 317 1410 funere
342 1352 383 1409 b)
409 1357 448 1395 et
472 1354 654 1395 fortassis
676 1355 903 1409 sequutura
929 1350 1084 1394 ibidem
1115 1350 1176 1393 vel
1202 1349 1299 1393 alibi
1325 1349 1604 1392 (attitulatione
1627 1348 1670 1391 in
1698 1354 1797 1391 tara

167 1422 431 1466 dioecesana.
466 1422 526 1466 Ex
561 1423 710 1466 barum
744 1422 881 1466 indice
914 1421 1044 1466 facilis
1067 1423 1144 1464 erit
1167 1423 1420 1477 computatio
1445 1420 1553 1463 illius
1587 1421 1798 1476 portionis.

293 1495 473 1538 Additur
495 1494 702 1552 quaedam
728 1494 891 1537 illorum
912 1493 1288 1536 emolumentorum
1313 1493 1597 1548 interpretatio
1623 1492 1802 1547 practica

170 1565 249 1610 sub
283 1569 306 1620 ἓ
340 1566 376 1610 ⁶2.
413 1566 458 1609 Si
491 1579 750 1624 quacumque
781 1564 832 1608 de
864 1578 1008 1618 eausa)
1046 1565 1146 1608 llaec
1179 1577 1278 1620 ergo
1313 1576 1457 1619 parum
1494 1563 1630 1618 refert,
1655 1561 1695 1619 a)
1717 1562 1803 1619 pri-

174 1651 298 1691 mum,
330 1650 409 1679 non
443 1636 619 1680 alterum
665 1650 704 1679 v.
738 1650 799 1692 gr.
843 1638 882 1679 in
926 1637 1117 1692 septimo,
1160 1636 1373 1690 trigesimo
1408 1633 1488 1685 die,
1530 1632 1571 1689 b)
1606 1631 1805 1675 sollemne

169 1707 349 1766 officium
382 1706 569 1765 funebre,
603 1707 784 1751 scilicet:
824 1720 917 1750 cum
954 1708 1077 1749 missa
1111 1709 1288 1755 cantata,
1323 1706 1565 1748 recitatione
1589 1704 1711 1747 officii
1735 1703 1804 1746 ‹le-

172 1781 421 1834 functorum,
462 1792 544 1822 non
586 1778 733 1822 statim
776 1778 981 1834 insepulto
1024 1777 1244 1833 cadavere,
1289 1781 1332 1819 ut
1374 1776 1538 1831 dicitur,
1583 1774 1655 1817 sed
1688 1775 1803 1817 intra

173 1864 354 1893 mensem
386 1849 633 1908 complelmn
666 1864 692 1893 α
725 1849 794 1893 die
817 1849 1129 1903 tumulationis,
1154 1848 1326 1905 proinde
1369 1864 1388 1889 ((
1412 1846 1659 1890 sumendum
1686 1850 1803 1902 prout

173 1924 213 1965 in
247 1921 486 1966 calendario
519 1926 558 1965 et
590 1926 753 1978 tempus
787 1922 955 1965 liniatur
988 1923 1210 1977 incipiente
1244 1920 1388 1963 ultimo
1421 1919 1487 1961 die
1519 1918 1703 1971 eiusdem
1731 1930 1802 1959 nu-

177 1994 324 2035 meri»
363 1994 402 2034 in
439 2005 579 2035 mense
612 1993 801 2050 sequenti
835 1993 941 2048 (can.
984 1991 1051 2045 34,
1086 1993 1110 2045 ἓ
1145 1991 1181 2044 3,
1220 1989 1296 2047 20),
1336 1992 1366 2031 si
1403 2002 1502 2045 ergo
1542 1987 1685 2031 «illud
1722 1987 1800 2030 sol-

178 2062 313 2106 lemne
336 2063 517 2106 officium
543 2064 647 2106 intra
673 2076 858 2106 mensem
880 2079 918 2117 ›),
943 2065 1050 2106 sicut
1074 2062 1140 2105 liic
1159 2061 1394 2105 declaratus
1417 2065 1489 2111 est,
1509 2060 1595 2116 fiat,
1619 2058 1714 2101 lieet
1734 2057 1808 2100 ltoc

173 2133 245 2177 die
275 2147 449 2190 nempe:
489 2149 509 2175 «
533 2134 818 2178 tumulationis
841 2150 861 2175 »
898 2148 981 2177 non
1013 2132 1229 2191 defuerint
1261 2132 1440 2183 minora,
1463 2145 1500 2174 v.
1525 2145 1585 2186 gr.
1612 2130 1714 2173 lecta
1734 2143 1806 2172 seu

178 2207 349 2249 recitata
377 2203 546 2262 pcc-blica
578 2204 721 2263 officia
754 2218 924 2262 nempe:
961 2205 1153 2261 liturgica
1188 2218 1260 2261 pro
1294 2205 1448 2257 funere,
1489 2201 1631 2259 portio
1668 2208 1802 2243 {dinen

170 2275 446 2334 paroeciali&
478 2276 644 2333 quando
667 2279 719 2320 sit
741 2276 997 2320 detrahenda
1023 2279 1134 2319 iuxta
1160 2288 1249 2319 can.
1277 2287 1427 2331 praec„
1457 2287 1508 2315 ew
1532 2272 1656 2315 lszas
1680 2271 1804 2314 eliam

175 2346 343 2405 funeris
374 2347 560 2391 scilicet:
594 2361 643 2391 ex
663 2347 876 2391 sollemnis
899 2350 1005 2391 intra
1041 2360 1222 2390 mensem
1257 2359 1306 2389 ac
1341 2347 1546 2387 minorum
1576 2344 1806 2386 officiorum

174 2416 467 2460 emolwnentis
489 2417 674 2468 debetur,
693 2418 894 2461 solvenda
912 2422 1056 2475 sponte
1076 2423 1270 2475 tanquam
1294 2429 1357 2459 res
1376 2415 1507 2458 aliena
1537 2416 1573 2455 vi
1601 2413 1722 2456 huius
1755 2413 1805 2465 ,ξῆ

298 2487 388 2532 Huc
423 2491 599 2545 pertinet
633 2489 786 2546 duplex
830 2488 1011 2533 Dubium
1060 2504 1080 2529 ((
1105 2488 1162 2531 De
1204 2489 1338 2530 oflicio
1374 2485 1533 2529 funebri
1568 2484 1800 2527 sollemni»

183 2563 436 2615 propositum
484 2560 720 2603 Pontificiae
755 2558 972 2605 Commiss.
1017 2560 1067 2603 ad
1111 2558 1207 2602 Cod.
1241 2570 1421 2601 canones
1463 2556 1572 2599 anili.
1610 2557 1807 2610 interpre-

183 2630 340 2673 tandos.
361 2630 527 2674 Scilicet
546 2630 581 2673 1;
612 2646 631 2672 «
654 2630 696 2673 1⁰
714 2630 858 2675 Utrum
879 2632 1068 2674 oiiicium·
1082 2629 1254 2673 funebre
1272 2628 1380 2686 quod
1402 2640 1479 2670 non
1502 2629 1604 2669 intra
1625 2638 1807 2668 mensem

179 2713 204 2743 a
237 2701 304 2744 die
337 2700 622 2744 tumulationis
644 2701 894 2756 celebratur,
917 2702 989 2745 sed
1016 2704 1120 2744 intra
1142 2713 1322 2743 mensem
1348 2712 1368 2741 a
1394 2698 1459 2741 dio
1484 2699 1650 2739 notitiae
1674 2695 1809 2739 obitus

180 2771 357 2815 alicuius
390 2774 458 2829 qui
496 2774 532 2815 in
570 2775 737 2829 regione
771 2772 892 2830 longe
925 2773 1065 2816 dissita
1101 2772 1277 2815 decessit
1317 2769 1375 2826 (v,
1411 2783 1470 2825 gr.
1508 2771 1544 2810 in
1582 2767 1809 2821 America),

304 2926 314 2946 ¹
341 2925 387 2958 24
411 2925 512 2960 Nov.
542 2925 645 2960 1920.
671 2924 748 2960 CO.
777 2925 867 2967 XII,
894 2925 977 2960 576.

310 3003 408 3032 BLA'r
431 3019 449 3024 -
475 3002 597 3032 Comm.
627 3003 711 3032 Text.
740 3003 815 3032 Ood.
840 3004 913 3032 [τιν.
940 3003 1020 3031 Can.
1673 3000 1690 3022 θ’
