1965 3240
201 153 246 187 98
436 152 520 186 Lm.
546 152 616 186 ΙΙΙ.
644 172 656 177 -
684 152 794 186 PARS
820 152 870 185 U.
900 172 914 177 -
939 152 996 187 De
1021 154 1116 188 locis
1140 156 1175 187 et
1200 155 1438 198 temporibus
1462 157 1588 190 sacris

202 274 413 326 minatam,
445 271 573 314 eliam
603 277 697 328 post
725 285 867 315 eorum
902 277 1089 326 mortem,
1123 285 1170 316 ac
1203 273 1360 316 fortiori
1396 276 1552 317 motivo
1586 274 1683 318 dum
1708 289 1826 319 exer-

199 347 291 386 cent
326 344 363 384 in
394 355 464 385 eos
507 344 682 398 patriam
727 347 987 399 potestatem,
1020 341 1127 385 hauc
1161 348 1380 401 utramque
1419 343 1659 389 electionem
1693 349 1826 403 impu-

200 412 366 456 beribus
398 412 648 469 prohibitam
682 412 823 464 facere
851 419 1029 471 possunt
1058 420 1274 471 parentes,
1293 419 1379 458 tum
1405 419 1534 471 pater,
1559 420 1644 459 tum
1681 422 1825 471 mater,

199 483 259 526 rel
291 488 406 527 tutor
437 483 729 527 deficientibus
752 484 843 527 illis.
870 483 918 527 Et
941 485 1301 528 animadvertatur
1322 485 1537 542 derogatio
1560 487 1609 529 ad
1636 500 1822 530 normam

195 566 285 598 can.
322 555 344 597 5
379 554 690 598 consuetudinis
725 554 999 611 particularis,
1023 556 1056 597 si
1090 568 1196 612 quae
1229 555 1366 599 adhuc
1400 557 1537 611 fuerit,
1560 561 1600 600 et
1621 557 1735 601 salva
1762 572 1822 602 re-

197 630 405 669 manserat
446 628 483 668 vi
522 625 605 670 cit.i
639 626 759 682 cap.⁵⁸
797 625 820 668 4
865 626 1063 669 dicentis:
1103 625 1254 670 «Licet
1298 632 1414 683 pater
1447 630 1627 671 minores
1661 628 1823 686 tilios,...

194 700 417 753 antequam
450 696 499 739 ad
535 709 664 740 annos
705 696 934 753 pubertatis
978 699 1276 753 perveniam...
1315 700 1437 754 possit
1471 698 1523 756 (si
1566 700 1824 743 consuetudo

195 771 330 810 terrae
363 766 402 810 id
437 765 604 823 haheat)
639 761 719 824 quo
756 766 933 810 voluerit
965 766 1160 823 sepelire:
1196 767 1273 811 hoc
1306 772 1442 811 tamen
1479 781 1557 811 non
1587 774 1718 825 potest
1752 769 1820 813 ubi

192 837 448 880 consuetudo
482 837 716 881 huiusmodi
754 851 831 880 non
866 837 1055 891 hahetur,
1078 837 1147 880 sed
1173 843 1267 881 sunt
1299 852 1392 882 cum
1429 839 1667 892 maioribus,
1694 840 1756 883 vel
1782 843 1820 883 in

193 907 419 964 parochiali
454 908 629 952 ecclesia
664 908 953 951 tumulandi».
989 908 1241 964 (Concordat
1263 922 1297 952 c.
1323 910 1346 952 7
1371 909 1461 954 eod.
1486 912 1545 953 tit.
1570 912 1609 953 in
1645 910 1791 954 Decret
1811 918 1823 933 ⁵

193 977 314 1035 Greg.
352 978 420 1034 lx,
454 981 477 1033 ἓ
510 978 691 1035 Utrum).
727 1005 779 1009 -
812 979 874 1022 20.
910 978 959 1023 Ut
994 981 1032 1021 in
1067 981 1236 1022 canonis
1279 982 1394 1022 initio
1433 995 1451 1020 «
1476 980 1748 1037 prohibentur
1772 998 1819 1024 »ι

195 1048 399 1106 Reliyiosi
428 1049 629 1108 professi,
667 1065 687 1090 ((
711 1063 805 1093 cum
850 1049 954 1093 velle
1002 1049 1063 1093 vel
1109 1049 1217 1093 nolle
1260 1063 1339 1093 non
1383 1049 1604 1095 habeant»
1644 1050 1760 1109 (Cap.
1797 1054 1820 1095 ὃ

189 1133 312 1177 supra
348 1120 452 1178 cit),
475 1120 515 1178 a)
551 1120 771 1164 cuiuslibet
799 1120 962 1178 aradus
998 1134 1034 1164 v.
1061 1134 1120 1177 gr.
1148 1120 1331 1177 Magistri
1366 1123 1404 1164 in
1429 1121 1466 1166 S.
1492 1121 1728 1179 Theologia,
1747 1123 1817 1166 sed

191 1194 433 1248 praesertim
470 1191 755 1246 Provincialis,
792 1192 855 1235 vel
889 1190 1116 1247 Generalis,
1142 1191 1185 1248 b)
1219 1197 1293 1234 aut
1325 1191 1552 1249 diquilatis
1588 1207 1625 1236 v.
1649 1207 1709 1249 gr.
1735 1193 1817 1237 Ab·

188 1261 304 1306 bates
337 1262 387 1305 de
422 1264 637 1319 regimine,
672 1265 795 1306 etiam
839 1260 979 1306 Abhas
1023 1262 1191 1317 Primas‚
1227 1276 1308 1305 uon
1352 1268 1490 1305 {auten
1530 1263 1821 1319 prohihentur,

188 1333 362 1389 proinde
386 1335 484 1389 ipsis
513 1333 645 1376 «licet
668 1332 824 1389 eligere
842 1348 863 1373 2)
891 1332 1000 1390 (can.
1022 1333 1148 1387 1223,
1173 1335 1197 1387 ἓ
1224 1331 1279 1389 1),
1303 1332 1341 1375 si
1363 1332 1448 1375 siut
1470 1332 1671 1391 Episcopi
1694 1336 1816 1377 etiam

187 1404 389 1458 titulares,
422 1409 461 1447 et
495 1406 688 1462 quamvis
726 1404 941 1448 «dimisso
974 1403 1231 1448 cardinalatu
1269 1403 1332 1447 vel
1366 1406 1604 1461 episcopatu
1639 1405 1688 1448 ad
1725 1404 1818 1448 reli-

186 1477 353 1532 gionem
390 1475 629 1519 redierint»
657 1477 761 1528 (can.
798 1475 894 1529 629,
928 1475 956 1533 ξ
988 1475 1040 1530 1),
1065 1479 1207 1531 utpote
1240 1475 1351 1532 quod
1382 1490 1401 1516 ((
1429 1477 1465 1517 vi
1504 1478 1584 1518 voti
1620 1475 1816 1519 ohedien-

187 1548 280 1600 tiae‚
316 1549 384 1589 uni
419 1546 603 1590 Romano
638 1546 823 1589 Pontifici
859 1550 1027 1589 manent
1059 1545 1265 1589 obnoxii»
1305 1545 1415 1603 (can.
1449 1546 1547 1600 627,
1581 1548 1606 1600 ἓ
1640 1545 1697 1603 2).

306 1617 372 1660 83.
408 1619 651 1663 Limitatio
694 1619 812 1663 iuris
855 1619 1069 1674 eligendi
1114 1619 1372 1663 ecclesiam
1414 1618 1615 1663 funeris.
1648 1617 1712 1660 lus
1744 1617 1816 1660 eli-

185 1688 308 1744 gendi
342 1690 636 1730 coemeterium
673 1687 911 1743 sepulturae
951 1689 1202 1730 nanciscitur
1245 1686 1531 1730 limitationem
1576 1700 1625 1730 ex
1670 1692 1814 1730 natura

184 1757 332 1801 obiecti
366 1763 535 1817 propter
567 1770 656 1801 can.
682 1758 805 1813 1206,
832 1757 958 1811 1208,
982 1757 1092 1800 aliud
1132 1770 1229 1800 vero
1262 1756 1469 1800 obiectum
1502 1758 1688 1801 eiusdem
1714 1759 1815 1800 iuris

184 1828 363 1885 eligendi
397 1828 474 1872 suh
509 1829 585 1872 hoc
618 1831 752 1885 capite
786 1831 825 1871 in
859 1829 1258 1886 divei·sis7personis
1288 1830 1487 1884 recogniti
1512 1828 1815 1871 determinatur

184 1913 256 1954 per
298 1914 388 1942 cau.
423 1902 554 1943 1225.
602 1898 651 1943 Ut
695 1899 840 1942 electio
882 1898 1082 1941 ecelesiae
1124 1897 1290 1955 funeris
1332 1911 1422 1941 can.
1460 1899 1571 1941 1215
1615 1898 1812 1941 declarati

185 1970 335 2022 valeat,
364 1971 472 2014 unde
506 1973 568 2013 ius
601 1970 781 2027 eligendi
816 1983 906 2013 eam
942 1969 1155 2020 limitatur,
1180 1968 1305 2011 eada!
1329 1969 1395 2012 illa
1420 1983 1584 2011 uecesse
1606 1974 1666 2011 est
1689 1970 1727 2017 al
1754 1969 1815 2011 rel

185 2042 226 2084 iu
260 2041 478 2084 eeclesiam
507 2040 794 2099 puroecialem
826 2054 904 2083 non
940 2042 1163 2096 propriam.
1189 2039 1230 2096 b)
1267 2039 1328 2082 vel
1359 2040 1403 2081 iu
1435 2039 1650 2081 ecelesiam
1687 2053 1814 2097 requ-

182 2111 354 2162 larium,
389 2125 560 2168 nempe:
587 2113 693 2169 «qui
731 2116 822 2154 vota
858 2115 1147 2166 nuncuparunt
1182 2112 1219 2152 in
1254 2107 1450 2154 Ordine»
1475 2110 1583 2167 (can.
1609 2110 1706 2158 488,
1731 2110 1813 2167 7⁰),

183 2196 261 2226 non
296 2182 674 2239 Congregationum
709 2184 785 2225 etsi
818 2187 1106 2237 exemptarum
1146 2180 1207 2223 vel
1243 2180 1482 2224 habentium
1512 2183 1807 2224 coemeterium

185 2256 411 2310 proprium,
436 2259 474 2297 et
498 2266 628 2297 canon
654 2253 802 2296 limitat
824 2253 958 2309 quoad
985 2249 1184 2295 Ordinem
1210 2265 1541 2308 quemcumque:
1566 2266 1648 2294 uon
1673 2257 1809 2294 lamen

183 2324 429 2367 monialium
467 2329 654 2367 votorum
689 2336 855 2381 quoque
888 2323 1133 2366 solemnium
1160 2322 1418 2365 «ecclesiam
1440 2338 1477 2377 >)‚
1508 2322 1609 2371 ruisi
1640 2328 1812 2379 (truatur,

179 2400 217 2438 et
253 2395 356 2438 hene
400 2400 594 2439 notentur
637 2394 916 2438 conditiones:
960 2393 1010 2436 (le
1052 2391 1298 2435 naaliel-ibus
1342 2407 1449 2450 qzuce
1480 2393 1518 2446 a)
1551 2391 1806 2451 famulatus,

180 2465 220 2520 b)
253 2465 531 2516 educationis,
565 2471 601 2518 c)
634 2464 913 2521 iufirrm'latis,
947 2465 991 2520 d)
1023 2469 1096 2506 (tect
1130 2462 1306 2520 hospitii
1339 2477 1482 2510 caiisa,
1521 2464 1667 2507 eadem
1705 2463 1807 2506 mul-

178 2537 305 2593 tiplici
341 2539 559 2580 enunciata
594 2536 644 2579 de
682 2538 780 2578 viris
802 2534 1087 2578 saecularibus
1119 2539 1157 2577 et
1191 2534 1398 2577 declarata
1434 2536 1471 2577 in
1506 2547 1596 2577 can.
1623 2534 1728 2577 1221
1770 2540 1811 2577 et

181 2607 305 2657 1222,
342 2608 455 2650 intra
490 2607 730 2650 clausuram
765 2607 958 2649 admissis
986 2619 1073 2648 «ex
1109 2606 1147 2647 S.
1182 2605 1298 2648 Sedis
1335 2605 1537 2649 licentia»
1566 2605 1674 2661 (can.
1700 2604 1803 2660 600)

177 2677 359 2721 eiusdem
386 2677 649 2731 monasterii,
666 2679 784 2720 cuius
807 2676 982 2720 ecclesia
1006 2675 1188 2731 eligitur,
1208 2689 1287 2717 uon
1304 2675 1500 2733 precario
1519 2688 1589 2718 seu
1609 2675 1658 2718 ad
1681 2674 1809 2717 breve

175 2753 338 2804 tempus
371 2747 765 2802 eommorabantur),
790 2759 896 2804 quae
922 2746 1115 2789 mulieres
1138 2746 1360 2789 defunctae
1378 2745 1430 2789 oh
1446 2758 1611 2789 sensum
1637 2746 1806 2787 canonis

177 2819 437 2875 implicitum,
473 2819 694 2862 deficiente
729 2817 794 2861 illa
830 2806 1004 2860 iuridica
1037 2816 1251 2871 electione,
1276 2817 1325 2859 ad
1359 2816 1576 2860 ecclesiam
1614 2817 1805 2871 propriae

176 2892 393 2944 paroeciae
427 2894 561 2933 essent
594 2887 857 2931 deferendae.
