1965 3240
327 189 412 222 TIT.
441 188 548 222 XVI.
579 207 590 213 -
617 188 673 223 De
699 190 807 223 cultu
836 190 1085 230 Scmctormn,
1115 201 1213 223 saer.
1245 193 1361 234 inicus.
1391 194 1423 225 el
1450 193 1560 235 reliq.
1693 192 1759 225 183

131 307 365 353 consultum
400 309 595 350 com-enit
640 311 679 350 ut
721 309 1010 350 reminiscatur
1043 320 1089 350 ac
1133 312 1330 364 sequatur
1363 306 1611 352 ordinarius
1647 322 1759 364 prae-

132 381 332 436 scriptum
367 389 457 420 can.
495 377 575 419 103
612 376 668 422 1⁰.

250 448 348 492 150.
383 449 456 493 De
488 449 788 494 alienatione
821 450 1135 505 reliquiarum
1163 453 1247 494 aut
1279 451 1557 505 imaginum.
1583 450 1682 493 (juin
1720 453 1756 493 in

129 520 206 564 hoc
240 531 396 563 canone
431 520 590 560 initium
625 523 761 562 sumat
795 521 983 562 tractatio
1017 519 1068 562 de
1105 518 1301 576 reliquiis.
1337 520 1541 563 noscenda
1587 523 1661 563 erit
1696 535 1757 563 se-

128 592 341 648 quentium
377 601 580 632 canonum
616 589 888 632 coordinatio.
911 589 1040 633 Simul
1075 602 1121 632 ac
1152 589 1313 632 illarum
1349 590 1556 633 distinctio
1586 592 1760 634 traditur

128 673 294 718 quoque
330 659 476 703 modus
510 659 718 715 legitimus
752 664 836 703 tum
862 660 1106 717 acquirendi
1141 672 1210 702 eas
1243 674 1291 702 ex
1318 659 1564 703 alienatione
1598 663 1634 703 in
1670 675 1758 704 can.

65 764 70 769 .
131 731 258 785 1281,
294 735 380 773 tum
417 732 524 786 ipsas
557 730 808 786 possidendi,
831 729 918 773 ‘sub
951 743 1040 773 can.
1072 730 1195 772 1282.
1222 729 1377 773 Deinde
1411 731 1591 773 conditio
1626 745 1759 774 neres-

129 804 236 845 saria
282 814 355 858 pro
395 801 664 858 reliquiarum
710 800 823 852 cultu
871 800 1036 857 publico
1078 801 1383 844 determinatur
1426 803 1463 843 in
1509 814 1597 844 can.
1638 802 1759 844 1283.

129 871 308 915 Normae
341 879 642 928 consequentes
676 871 731 913 illi
766 872 992 915 conditioni
1028 872 1248 915 traduntur
1291 872 1522 915 servandae
1555 871 1606 915 ab
1639 870 1759 916 Ordi—

130 935 256 986 nariis
290 943 475 986 locorum
510 944 547 985 in
583 955 672 985 can.
700 942 965 987 1284-10286.
993 942 1101 986 Modi
1136 942 1308 999 legitimi
1344 955 1412 986 eas
1435 943 1666 995 exponendi
1692 944 1760 986 de-

126 1018 356 1057 cernuntur
390 1015 427 1055 in
461 1013 708 1063 can.1⁶.287‚
742 1026 789 1056 ac
826 1013 957 1056 ultimi
995 1013 1076 1056 duo
1110 1026 1198 1057 can.
1237 1013 1363 1067 1288,
1399 1014 1510 1056 1389
1551 1016 1760 1057 transmis-

127 1085 232 1126 sioni
267 1087 391 1140 atque
424 1085 730 1126 conservationi
766 1083 1037 1140 reliquiarum
1074 1083 1309 1140 provident.

245 1154 282 1197 S.
318 1153 467 1210 Congr.
503 1154 664 1211 lndulg.
699 1159 738 1198 et
770 1154 838 1199 SS.
864 1154 1148 1211 Reliquiarum
1171 1156 1182 1176 ¹
1219 1154 1369 1198 dubio:
1400 1171 1417 1195 ((
1439 1155 1501 1198 An
1536 1154 1762 1212 Episcopus

126 1224 238 1268 clero
273 1229 312 1268 et
346 1224 497 1281 populo
531 1226 713 1281 cupienti
749 1230 987 1268 sanctorum
1024 1224 1248 1282 Martyrum
1284 1238 1473 1281 corpora,
1498 1238 1603 1283 quae
1636 1228 1674 1268 in
1709 1225 1762 1269 al-

127 1297 204 1339 tari
238 1297 336 1338 satis
368 1295 596 1339 honorifice
630 1298 807 1353 reposita
841 1301 947 1351 sunt,
977 1298 1261 1352 pretiosiorem
1298 1298 1336 1339 in
1374 1296 1569 1351 loculum,
1594 1310 1664 1339 seu
1700 1309 1763 1340 ca-

128 1366 242 1423 psam
278 1367 472 1420 condere,
495 1379 543 1410 ac
576 1380 700 1424 super
723 1367 870 1411 eodem
905 1367 1024 1411 altari
1058 1366 1277 1421 collocare,
1305 1367 1367 1411 vel
1396 1372 1511 1411 extra
1537 1368 1759 1411 dioecesim

128 1438 363 1491 transferre,
402 1440 526 1494 possit
570 1440 659 1481 eius
692 1440 750 1481 rei
794 1438 978 1482 tribuere
1012 1438 1281 1481 facultatem?
1314 1438 1361 1481 Et
1396 1438 1582 1482 adhibita
1616 1439 1759 1481 distin-

128 1511 263 1552 ctione
296 1508 334 1552 S.
359 1507 508 1565 Congr.
545 1509 778 1565 respondit:
808 1509 927 1552 Posse
960 1509 1127 1566 quidem
1165 1509 1371 1553 licentiam
1407 1510 1637 1553 concedere
1661 1510 1759 1552 San-

126 1584 287 1623 ctorum
323 1592 496 1636 corpora
543 1584 766 1636 perpetuae
810 1580 904 1623 data
946 1580 1184 1636 sepulturae
1222 1581 1494 1624 transferendi
1539 1580 1587 1623 ad
1625 1580 1758 1623 locum

127 1649 409 1693 decentiorem
445 1652 483 1693 in
519 1651 663 1694 eadem
699 1650 897 1694 ecclesia:
932 1651 1002 1694 sed
1038 1651 1260 1701 alienandi,
1284 1656 1351 1694 aut
1386 1656 1502 1694 extra
1537 1651 1758 1694 dioecesim

127 1720 419 1775 transferendi,
442 1723 530 1764 sine
554 1720 728 1765 Romani
757 1721 964 1765 Pontificis
995 1723 1241 1764 auctoritate
1265 1734 1343 1764 non
1371 1734 1488 1778 posse
1511 1737 1551 1762 J).
1570 1746 1626 1752 —
1649 1724 1760 1764 Hanc

124 1791 378 1834 decisionem
414 1793 597 1835 continet
629 1804 677 1835 ac
713 1791 998 1848 multipliciter
1030 1792 1248 1848 ampliavit
1281 1807 1371 1835 cau.
1408 1794 1534 1834 1281.
1569 1794 1592 1845 ξ
1628 1795 1662 1834 1.
1700 1790 1761 1834 Ιη-

127 1855 281 1918 seques,
306 1866 349 1904 ut
381 1861 647 1905 declarantur
680 1864 718 1905 in
751 1863 797 1920 ἑο
823 1862 879 1914 ⁶2⁰,
900 1862 1109 1920 reliquiae
1141 1862 1217 1906 sul)
1243 1865 1508 1919 inscriptione
1542 1862 1664 1905 Tituli
1691 1862 1760 1904 de-

124 1931 321 1986 clai-atae,
346 1932 384 1984 b)
417 1937 490 1975 aul
524 1933 731 1990 inzayi'ues
760 1933 989 1991 pretiosae,
1014 1947 1088 1977 uec
1123 1936 1308 1976 innuitur
1342 1933 1449 1976 idem
1476 1946 1619 1976 sensus
1649 1945 1695 1975 ac
1721 1935 1757 1975 in

129 2015 264 2058 praec.
309 2016 416 2058 can.‚
450 2004 622 2059 proinde
660 2006 814 2047 «iuxta
860 2006 1066 2061 propriam
1113 2004 1335 2048 verborum
1371 2006 1754 2060 significationem»

124 2073 234 2129 (can.
272 2073 344 2127 18)
392 2077 622 2131 accipiatur
659 2074 831 2118 verbum
870 2089 941 2132 pro
991 2089 1037 2118 eo
1082 2076 1191 2133 quod
1228 2078 1365 2131 magni
1406 2075 1566 2118 valeant
1603 2077 1759 2118 ratione

129 2147 343 2197 materiae,
379 2148 606 2192 vetustatis,
641 2148 754 2199 artis,
787 2151 880 2202 etc„
914 2148 1268 2204 confirmatusque
1304 2146 1367 2189 liic
1411 2160 1554 2189 sensus
1589 2159 1636 2188 ex
1673 2159 1756 2202 seq.

127 2215 362 2259 additione:
396 2215 436 2273 c)
462 2216 642 2274 itemque
674 2216 801 2271 aliae,
825 2219 1019 2274 quamvis
1043 2230 1122 2260 non
1153 2233 1172 2258 «
1193 2219 1373 2273 insigues
1392 2233 1431 2268 )),
1456 2216 1664 2273 reliquiae
1686 2222 1759 2258 uu!

130 2288 283 2342 pariter
315 2300 393 2330 non
434 2302 454 2328 ((
475 2289 716 2343 pretiosae»
746 2287 966 2344 maslines,
991 2302 1097 2345 quae
1128 2288 1171 2330 in
1206 2287 1351 2345 aliqua
1385 2286 1572 2337 ecclesia,
1604 2303 1622 2327 «
1642 2289 1760 2329 cuius

127 2358 216 2399 iure
249 2360 474 2400 oratorium
509 2357 721 2414 publicum
757 2361 952 2414 regitur»
991 2361 1098 2410 (can.
1136 2359 1311 2412 tien&
1340 2358 1392 2413 li,
1429 2372 1579 2413 maweu
1610 2356 1760 2414 populi

127 2440 206 2470 non
240 2427 474 2485 aliquorum
510 2433 669 2472 tantum
704 2429 973 2473 veneratione
1005 2429 1056 2473 ob
1094 2432 1210 2485 signa
1245 2432 1450 2473 exteriora
1487 2427 1759 2482 honorentur,

127 2497 315 2554 singulae
340 2511 405 2542 res
427 2498 563 2542 cultus
587 2498 748 2543 obiecta
771 2501 829 2543 sic
853 2500 1061 2543 declarata
1087 2505 1294 2557 nequeunt
1317 2502 1389 2543 etsi
1421 2498 1497 2542 sub
1521 2512 1610 2542 can.
1633 2499 1758 2551 1332),

125 2570 152 2622 ᾗ
200 2569 215 2611 1
272 2582 351 2611 nou
402 2569 869 2626 comprehenderentur,
905 2571 945 2627 a)
983 2570 1119 2614 valide
1166 2570 1367 2623 alienari,
1401 2570 1585 2613 scilicet:
1634 2575 1760 2612 trans-

128 2639 224 2682 ferri
261 2641 298 2682 in
333 2639 562 2683 dominium
597 2640 767 2684 alterius
798 2640 973 2685 subiecti
1013 2644 1172 2684 etiamsi
1214 2641 1498 2693 ecclesiastici,
1544 2639 1587 2697 b)
1632 2653 1760 2696 neque

126 2708 171 2751 iu
200 2708 337 2752 aliam
369 2709 599 2766 ecclesiam,
629 2711 691 2754 vel
715 2713 940 2755 oratorium
977 2712 1204 2769 publicum,
1225 2714 1384 2755 etiamsi
1427 2715 1533 2754 esset
1555 2710 1663 2754 idem
1697 2724 1759 2753 su-

127 2778 309 2823 biectum
333 2781 468 2838 quoad
489 2781 719 2825 dominium
753 2795 898 2825 eorum
925 2782 1108 2826 locorum
1143 2796 1370 2836 sacrorum,
1393 2786 1595 2839 perpetuo
1619 2786 1758 2822 trans·-

246 2933 259 2955 1
289 2933 331 2968 17
358 2933 457 2969 Nov.
488 2933 593 2976 1676,
621 2945 659 2968 n.
689 2935 746 2969 14.
