1965 3240
0 2830 18 3240 WwW-Wv'-·
0 2711 6 2819 ““·-··“”

517 167 599 201 ΤιΤ.
625 166 715 202 XII.
743 187 755 192 —
783 168 839 203 De
864 170 1077 213 sepultura
1102 172 1355 205 ecclesiastica
1704 172 1749 205 85

121 285 287 321 electione
315 296 454 331 prorsus
481 285 656 320 immunes
684 290 766 320 sunt
791 297 811 321 a
831 297 897 322 ma-

122 332 212 368 ritali
241 332 291 367 vel
321 333 433 378 patria
461 336 638 378 potestate.

169 378 253 415 CAN.
287 379 387 414 1224.
419 400 434 404 -
464 379 652 415 Ecclesiam
683 379 814 415 funeris
839 385 899 415 aut

121 427 318 472 sepulturae
359 426 603 462 coemeterium
630 427 756 472 eligere
784 428 898 473 prohi-

122 473 271 509 bentur:

197 521 244 555 l.⁰
270 520 492 566 lmpuberes;
524 532 642 556 verum
671 532 731 567 pro
757 521 900 557 filioaut

122 567 192 602 filia
218 567 410 614 impubere,
439 568 543 603 etiam
573 573 646 614 post
672 579 789 604 eorum
811 581 899 604 mor-

120 620 203 656 tem,
249 615 337 650 banc
379 615 582 651 electionem
616 616 727 651 facere
755 622 900 662 possunt

121 667 283 708 parentes
312 662 362 698 vel
390 668 503 703 tut0r;

190 709 243 744 'LO
270 709 428 754 Religiosi
459 710 600 756 professi
621 710 806 745 cuiuslibet
824 722 901 755 gra·

118 757 183 791 (lus
206 761 265 791 aut
291 757 486 801 dignitatis,
528 768 600 791 non
626 762 744 793 tamen
773 758 799 792 si
828 758 899 793 sint

121 803 291 850 Episcopi.

166 851 250 886 CAN.
297 849 396 885 1225.
441 872 456 876 -
500 851 540 887 Ut
571 851 693 887 electio
731 852 898 889 ecclesiae

120 898 251 933 funeris
278 899 403 938 valeat,
432 898 533 934 cadat
562 909 701 935 necesse
719 905 770 935 est
789 900 839 935 vel
861 901 897 935 in

116 945 299 981 ecclesiam
328 945 567 992 paroecialem‚
595 947 644 982 vel
666 947 701 981 in
716 948 897 983 ecclesiam

117 993 342 1038 regularium,
372 1004 441 1028 non
472 998 587 1028 tamen
607 994 813 1030 monialium
834 995 900 1040 (ni-

117 1040 144 1074 si
171 1045 294 1085 agatur
318 1041 361 1076 de
388 1040 595 1076 mulieribus
622 1052 711 1087 quae
751 1043 895 1078 famula-

116 1092 182 1128 tus.v
224 1088 455 1130 educationis,
497 1087 714 1124 infirmitatis
751 1094 812 1125 aut
838 1090 897 1126 ho-

115 1135 209 1181 spitii
249 1146 353 1170 causa
380 1136 473 1170 intra
502 1136 700 1172 clausuram
740 1137 895 1173 eiusdem

117 1183 318 1218 monasterii
346 1193 417 1218 non
448 1183 600 1229 precario
631 1184 895 1220 commoraban-

116 1232 199 1273 tur),
227 1230 278 1265 vel
306 1230 342 1264 in
368 1229 550 1266 ecclesiam
579 1231 664 1266 iuris
692 1237 897 1278 patronatus

116 1277 142 1311 si
161 1282 285 1322 agatur
311 1277 354 1312 de
382 1282 538 1324 patrono,
567 1279 617 1314 vel
646 1279 683 1313 in
709 1279 815 1315 aliam
843 1291 895 1315 ec-

115 1324 256 1360 clesiam
286 1325 470 1360 funerandi
500 1325 572 1361 iure
600 1327 806 1371 praeditam.

163 1371 247 1408 CAN.
279 1371 379 1407 1226.
412 1394 428 1397 —
457 1376 477 1414 ξ
506 1374 536 1407 1.
573 1372 757 1409 Ecclesiam
798 1375 895 1411 fune-

115 1419 162 1454 ris
203 1425 262 1454 aut
299 1420 545 1455 coemeterium
585 1421 783 1466 sepulturae
817 1422 895 1468 quis

114 1466 240 1511 eligere
269 1471 377 1513 potest
405 1478 463 1513 per
489 1478 524 1503 se
551 1468 602 1503 vel
631 1479 690 1514 per
711 1469 819 1505 alium
839 1470 893 1505 cui

115 1513 309 1559 legitimum
338 1515 543 1550 mandatum
562 1515 718 1555 dederit:
751 1517 893 1553 factam-

114 1572 181 1607 que
205 1561 407 1597 electionem
435 1567 496 1597 aut
523 1563 678 1598 mandati
706 1565 894 1600 concessio-

115 1619 194 1644 nem
235 1609 389 1654 quolibet
427 1609 581 1654 legitimo
620 1611 721 1646 modo
749 1612 893 1657 probare

114 1655 204 1691 licet.

161 1707 180 1746 ς
207 1703 239 1737 ’2.
277 1702 312 1739 Si
351 1703 472 1739 electio
516 1704 573 1739 fiat
601 1716 660 1751 per
684 1705 807 1747 alium,
838 1707 893 1742 hic

113 1761 215 1785 suum
243 1751 448 1786 mandatum
482 1752 619 1797 explere
650 1758 759 1799 potest
784 1754 891 1789 etiam

113 1802 189 1844 post
216 1803 361 1833 mortem
390 1799 605 1834 mandantis.

159 1844 243 1880 CAN.
279 1844 376 1880 1227.
406 1867 422 1871 -
452 1846 614 1891 Religiosi
634 1848 795 1883 etclerici
816 1860 890 1885 sae—

112 1892 246 1928 culares
284 1893 439 1928 districte
478 1898 641 1929 vetantur
668 1906 710 1931 ne
736 1907 821 1941 quos
847 1897 890 1932 ad

112 1939 317 1981 vovendum,
350 1940 538 1976 iurandum
566 1942 618 1977 vel
646 1942 712 1978 fide
738 1943 889 1990 interpo-

111 1986 177 2022 sita
204 1998 263 2022 seu
290 1987 390 2023 aliter
418 1989 692 2034 promittendum
720 1990 889 2026 inducant

111 2038 148 2069 ut
184 2035 277 2080 apud
314 2035 466 2081 ipsorum
505 2036 667 2072 ecclesias
701 2038 805 2073 funus
830 2043 891 2074 aut

109 2081 202 2127 apud
230 2082 382 2128 ipsorum
410 2084 654 2119 coemeterium
674 2085 888 2130 sepulturam

109 2129 251 2174 eligant,
278 2129 328 2165 vel
359 2130 484 2165 factam
511 2131 714 2167 electionem
737 2143 804 2168 non
826 2133 888 2168 im-

110 2180 269 2218 mutent;
298 2177 388 2223 quod
417 2177 443 2211 si
472 2179 742 2214 contrafactum
771 2181 887 2225 fuerit,

111 2223 234 2259 electio
259 2224 303 2258 sit
329 2225 440 2259 nulla.

157 2270 242 2306 CAN.
278 2270 378 2306 1228.
408 2293 424 2297 -
453 2276 472 2314 g
502 2273 532 2307 l.
573 2272 608 2307 Si
644 2273 750 2310 electa
789 2275 890 2310 fuerit

110 2318 289 2363 sepultura
314 2319 350 2353 in
377 2320 582 2355 coemeterio
612 2321 748 2357 diverso
773 2333 793 2357 a
819 2333 891 2358 coe-

110 2365 253 2400 meterio
294 2366 453 2412 propriae
494 2367 648 2403 defuncti
696 2369 885 2415 paroeciae,

109 2412 255 2448 cadaver
295 2414 329 2447 in
370 2413 427 2449 illo
465 2414 661 2460 sepeliatur,
700 2416 890 2452 dummodo

109 2459 199 2494 nibil
236 2459 347 2495 obstet
372 2471 411 2495 ex
441 2466 536 2507 parte
565 2473 686 2498 eorum
713 2475 732 2499 a
759 2464 888 2510 quibus

108 2507 354 2542 coemeterium
384 2509 521 2554 pendet.

157 2556 172 2597 ὃ,
198 2553 233 2588 2.
264 2553 375 2590 Electa
416 2556 595 2602 sepultura
621 2557 657 2591 in
684 2559 888 2594 coemeterio

109 2600 362 2645 religiosorum,
393 2606 428 2637 ut
453 2603 600 2638 cadaver
635 2603 720 2639 inibi
749 2606 887 2651 sepeliri

109 2652 224 2693 queat,
263 2649 453 2695 requiritur
478 2655 511 2685 et
536 2650 662 2686 sufficit
695 2663 888 2689 consensus

108 2694 304 2740 Superioris
331 2697 494 2741 religiosi,
514 2698 556 2732 ad
576 2709 737 2734 normam
763 2701 888 2735 consti-

108 2743 282 2778 tutionum
309 2743 479 2790 cuiusque
505 2745 694 2788 religionis.

155 2789 241 2825 CAN.
276 2789 375 2825 1229.
416 2811 432 2818 -
461 2795 480 2834 ξ
512 2791 540 2826 l.
571 2792 604 2828 Si
645 2793 735 2839 quis.
772 2795 885 2840 sepul-

107 2847 205 2871 crum
245 2837 415 2873 maiorum
456 2839 490 2873 in
525 2839 643 2886 aliquo
681 2842 886 2877 coemeterio

110 2884 299 2928 possidens,
340 2896 409 2921 non
445 2886 554 2922 electa
583 2887 667 2923 alibi
694 2888 886 2934 sepultura,

973 287 1171 332 decesserit,
1211 288 1244 322 in
1284 290 1402 324 eodem
1436 289 1658 335 sepeliendus
1684 295 1747 326 est.

972 335 999 368 si
1029 334 1110 369 illuc
1135 336 1315 371 commode
1340 337 1507 381 asportari
1544 338 1662 382 possit,
1683 338 1748 372 sal-

974 392 1013 416 vo
1042 382 1251 428 praescripto
1277 394 1353 418 can.
1384 383 1485 425 1218,
1511 388 1529 425 ξ
1556 384 1588 419 3.

1020 432 1038 470 ξ
1067 428 1096 465 ’.2.
1126 429 1187 463 Pro
1214 440 1318 464 uxore
1343 431 1533 465 attenditur
1551 432 1748 477 sepulcrum

977 475 1050 516 viri,
1077 481 1122 519 et,
1152 477 1178 510 si
1209 477 1323 522 plures
1351 477 1520 517 habuerit.
1551 479 1747 524 sepulcrum

975 523 1101 558 ultimi.

1021 574 1040 612 ἓ
1067 570 1099 605 3.
1128 570 1225 605 Plura
1255 571 1280 605 si
1309 571 1377 605 sint
1412 572 1579 607 maiorum
1607 578 1664 606 aut
1686 573 1747 607 viri

973 617 1145 663 sepulcra,
1173 617 1327 653 defuncti
1363 619 1494 654 familia
1520 624 1577 654 aut
1608 620 1750 655 heredes

974 665 1085 700 locum
1113 665 1312 710 sepulturae
1338 666 1501 709 deligant.

1021 711 1103 747 Cxx.
1137 712 1237 746 1230.
1269 733 1285 739 -
1313 713 1377 755 gl.
1408 713 1567 759 Proprius
1594 714 1746 748 defuncti

975 759 1144 804 parochus
1171 771 1240 794 non
1269 761 1379 795 solum
1409 761 1462 796 ius
1488 761 1545 796 sed
1573 761 1677 795 etiam
1704 761 1749 796 of-

974 807 1089 841 ficium
1128 807 1242 848 babet,
1280 812 1420 853 excepto
1445 808 1540 853 gravi
1571 808 1750 843 necessita-

972 854 1015 888 tis
1042 865 1136 893 casu,
1168 854 1303 889 levandi
1335 866 1393 900 per
1419 867 1454 890 se
1486 855 1534 890 vel
1566 866 1623 900 per
1640 855 1747 889 alium

971 901 1128 941 cadaver,
1156 901 1239 936 illud
1260 903 1447 937 comitandi
1468 903 1509 937 ad
1529 914 1626 937 suam
1647 902 1749 937 eccle-

971 949 1057 984 siam
1089 949 1315 994 paroecialem
1341 950 1457 995 ibique
1475 950 1655 994 exsequias
1676 960 1747 994 per-

971 996 1142 1037 solvendi,
1171 996 1270 1031 firmo
1298 997 1509 1042 praescripto
1541 1008 1617 1031 can.
1650 996 1748 1037 3216,

971 1048 990 1085 ξ
1017 1043 1049 1078 2.

1019 1094 1038 1135 ,ξ
1064 1090 1097 1125 2.
1129 1090 1228 1134 Quod
1256 1091 1282 1125 si
1313 1103 1403 1127 mors
1423 1091 1586 1126 acciderit
1614 1091 1648 1125 in
1678 1091 1748 1126 loco

969 1137 1105 1174 alienae
1132 1139 1322 1184 paroeciae,
1352 1143 1383 1172 et
1410 1138 1556 1173 cadaver
1577 1138 1620 1173 ad
1647 1138 1749 1174 eccle-

969 1186 1057 1221 siam
1075 1185 1233 1232 propriae
1247 1186 1424 1232 paroeciae
1438 1186 1618 1221 commode
1635 1196 1748 1232 aspor-

970 1233 1035 1268 tari
1076 1233 1195 1279 possit,
1234 1234 1372 1279 parochi
1403 1233 1529 1279 proprii
1557 1238 1620 1275 cst,
1652 1244 1747 1279 prae-

971 1280 1103 1316 monito
1143 1280 1290 1326 parocho
1326 1281 1402 1319 loci,
1433 1280 1516 1315 illud
1547 1280 1669 1318 levare,
1694 1291 1747 1315 co-

971 1328 1086 1363 mitari
1114 1329 1157 1363 ad
1185 1339 1284 1363 suam
1312 1328 1492 1364 ecclesiam
1514 1327 1630 1373 ibique
1655 1339 1747 1363 exse-

969 1376 1070 1422 quias
1098 1387 1272 1422 peragere.

1017 1427 1035 1465 ξ
1063 1421 1094 1457 3.
1125 1422 1160 1457 Si
1189 1423 1334 1458 ecclesia
1363 1423 1494 1458 funeris
1521 1422 1565 1456 sit
1603 1422 1745 1457 ecclesia

968 1470 1139 1515 regularis
1157 1470 1269 1506 aliave
1292 1475 1451 1516 exempta
1469 1481 1489 1505 a
1508 1469 1747 1505 iurisdictione

969 1518 1122 1563 parochi,
1155 1519 1337 1563 parochus,
1367 1518 1431 1553 sub
1457 1528 1557 1552 cruce
1583 1517 1746 1552 ecclesiae

967 1565 1180 1606 funerantis‚
1197 1567 1343 1601 cadaver
1371 1565 1458 1600 levat
1484 1576 1522 1599 ac
1549 1564 1743 1599 deducitad

966 1613 1170 1653 ecclesiam;
1200 1614 1258 1647 sed
1298 1613 1479 1658 exsequias
1505 1616 1615 1647 rector
1640 1613 1746 1647 eccle·

967 1660 1039 1695 siae
1064 1660 1226 1695 celebrat.

1014 1712 1032 1749 ξ
1060 1706 1079 1742 4
1123 1707 1157 1743 Si
1187 1719 1265 1742 vero
1291 1706 1435 1743 ecclesia
1463 1706 1594 1741 funeris
1613 1718 1682 1741 non
1702 1706 1745 1740 sit

964 1759 1123 1800 exempta
1150 1766 1170 1790 a
1197 1755 1439 1790 iurisdictione
1479 1753 1630 1799 parochi,
1660 1754 1745 1789 cele—

965 1802 1077 1838 bratio
1103 1803 1363 1848 exsequiarum.
1386 1802 1479 1837 salvo
1499 1801 1663 1847 peculiari
1681 1801 1745 1846 pri-

966 1849 1102 1894 vilegi0‚
1134 1849 1282 1896 pertinet
1318 1860 1387 1883 non
1416 1849 1458 1883 ad
1486 1852 1651 1883 rectorem
1690 1859 1744 1883 ec-

965 1897 1090 1933 clesiae
1109 1897 1317 1939 funerantis,
1343 1897 1401 1931 sed
1428 1896 1469 1931 ad
1499 1896 1686 1941 parochum
1707 1896 1743 1929 in

964 1945 1063 1980 cuius
1089 1945 1263 1980 territorio
1289 1944 1433 1979 ecclesia
1459 1943 1525 1978 sita
1551 1948 1614 1980 est.
1646 1943 1745 1977 dum-

965 1992 1066 2027 modo
1077 1992 1262 2027 defunctus
1279 1991 1425 2037 parocho
1440 1990 1616 2025 subiectus
1632 1990 1743 2025 fuerit.

1011 2044 1030 2081 ξ
1057 2038 1090 2073 5.
1135 2039 1322 2084 Religiosas
1351 2043 1383 2073 et
1414 2038 1575 2077 novitias
1604 2038 1637 2071 in
1666 2037 1744 2072 reli-

963 2087 1059 2131 giosa
1086 2087 1187 2122 domo
1214 2087 1409 2126 defunctas,
1434 2086 1477 2120 ad
1506 2085 1686 2120 clausurae
1706 2084 1744 2118 li-

965 2145 1043 2169 men
1063 2134 1220 2169 deferant
1239 2133 1328 2169 aliae
1347 2133 1527 2177 religiosae
1544 2147 1551 2175 ;
1583 2132 1743 2177 indeque,

963 2181 989 2215 si
1018 2182 1060 2216 de
1088 2182 1258 2227 religiosis
1283 2186 1406 2223 agatur
1433 2179 1663 2215 iurisdictioni
1688 2190 1745 2225 pa-

962 2228 1057 2264 rochi
1086 2240 1157 2264 non
1184 2229 1352 2268 obnoxiis,
1380 2227 1423 2263 ad
1452 2227 1625 2273 propriam
1668 2227 1743 2261 reli-

961 2276 1077 2321 giosae
1104 2277 1228 2311 domus
1261 2275 1442 2311 ecclesiam
1472 2274 1521 2309 vel
1553 2274 1741 2309 oratorium

962 2323 1101 2359 deducit
1139 2328 1171 2359 et
1210 2323 1374 2368 exequias
1414 2322 1545 2367 peragit
1571 2321 1742 2366 cappella·

962 2382 1054 2414 nus,
1082 2371 1109 2405 si
1138 2371 1179 2406 de
1204 2371 1283 2406 aliis
1318 2369 1498 2413 religiosis,
1532 2370 1617 2404 valet
1646 2379 1741 2413 prae-

961 2418 1130 2464 scriptum
1166 2422 1185 2460 ξ
1228 2419 1268 2455 l:
1309 2417 1399 2463 quod
1432 2427 1510 2451 xero
1536 2416 1578 2450 ad
1606 2415 1742 2459 religio—

961 2476 1018 2500 sas
1055 2465 1181 2500 attinet
1219 2470 1314 2499 extra
1358 2464 1499 2499 domum
1542 2463 1740 2503 defunctas,

961 2517 1143 2548 serventur
1168 2511 1345 2557 generalia
1371 2522 1546 2546 canonum
1576 2510 1741 2556 praescri—

963 2564 1031 2605 pta.

1007 2610 1026 2649 ξ
1053 2606 1082 2644 ti.
1126 2606 1293 2642 Defuncto
1331 2608 1368 2639 5.
1411 2605 1448 2640 R.
1489 2604 1524 2639 E.
1559 2603 1737 2639 Cardinali

959 2659 1019 2689 aut
1059 2653 1225 2700 Episcopo
1258 2658 1353 2688 extra
1381 2651 1571 2702 Urbemlin
1601 2650 1739 2685 civitate

957 2701 1155 2746 episcopali,
1184 2705 1338 2736 servetur
1379 2703 1631 2745 praescriptum
1659 2708 1735 2732 can.

961 2747 1040 2788 397,
1069 2759 1104 2782 n.
1134 2747 1167 2782 3.

1007 2800 1025 2837 ς
1053 2795 1083 2829 7.
1111 2793 1145 2829 Si
1182 2795 1329 2830 cadaver
1368 2794 1527 2828 mittatur
1552 2792 1595 2827 ad
1624 2791 1736 2826 locum

959 2842 1015 2876 ubi
1046 2853 1108 2877 nec
1134 2842 1319 2877 defunctus
1349 2840 1521 2886 propriam
1545 2838 1737 2890 paroeciam

961 2889 1122 2930 habebat,
1152 2900 1214 2924 nec
1241 2888 1388 2924 ecclesia
1427 2886 1559 2922 funeris
1588 2886 1739 2930 legitime
