1965 3240
172 118 240 153 578
365 116 449 150 Lm.
480 115 549 149 III.
579 135 591 140 -
618 114 728 149 PARS
745 114 820 151 VI.
849 124 871 140 -‘
887 113 945 148 De
969 113 1078 147 bonis
1104 112 1297 146 Ecclesiae
1325 94 1606 155 temporalibus

172 237 274 280 fides
324 235 514 289 violetur,
547 234 836 277 defunctorum
878 234 1047 276 animae
1093 230 1572 287 suffragiisbpriventur,
1605 229 1795 274 ecclesiis
1856 232 1863 266 ἶ

172 307 335 351 debitus
365 305 632 350 subtrahatur
665 303 825 360 cultus,
845 315 893 347 ac
924 300 1228 356 christifideles,
1262 302 1382 357 gravi
1414 300 1610 345 scandalo
1643 300 1794 356 affecti,

173 377 419 434 plerumque
451 389 472 419 a
505 374 710 419 similibus
732 370 945 417 charitatis
967 371 1163 430 operibus
1185 370 1507 425 retrahantur»,
1527 375 1573 415 ut
1593 373 1794 427 scriptum

173 454 233 502 est
265 451 303 491 in
338 447 455 491 Deo.⁰
489 447 527 491 S.
553 445 594 490 C.
628 444 670 489 C.
709 444 848 489 «Cum
882 457 1005 501 saepe
1038 445 1288 499 contingat»
1325 441 1402 486 sub
1436 441 1601 487 Urbano
1638 441 1736 485 Vlll.

293 518 395 563 Can.
421 516 611 575 1546}
643 519 678 560 1.
710 514 760 559 Ut
794 513 1034 558 huiusmodi
1066 527 1216 570 nempe
1249 529 1269 554 ‹(
1290 515 1420 570 piae»
1456 512 1732 571 fundationes
1756 514 1796 556 in

174 604 261 636 can.
297 589 409 633 1544
443 587 693 641 declaratae,
726 600 752 629 a
791 599 973 644 persona
1015 583 1172 628 morali
1213 588 1258 627 ut
1305 583 1459 627 ibidem
1499 583 1713 641 acceptari
1745 583 1795 627 ad

174 675 318 707 earum
351 661 611 704 existentiam
657 658 876 701 iuridicam
923 656 1099 714 possint,
1134 654 1372 713 requiritur
1420 657 1592 712 praevie
1634 653 1675 712 a)
1709 667 1801 697 con·

174 747 319 777 sensus
356 730 581 775 Ordinarii
613 729 694 773 loci
726 728 835 786 (can.
871 728 967 782 198,
1001 731 1025 781 ἓ
1060 727 1118 784 2),
1155 740 1234 770 non
1278 725 1411 770 solum
1449 725 1699 769 verbotenus
1731 724 1798 768 vel

174 807 323 849 tacitns
358 802 418 846 vel
454 804 742 859 praesumptus
775 804 845 843 aut
887 799 1241 853 indeterminatus,
1276 797 1347 840 sed
1392 797 1435 840 in
1468 796 1641 854 scriptis
1673 795 1800 839 datus

176 876 226 920 ad
258 875 364 918 hanc
396 871 648 928 singularem
683 870 979 924 fundationem,
1005 882 1052 912 eo
1084 868 1194 926 quod
1227 868 1417 912 additur:
1442 867 1514 925 qui
1536 866 1802 924 supradictus

176 944 424 991 Ordinarius
464 956 556 985 eum
588 940 744 998 [supple
782 953 1071 984 «consensum
1096 954 1118 980 »
1157 952 1207 982 ne
1251 940 1459 995 praebeat,
1495 937 1537 995 b)
1575 941 1800 995 antequam

175 1016 360 1075 leyitime
391 1015 519 1057 idest:
553 1011 853 1056 sufficientibus
885 1025 934 1055 ex
970 1010 1060 1067 lege
1094 1009 1407 1066 probationibus
1439 1007 1690 1066 compererit
1727 1020 1800 1051 seu

177 1089 312 1133 eidem
345 1086 586 1135 constiterit,
617 1096 843 1140 personam
885 1080 1086 1125 moralem
1119 1093 1226 1139 quae
1268 1083 1486 1136 acceptare
1519 1079 1800 1122 fundationem

176 1159 398 1209 desiderat,
431 1162 517 1198 tuin
544 1167 646 1197 noco
680 1152 799 1196 oneri
826 1153 1159 1196 «fundationis»
1186 1150 1466 1209 suscipiendo,
1492 1155 1579 1193 tum
1612 1148 1804 1208 antiquis

177 1230 462 1274 fundationum
491 1225 553 1269 vel
578 1224 699 1268 aliter
722 1224 807 1268 iam
839 1223 1042 1281 susceptis
1065 1221 1318 1280 satisfacere
1336 1235 1459 1280 posse
1481 1234 1554 1278 per
1575 1233 1649 1264 sua
1674 1233 1801 1263 mem-

178 1301 266 1356 bra,
299 1302 330 1343 si
366 1309 538 1355 persona
571 1298 623 1339 sit
655 1294 896 1351 collegialis,
932 1294 997 1337 vel
1049 1307 1120 1350 per
1161 1293 1275 1348 alios,
1310 1292 1477 1351 quando
1511 1294 1625 1335 iuxta
1657 1290 1802 1334 funda-

179 1375 336 1416 tionum
370 1368 530 1412 tabulas
571 1369 629 1410 sic
672 1366 862 1414 satisfieri
897 1367 1052 1422 possint
1094 1376 1242 1418 onera,
1277 1363 1318 1421 c)
1350 1362 1613 1420 maoeimeque
1645 1366 1802 1416 caveat,

179 1443 288 1501 quod
308 1441 415 1484 idem
435 1443 496 1482 est
512 1451 559 1481 ac
582 1453 603 1479 «
623 1438 888 1493 praecipuam
909 1438 1107 1479 rationem
1128 1434 1329 1486 habeat»,
1351 1439 1396 1477 ut
1411 1433 1576 1476 reditus
1599 1434 1799 1476 «annui»

180 1528 229 1558 ex
255 1513 371 1557 bonis
395 1507 691 1566 temporalibus
714 1509 752 1550 in
779 1506 1018 1550 fundatione
1042 1506 1189 1549 dandis
1212 1505 1380 1549 omnino
1403 1503 1685 1562 respondeant
1708 1516 1802 1546 one-

179 1583 296 1628 ribus
329 1581 541 1625 adiunctis
573 1578 799 1622 secundum
832 1577 1032 1634 cuiusque
1064 1576 1266 1620 dioecesis
1298 1589 1466 1630 moreni,
1501 1579 1680 1618 attamen
1708 1587 1803 1618 cum

180 1653 440 1712 providentia
469 1667 490 1692 α
509 1665 558 1694 ne
591 1650 854 1707 eleemosyna
888 1662 960 1705 pro
996 1650 1131 1691 missis
1164 1646 1426 1690 celebrandis
1457 1647 1508 1689 sit
1541 1645 1644 1688 adeo
1673 1646 1805 1690 tenuis

181 1730 225 1769 ut
259 1724 316 1781 (in
352 1725 538 1779 proxime
580 1719 736 1776 futuro)
780 1733 860 1762 non
905 1718 1025 1762 facile
1060 1721 1326 1762 inveniantur
1358 1719 1428 1774 qui
1473 1715 1601 1760 velint
1636 1715 1730 1759 huic
1762 1728 1805 1759 se

183 1797 343 1839 muneri
377 1793 596 1847 subiicere,
630 1790 697 1834 vel
730 1790 886 1833 reditus
918 1792 999 1832 sint
1031 1790 1134 1832 adeo
1166 1790 1306 1845 exigui
1351 1792 1394 1831 ut
1428 1798 1605 1843 persona
1639 1785 1807 1829 moralis

185 1879 256 1922 pro
289 1865 521 1908 necessaria
552 1874 623 1906 sua
657 1862 954 1905 sustentatione
998 1859 1061 1917 (ut
1103 1859 1338 1916 praevideri
1384 1857 1610 1915 prudenter
1657 1855 1805 1913 potest)

184 1938 303 1979 novis
325 1949 367 1978 se
390 1933 586 1978 oneribus
608 1932 866 1988 obstringere
889 1930 1202 1987 compellatur»
1231 1929 1316 1986 (cit.
1340 1928 1486 1985 Dec.⁰).
1508 1927 1678 1984 Propter
1701 1938 1806 1984 quae
1840 1975 1843 1977 ,

184 2009 242 2050 sic
275 2005 443 2062 explicit
476 2017 588 2049 num.
616 2002 679 2057 Vl,
702 2002 812 2046 unde
834 2002 884 2045 acl
910 2001 1087 2044 litteram
1112 2000 1356 2056 desumptus
1378 2003 1438 2042 est
1461 2001 1520 2053 §¹¹⁵
1543 1998 1624 2041 1¹¹³:
1654 2013 1676 2038 α
1693 1996 1807 2040 intel-

185 2077 394 2133 ligantqne
429 2073 689 2132 (Ordinarii),
712 2076 743 2116 si
780 2075 818 2115 in
848 2086 892 2116 re
924 2074 1024 2115 tanti
1050 2072 1245 2114 momenti
1270 2070 1435 2114 desides
1457 2073 1527 2112 aut
1549 2067 1809 2124 negligentes

185 2148 349 2201 suerint,
384 2150 421 2189 in
455 2147 679 2189 novissimo
713 2145 779 2188 die
821 2157 864 2186 se
902 2142 1024 2186 huius
1067 2143 1345 2198 praetermissi
1388 2141 1571 2183 muneris
1604 2140 1805 2181 rationem

187 2231 276 2262 esse
310 2218 598 2261 reddituros».

305 2285 546 2344 Opportune
579 2286 774 2329 admonet
807 2283 835 2341 ξ
866 2285 908 2327 2.
943 2282 992 2326 In
1024 2284 1256 2326 necessaria
1289 2280 1575 2339 acceptatione
1608 2291 1807 2337 personae

187 2358 367 2403 moralis.
401 2357 698 2400 constitutione
730 2354 865 2412 quoad
910 2353 1164 2397 conditiones
1199 2352 1401 2396 bonorum
1435 2351 1625 2394 datorum
1670 2355 1710 2394 et
1740 2363 1807 2393 su·
1878 2356 1879 2359 ’
1950 2335 1953 2337 ‚

1900 2414 1910 2421 '
1953 2417 1956 2432 t

188 2434 421 2485 sceptorum
456 2440 642 2481 onerum,
677 2431 715 2469 et
747 2424 1119 2468 administratione
1150 2422 1417 2480 fundationis
1455 2423 1634 2478 «piae»
1672 2419 1807 2478 quoad

190 2505 424 2556 utrumque,
454 2503 663 2556 patronus
706 2495 905 2539 ecclesiae
951 2499 1141 2551 sumptae
1183 2493 1233 2537 ad
1268 2504 1457 2536 normam
1499 2504 1588 2535 can.
1625 2491 1731 2534 1161
1770 2495 1810 2534 et

190 2571 296 2613 1191
335 2570 371 2628 ἓ,
398 2570 433 2622 1,
469 2571 507 2611 in
541 2581 621 2625 qua
655 2567 914 2611 fundationes
946 2568 1036 2622 piae
1068 2564 1311 2619 condantur,
1331 2561 1495 2605 nullum
1527 2563 1651 2605 etiam
1683 2560 1810 2604 solius

193 2641 431 2697 vigilantiae
464 2639 530 2682 ius
564 2638 696 2681 habet.

309 2711 404 2753 465.
442 2711 513 2756 De
546 2710 871 2755 collocatione
903 2710 1033 2754 dotis
1066 2709 1180 2764 piae
1211 2707 1516 2752 fundationis
1549 2703 1654 2747 banc
1687 2703 1808 2746 ratio-

192 2795 285 2824 nem
329 2782 447 2824 affort
477 2783 544 2824 cit.
580 2781 711 2823 Dec.¹²¹
745 2780 784 2823 in
827 2791 939 2821 num.
977 2777 1031 2821 V:
1071 2777 1332 2821 «Praeterea
1365 2789 1416 2819 ne
1458 2777 1498 2818 in
1537 2773 1737 2827 ecclesiis,
1769 2773 1808 2814 in

193 2853 342 2909 quibus
373 2863 497 2895 onera
531 2852 748 2894 missarum
784 2849 850 2907 (ac
881 2848 1015 2892 simile
1050 2852 1170 2905 urget
1201 2848 1252 2892 de
1284 2847 1375 2891 aliis
1407 2844 1617 2901 oneribus)
1651 2846 1690 2886 in
1724 2837 1837 2899 per?
1903 2818 1959 2883 „7¹
