<?xml version="1.0" encoding="UTF-8"?>
<!DOCTYPE html PUBLIC "-//W3C//DTD XHTML 1.0 Transitional//EN"
    "http://www.w3.org/TR/xhtml1/DTD/xhtml1-transitional.dtd">
<html xmlns="http://www.w3.org/1999/xhtml" xml:lang="en" lang="en">
 <head>
  <title>
</title>
<meta http-equiv="Content-Type" content="text/html;charset=utf-8" />
  <meta name='ocr-system' content='tesseract 3.04.00' />
  <meta name='ocr-capabilities' content='ocr_page ocr_carea ocr_par ocr_line ocrx_word'/>
</head>
<body>
  <div class='ocr_page' id='page_1' title='image "./commentariumtext03blatuoft_0443.png"; bbox 0 0 1965 3240; ppageno 0'>
   <div class='ocr_carea' id='block_1_1' title="bbox 467 139 1330 184">
    <p class='ocr_par' dir='ltr' id='par_1_1' title="bbox 467 139 1330 184">
     <span class='ocr_line' id='line_1_1' title="bbox 467 139 1330 184; baseline 0.001 -10"><span class='ocrx_word' id='word_1_1' title='bbox 467 140 548 174; x_wconf 78' lang='lat' dir='ltr'>TJ&#39;r.</span> <span class='ocrx_word' id='word_1_2' title='bbox 576 140 703 174; x_wconf 86' lang='lat' dir='ltr'>XXV.</span> <span class='ocrx_word' id='word_1_3' title='bbox 728 160 739 165; x_wconf 93' lang='lat'><em>—</em></span> <span class='ocrx_word' id='word_1_4' title='bbox 766 139 823 174; x_wconf 89' lang='lat' dir='ltr'>De</span> <span class='ocrx_word' id='word_1_5' title='bbox 848 141 1040 184; x_wconf 77' lang='lat' dir='ltr'>beneficiis</span> <span class='ocrx_word' id='word_1_6' title='bbox 1065 142 1330 175; x_wconf 70' lang='lat' dir='ltr'>ecelesiasticis</span> 
     </span>
    </p>
   </div>
   <div class='ocr_carea' id='block_1_2' title="bbox 807 202 1328 207">
    <p class='ocr_par' dir='ltr' id='par_1_2' title="bbox 807 202 1328 207">
     <span class='ocr_line' id='line_1_2' title="bbox 807 202 1328 207; baseline 0 0"><span class='ocrx_word' id='word_1_7' title='bbox 807 202 1328 207; x_wconf 95' lang='lat' dir='ltr'> </span> 
     </span>
    </p>
   </div>
   <div class='ocr_carea' id='block_1_3' title="bbox 1638 142 1705 175">
    <p class='ocr_par' dir='ltr' id='par_1_3' title="bbox 1638 142 1705 175">
     <span class='ocr_line' id='line_1_3' title="bbox 1638 142 1705 175; baseline 0.015 -1"><span class='ocrx_word' id='word_1_8' title='bbox 1638 142 1705 175; x_wconf 72' lang='lat'>431</span> 
     </span>
    </p>
   </div>
   <div class='ocr_carea' id='block_1_4' title="bbox 81 258 1723 1790">
    <p class='ocr_par' dir='ltr' id='par_1_4' title="bbox 81 258 1720 1518">
     <span class='ocr_line' id='line_1_4' title="bbox 85 258 1711 317; baseline 0 -14"><span class='ocrx_word' id='word_1_9' title='bbox 85 260 168 314; x_wconf 80' lang='lat' dir='ltr'>Qui</span> <span class='ocrx_word' id='word_1_10' title='bbox 201 259 438 316; x_wconf 70' lang='lat' dir='ltr'>beneficium</span> <span class='ocrx_word' id='word_1_11' title='bbox 472 259 676 317; x_wconf 77' lang='lat' dir='ltr'>postulat,</span> <span class='ocrx_word' id='word_1_12' title='bbox 712 264 751 302; x_wconf 88' lang='lat' dir='ltr'>ut</span> <span class='ocrx_word' id='word_1_13' title='bbox 785 259 1008 315; x_wconf 91' lang='lat' dir='ltr'>plurimum</span> <span class='ocrx_word' id='word_1_14' title='bbox 1043 260 1151 315; x_wconf 88' lang='lat' dir='ltr'>apud</span> <span class='ocrx_word' id='word_1_15' title='bbox 1197 262 1236 303; x_wconf 75' lang='lat' dir='ltr'>S.</span> <span class='ocrx_word' id='word_1_16' title='bbox 1270 261 1416 303; x_wconf 62' lang='lat' dir='ltr'>§edem</span> <span class='ocrx_word' id='word_1_17' title='bbox 1455 260 1515 303; x_wconf 71' lang='lat' dir='ltr'>rel</span> <span class='ocrx_word' id='word_1_18' title='bbox 1550 260 1601 304; x_wconf 89' lang='lat' dir='ltr'>ab</span> <span class='ocrx_word' id='word_1_19' title='bbox 1634 258 1711 305; x_wconf 85' lang='lat' dir='ltr'>Or-</span> 
     </span>
     <span class='ocr_line' id='line_1_5' title="bbox 81 329 1709 388; baseline 0 -15"><span class='ocrx_word' id='word_1_20' title='bbox 81 331 256 383; x_wconf 74' lang='lat' dir='ltr'>dinario,</span> <span class='ocrx_word' id='word_1_21' title='bbox 280 329 329 371; x_wconf 83' lang='lat' dir='ltr'>ab</span> <span class='ocrx_word' id='word_1_22' title='bbox 363 330 450 373; x_wconf 77' lang='lat' dir='ltr'>alio</span> <span class='ocrx_word' id='word_1_23' title='bbox 473 330 625 373; x_wconf 89' lang='lat' dir='ltr'>clerico</span> <span class='ocrx_word' id='word_1_24' title='bbox 654 329 829 388; x_wconf 75' lang='lat' dir='ltr'>pacifice</span> <span class='ocrx_word' id='word_1_25' title='bbox 859 343 930 373; x_wconf 89' lang='lat' dir='ltr'>seu</span> <span class='ocrx_word' id='word_1_26' title='bbox 961 329 1116 386; x_wconf 78' lang='lat' dir='ltr'>absque</span> <span class='ocrx_word' id='word_1_27' title='bbox 1140 333 1422 374; x_wconf 78' lang='lat' dir='ltr'>controversia</span> <span class='ocrx_word' id='word_1_28' title='bbox 1455 345 1709 388; x_wconf 65' lang='lat' dir='ltr'>poss-essunt,</span> 
     </span>
     <span class='ocr_line' id='line_1_6' title="bbox 81 400 1713 459; baseline 0 -15"><span class='ocrx_word' id='word_1_29' title='bbox 81 403 179 459; x_wconf 86' lang='lat' dir='ltr'>quin</span> <span class='ocrx_word' id='word_1_30' title='bbox 215 405 377 456; x_wconf 89' lang='lat' dir='ltr'>tempus</span> <span class='ocrx_word' id='word_1_31' title='bbox 410 404 678 456; x_wconf 78' lang='lat' dir='ltr'>possessionis</span> <span class='ocrx_word' id='word_1_32' title='bbox 703 400 957 456; x_wconf 91' lang='lat' dir='ltr'>praecedens</span> <span class='ocrx_word' id='word_1_33' title='bbox 979 400 1239 456; x_wconf 73' lang='lat' dir='ltr'>postulationi</span> <span class='ocrx_word' id='word_1_34' title='bbox 1265 402 1577 454; x_wconf 66' lang='lat' dir='ltr'>determinetur,</span> <span class='ocrx_word' id='word_1_35' title='bbox 1603 401 1713 459; x_wconf 75' lang='lat' dir='ltr'>quod</span> 
     </span>
     <span class='ocr_line' id='line_1_7' title="bbox 82 470 1713 527; baseline 0.002 -15"><span class='ocrx_word' id='word_1_36' title='bbox 82 471 322 527; x_wconf 74' lang='lat' dir='ltr'>beneficium</span> <span class='ocrx_word' id='word_1_37' title='bbox 356 477 467 514; x_wconf 76' lang='lat' dir='ltr'>certo</span> <span class='ocrx_word' id='word_1_38' title='bbox 503 471 635 524; x_wconf 70' lang='lat' dir='ltr'>morlo,</span> <span class='ocrx_word' id='word_1_39' title='bbox 668 474 757 514; x_wconf 76' lang='lat' dir='ltr'>sive</span> <span class='ocrx_word' id='word_1_40' title='bbox 789 471 952 514; x_wconf 80' lang='lat' dir='ltr'>defectu</span> <span class='ocrx_word' id='word_1_41' title='bbox 989 470 1196 513; x_wconf 80' lang='lat' dir='ltr'>invalidae</span> <span class='ocrx_word' id='word_1_42' title='bbox 1232 474 1523 525; x_wconf 67' lang='lat' dir='ltr'>concessionis,</span> <span class='ocrx_word' id='word_1_43' title='bbox 1548 475 1637 515; x_wconf 74' lang='lat' dir='ltr'>sive</span> <span class='ocrx_word' id='word_1_44' title='bbox 1660 471 1713 515; x_wconf 86' lang='lat' dir='ltr'>ob</span> 
     </span>
     <span class='ocr_line' id='line_1_8' title="bbox 82 540 1713 599; baseline -0.001 -12"><span class='ocrx_word' id='word_1_45' title='bbox 82 545 446 599; x_wconf 75' lang='lat' dir='ltr'>supervenientem</span> <span class='ocrx_word' id='word_1_46' title='bbox 488 555 654 585; x_wconf 86' lang='lat' dir='ltr'>causam</span> <span class='ocrx_word' id='word_1_47' title='bbox 689 544 922 585; x_wconf 86' lang='lat' dir='ltr'>amissionis</span> <span class='ocrx_word' id='word_1_48' title='bbox 966 540 1153 584; x_wconf 88' lang='lat' dir='ltr'>beneticii</span> <span class='ocrx_word' id='word_1_49' title='bbox 1204 544 1289 597; x_wconf 90' lang='lat' dir='ltr'>ipso</span> <span class='ocrx_word' id='word_1_50' title='bbox 1334 545 1436 589; x_wconf 75' lang='lat' dir='ltr'>iure,</span> <span class='ocrx_word' id='word_1_51' title='bbox 1470 556 1621 585; x_wconf 62' lang='lat' dir='ltr'>vereare</span> <span class='ocrx_word' id='word_1_52' title='bbox 1662 543 1713 586; x_wconf 94' lang='lat' dir='ltr'>de</span> 
     </span>
     <span class='ocr_line' id='line_1_9' title="bbox 84 611 1717 670; baseline -0.001 -14"><span class='ocrx_word' id='word_1_53' title='bbox 84 616 172 658; x_wconf 90' lang='lat' dir='ltr'>iure</span> <span class='ocrx_word' id='word_1_54' title='bbox 204 612 428 656; x_wconf 74' lang='lat' dir='ltr'>contendat</span> <span class='ocrx_word' id='word_1_55' title='bbox 478 613 687 669; x_wconf 87' lang='lat' dir='ltr'>postulans</span> <span class='ocrx_word' id='word_1_56' title='bbox 721 613 836 666; x_wconf 79' lang='lat' dir='ltr'>illud,</span> <span class='ocrx_word' id='word_1_57' title='bbox 876 611 991 655; x_wconf 82' lang='lat' dir='ltr'>debe!</span> <span class='ocrx_word' id='word_1_58' title='bbox 1026 612 1066 654; x_wconf 78' lang='lat' dir='ltr'>in</span> <span class='ocrx_word' id='word_1_59' title='bbox 1101 612 1284 670; x_wconf 64' lang='lat' dir='ltr'>supplici</span> <span class='ocrx_word' id='word_1_60' title='bbox 1317 612 1456 655; x_wconf 72' lang='lat' dir='ltr'>libello</span> <span class='ocrx_word' id='word_1_61' title='bbox 1492 614 1717 656; x_wconf 81' lang='lat' dir='ltr'>extraiudi-</span> 
     </span>
     <span class='ocr_line' id='line_1_10' title="bbox 83 683 1713 741; baseline -0.001 -13"><span class='ocrx_word' id='word_1_62' title='bbox 83 684 174 728; x_wconf 88' lang='lat' dir='ltr'>ciali</span> <span class='ocrx_word' id='word_1_63' title='bbox 199 684 448 741; x_wconf 60' lang='lat' dir='ltr'>ewprinwre,</span> <span class='ocrx_word' id='word_1_64' title='bbox 470 687 522 727; x_wconf 88' lang='lat' dir='ltr'>ita</span> <span class='ocrx_word' id='word_1_65' title='bbox 548 689 588 727; x_wconf 93' lang='lat' dir='ltr'>ut</span> <span class='ocrx_word' id='word_1_66' title='bbox 618 700 635 723; x_wconf 87' lang='lat'>«</span> <span class='ocrx_word' id='word_1_67' title='bbox 657 686 868 727; x_wconf 86' lang='lat' dir='ltr'>reticentia</span> <span class='ocrx_word' id='word_1_68' title='bbox 888 683 1146 739; x_wconf 81' lang='lat' dir='ltr'>singulorum</span> <span class='ocrx_word' id='word_1_69' title='bbox 1169 686 1219 726; x_wconf 86' lang='lat' dir='ltr'>sit</span> <span class='ocrx_word' id='word_1_70' title='bbox 1237 683 1449 737; x_wconf 86' lang='lat' dir='ltr'>subreptio</span> <span class='ocrx_word' id='word_1_71' title='bbox 1470 700 1489 724; x_wconf 84' lang='grc'>))</span> <span class='ocrx_word' id='word_1_72' title='bbox 1519 688 1624 737; x_wconf 80' lang='lat' dir='ltr'>(can.</span> <span class='ocrx_word' id='word_1_73' title='bbox 1646 685 1713 737; x_wconf 65' lang='lat'>42,</span> 
     </span>
     <span class='ocr_line' id='line_1_11' title="bbox 81 753 1712 813; baseline -0.001 -15"><span class='ocrx_word' id='word_1_74' title='bbox 81 755 187 813; x_wconf 53' lang='lat'>5³1),</span> <span class='ocrx_word' id='word_1_75' title='bbox 219 755 259 811; x_wconf 83' lang='lat' dir='ltr'>a)</span> <span class='ocrx_word' id='word_1_76' title='bbox 295 768 440 797; x_wconf 81' lang='lat' dir='ltr'>nomen</span> <span class='ocrx_word' id='word_1_77' title='bbox 472 754 741 811; x_wconf 40' lang='lat' dir='ltr'>posses-‚corte</span> <span class='ocrx_word' id='word_1_78' title='bbox 777 768 847 797; x_wconf 91' lang='lat' dir='ltr'>seu</span> <span class='ocrx_word' id='word_1_79' title='bbox 882 768 963 811; x_wconf 83' lang='lat' dir='ltr'>quo</span> <span class='ocrx_word' id='word_1_80' title='bbox 1009 754 1074 797; x_wconf 79' lang='lat' dir='ltr'>liic</span> <span class='ocrx_word' id='word_1_81' title='bbox 1121 753 1224 797; x_wconf 81' lang='lat' dir='ltr'>bene</span> <span class='ocrx_word' id='word_1_82' title='bbox 1258 754 1550 811; x_wconf 81' lang='lat' dir='ltr'>distinguatur.</span> <span class='ocrx_word' id='word_1_83' title='bbox 1587 755 1712 797; x_wconf 81' lang='lat' dir='ltr'>idest:</span> 
     </span>
     <span class='ocr_line' id='line_1_12' title="bbox 83 824 1711 882; baseline -0.001 -14"><span class='ocrx_word' id='word_1_84' title='bbox 83 838 232 869; x_wconf 93' lang='lat' dir='ltr'>nomen</span> <span class='ocrx_word' id='word_1_85' title='bbox 267 830 306 869; x_wconf 90' lang='lat' dir='ltr'>et</span> <span class='ocrx_word' id='word_1_86' title='bbox 339 838 560 881; x_wconf 76' lang='lat' dir='ltr'>agnomen,</span> <span class='ocrx_word' id='word_1_87' title='bbox 596 825 637 881; x_wconf 87' lang='lat' dir='ltr'>b)</span> <span class='ocrx_word' id='word_1_88' title='bbox 674 831 833 882; x_wconf 76' lang='lat' dir='ltr'>tempus</span> <span class='ocrx_word' id='word_1_89' title='bbox 873 824 1166 882; x_wconf 72' lang='lat' dir='ltr'>possessionis,</span> <span class='ocrx_word' id='word_1_90' title='bbox 1201 837 1292 867; x_wconf 89' lang='lat' dir='ltr'>nam</span> <span class='ocrx_word' id='word_1_91' title='bbox 1344 840 1363 865; x_wconf 86' lang='lat'>«</span> <span class='ocrx_word' id='word_1_92' title='bbox 1391 839 1462 881; x_wconf 87' lang='lat' dir='ltr'>per</span> <span class='ocrx_word' id='word_1_93' title='bbox 1507 827 1711 881; x_wconf 80' lang='lat' dir='ltr'>integrum</span> 
     </span>
     <span class='ocr_line' id='line_1_13' title="bbox 84 896 1712 952; baseline -0.001 -13"><span class='ocrx_word' id='word_1_94' title='bbox 84 899 305 939; x_wconf 89' lang='lat' dir='ltr'>triennium</span> <span class='ocrx_word' id='word_1_95' title='bbox 341 909 389 939; x_wconf 81' lang='lat' dir='ltr'>ex</span> <span class='ocrx_word' id='word_1_96' title='bbox 432 896 613 951; x_wconf 85' lang='lat' dir='ltr'>legitima</span> <span class='ocrx_word' id='word_1_97' title='bbox 662 898 984 952; x_wconf 73' lang='lat' dir='ltr'>praescriptione</span> <span class='ocrx_word' id='word_1_98' title='bbox 1024 896 1224 938; x_wconf 77' lang='lat' dir='ltr'>obtinet»</span> <span class='ocrx_word' id='word_1_99' title='bbox 1264 896 1477 952; x_wconf 88' lang='lat' dir='ltr'>possidens</span> <span class='ocrx_word' id='word_1_100' title='bbox 1522 896 1618 938; x_wconf 91' lang='lat' dir='ltr'>illud</span> <span class='ocrx_word' id='word_1_101' title='bbox 1665 909 1712 938; x_wconf 86' lang='lat' dir='ltr'>ex</span> 
     </span>
     <span class='ocr_line' id='line_1_14' title="bbox 83 966 1715 1024; baseline -0.002 -13"><span class='ocrx_word' id='word_1_102' title='bbox 83 980 173 1012; x_wconf 82' lang='lat' dir='ltr'>can.</span> <span class='ocrx_word' id='word_1_103' title='bbox 209 980 359 1024; x_wconf 57' lang='lat' dir='ltr'>praec„</span> <span class='ocrx_word' id='word_1_104' title='bbox 384 972 422 1009; x_wconf 81' lang='lat' dir='ltr'>et</span> <span class='ocrx_word' id='word_1_105' title='bbox 446 967 486 1023; x_wconf 91' lang='lat' dir='ltr'>c)</span> <span class='ocrx_word' id='word_1_106' title='bbox 511 981 681 1009; x_wconf 70' lang='lat' dir='ltr'>eausam</span> <span class='ocrx_word' id='word_1_107' title='bbox 715 966 935 1024; x_wconf 73' lang='lat' dir='ltr'>specialem</span> <span class='ocrx_word' id='word_1_108' title='bbox 973 966 1147 1009; x_wconf 90' lang='lat' dir='ltr'>iuridice</span> <span class='ocrx_word' id='word_1_109' title='bbox 1171 980 1222 1009; x_wconf 70' lang='lat' dir='ltr'>eoe</span> <span class='ocrx_word' id='word_1_110' title='bbox 1254 981 1338 1023; x_wconf 74' lang='lat' dir='ltr'>qna</span> <span class='ocrx_word' id='word_1_111' title='bbox 1371 972 1527 1009; x_wconf 74' lang='lat' dir='ltr'>eonslel</span> <span class='ocrx_word' id='word_1_112' title='bbox 1552 966 1715 1009; x_wconf 74' lang='lat' dir='ltr'>nullum</span> 
     </span>
     <span class='ocr_line' id='line_1_15' title="bbox 81 1036 1714 1095; baseline -0.002 -14"><span class='ocrx_word' id='word_1_113' title='bbox 81 1037 316 1095; x_wconf 74' lang='lat' dir='ltr'>possessori</span> <span class='ocrx_word' id='word_1_114' title='bbox 341 1038 380 1080; x_wconf 80' lang='lat' dir='ltr'>in</span> <span class='ocrx_word' id='word_1_115' title='bbox 407 1051 451 1081; x_wconf 84' lang='lat' dir='ltr'>eo</span> <span class='ocrx_word' id='word_1_116' title='bbox 476 1036 684 1093; x_wconf 73' lang='lat' dir='ltr'>beneficio,</span> <span class='ocrx_word' id='word_1_117' title='bbox 710 1037 774 1079; x_wconf 76' lang='lat' dir='ltr'>ins</span> <span class='ocrx_word' id='word_1_118' title='bbox 798 1042 1041 1094; x_wconf 69' lang='lat' dir='ltr'>competere,</span> <span class='ocrx_word' id='word_1_119' title='bbox 1067 1037 1194 1080; x_wconf 87' lang='lat' dir='ltr'>idest:</span> <span class='ocrx_word' id='word_1_120' title='bbox 1231 1036 1344 1080; x_wconf 91' lang='lat' dir='ltr'>illum</span> <span class='ocrx_word' id='word_1_121' title='bbox 1375 1037 1510 1080; x_wconf 86' lang='lat' dir='ltr'>valido</span> <span class='ocrx_word' id='word_1_122' title='bbox 1536 1036 1652 1080; x_wconf 86' lang='lat' dir='ltr'>titulo</span> <span class='ocrx_word' id='word_1_123' title='bbox 1678 1039 1714 1078; x_wconf 92' lang='lat' dir='ltr'>in</span> 
     </span>
     <span class='ocr_line' id='line_1_16' title="bbox 86 1107 1719 1165; baseline -0.001 -14"><span class='ocrx_word' id='word_1_124' title='bbox 86 1111 412 1165; x_wconf 79' lang='lat' dir='ltr'>praesentiarum</span> <span class='ocrx_word' id='word_1_125' title='bbox 446 1109 635 1154; x_wconf 78' lang='lat' dir='ltr'>destitui:</span> <span class='ocrx_word' id='word_1_126' title='bbox 662 1108 901 1164; x_wconf 74' lang='lat' dir='ltr'>beneficiam</span> <span class='ocrx_word' id='word_1_127' title='bbox 926 1113 1063 1150; x_wconf 76' lang='lat' dir='ltr'>nutem</span> <span class='ocrx_word' id='word_1_128' title='bbox 1089 1107 1188 1150; x_wconf 93' lang='lat' dir='ltr'>illud</span> <span class='ocrx_word' id='word_1_129' title='bbox 1210 1107 1461 1165; x_wconf 71' lang='lat' dir='ltr'>postulanti,</span> <span class='ocrx_word' id='word_1_130' title='bbox 1488 1107 1566 1150; x_wconf 90' lang='lat' dir='ltr'>illis</span> <span class='ocrx_word' id='word_1_131' title='bbox 1589 1110 1719 1150; x_wconf 89' lang='lat' dir='ltr'>omni-</span> 
     </span>
     <span class='ocr_line' id='line_1_17' title="bbox 88 1178 1715 1238; baseline 0 -16"><span class='ocrx_word' id='word_1_132' title='bbox 88 1180 163 1223; x_wconf 87' lang='lat' dir='ltr'>bus</span> <span class='ocrx_word' id='word_1_133' title='bbox 194 1193 360 1238; x_wconf 84' lang='lat' dir='ltr'>quoque</span> <span class='ocrx_word' id='word_1_134' title='bbox 395 1180 586 1236; x_wconf 86' lang='lat' dir='ltr'>impletis.</span> <span class='ocrx_word' id='word_1_135' title='bbox 621 1180 809 1238; x_wconf 67' lang='lat' dir='ltr'>conferri</span> <span class='ocrx_word' id='word_1_136' title='bbox 842 1193 920 1222; x_wconf 84' lang='lat' dir='ltr'>non</span> <span class='ocrx_word' id='word_1_137' title='bbox 954 1184 1090 1237; x_wconf 79' lang='lat' dir='ltr'>potes!</span> <span class='ocrx_word' id='word_1_138' title='bbox 1142 1179 1250 1222; x_wconf 89' lang='lat' dir='ltr'>licite</span> <span class='ocrx_word' id='word_1_139' title='bbox 1295 1192 1369 1222; x_wconf 91' lang='lat' dir='ltr'>nec</span> <span class='ocrx_word' id='word_1_140' title='bbox 1407 1178 1540 1222; x_wconf 77' lang='lat' dir='ltr'>valide</span> <span class='ocrx_word' id='word_1_141' title='bbox 1574 1178 1626 1222; x_wconf 83' lang='lat' dir='ltr'>ol)</span> <span class='ocrx_word' id='word_1_142' title='bbox 1659 1179 1715 1222; x_wconf 86' lang='lat' dir='ltr'>fa—</span> 
     </span>
     <span class='ocr_line' id='line_1_18' title="bbox 89 1248 1718 1307; baseline 0 -16"><span class='ocrx_word' id='word_1_143' title='bbox 89 1263 230 1293; x_wconf 78' lang='lat' dir='ltr'>vorem</span> <span class='ocrx_word' id='word_1_144' title='bbox 268 1253 550 1306; x_wconf 84' lang='lat' dir='ltr'>possessionis,</span> <span class='ocrx_word' id='word_1_145' title='bbox 574 1250 659 1293; x_wconf 80' lang='lat' dir='ltr'>nisi</span> <span class='ocrx_word' id='word_1_146' title='bbox 688 1250 811 1307; x_wconf 76' lang='lat' dir='ltr'>prius</span> <span class='ocrx_word' id='word_1_147' title='bbox 844 1263 972 1292; x_wconf 72' lang='lat' dir='ltr'>eausa</span> <span class='ocrx_word' id='word_1_148' title='bbox 1007 1250 1047 1292; x_wconf 82' lang='grc' dir='ltr'><em>ιή</em></span> <span class='ocrx_word' id='word_1_149' title='bbox 1080 1249 1280 1305; x_wconf 73' lang='lat' dir='ltr'>petitorio</span> <span class='ocrx_word' id='word_1_150' title='bbox 1315 1250 1467 1293; x_wconf 89' lang='lat' dir='ltr'>iudicio</span> <span class='ocrx_word' id='word_1_151' title='bbox 1502 1251 1625 1292; x_wconf 84' lang='lat' dir='ltr'>fuerit</span> <span class='ocrx_word' id='word_1_152' title='bbox 1662 1248 1718 1291; x_wconf 80' lang='lat' dir='ltr'>ad</span> 
     </span>
     <span class='ocr_line' id='line_1_19' title="bbox 86 1318 1720 1378; baseline -0.001 -16"><span class='ocrx_word' id='word_1_153' title='bbox 86 1335 276 1364; x_wconf 80' lang='lat' dir='ltr'>normam</span> <span class='ocrx_word' id='word_1_154' title='bbox 310 1321 418 1364; x_wconf 74' lang='lat' dir='ltr'>iuris</span> <span class='ocrx_word' id='word_1_155' title='bbox 451 1335 522 1378; x_wconf 89' lang='lat' dir='ltr'>per</span> <span class='ocrx_word' id='word_1_156' title='bbox 557 1321 723 1377; x_wconf 81' lang='lat' dir='ltr'>longum</span> <span class='ocrx_word' id='word_1_157' title='bbox 750 1321 897 1377; x_wconf 75' lang='lat' dir='ltr'>digesti</span> <span class='ocrx_word' id='word_1_158' title='bbox 935 1323 971 1363; x_wconf 94' lang='lat' dir='ltr'>in</span> <span class='ocrx_word' id='word_1_159' title='bbox 1010 1320 1126 1363; x_wconf 85' lang='lat' dir='ltr'>Parte</span> <span class='ocrx_word' id='word_1_160' title='bbox 1160 1323 1290 1376; x_wconf 90' lang='lat' dir='ltr'>prima</span> <span class='ocrx_word' id='word_1_161' title='bbox 1325 1319 1402 1363; x_wconf 85' lang='lat' dir='ltr'>sub</span> <span class='ocrx_word' id='word_1_162' title='bbox 1436 1319 1521 1364; x_wconf 88' lang='lat' dir='ltr'>Lib.</span> <span class='ocrx_word' id='word_1_163' title='bbox 1549 1318 1598 1362; x_wconf 89' lang='lat' dir='ltr'>lV</span> <span class='ocrx_word' id='word_1_164' title='bbox 1623 1319 1720 1376; x_wconf 78' lang='lat' dir='ltr'>(lesi-</span> 
     </span>
     <span class='ocr_line' id='line_1_20' title="bbox 87 1390 1717 1449; baseline -0.001 -15"><span class='ocrx_word' id='word_1_165' title='bbox 87 1392 179 1434; x_wconf 77' lang='lat' dir='ltr'>nila</span> <span class='ocrx_word' id='word_1_166' title='bbox 214 1406 285 1448; x_wconf 91' lang='lat' dir='ltr'>per</span> <span class='ocrx_word' id='word_1_167' title='bbox 317 1395 562 1435; x_wconf 84' lang='lat' dir='ltr'>sententiam</span> <span class='ocrx_word' id='word_1_168' title='bbox 599 1392 792 1449; x_wconf 76' lang='lat' dir='ltr'>equidem</span> <span class='ocrx_word' id='word_1_169' title='bbox 827 1391 1107 1434; x_wconf 79' lang='lat' dir='ltr'>declarantem</span> <span class='ocrx_word' id='word_1_170' title='bbox 1161 1390 1362 1434; x_wconf 88' lang='lat' dir='ltr'>«nullum</span> <span class='ocrx_word' id='word_1_171' title='bbox 1411 1393 1632 1447; x_wconf 88' lang='lat' dir='ltr'>possessori</span> <span class='ocrx_word' id='word_1_172' title='bbox 1680 1393 1717 1433; x_wconf 95' lang='lat' dir='ltr'>in</span> 
     </span>
     <span class='ocr_line' id='line_1_21' title="bbox 87 1462 1651 1518; baseline -0.001 -12"><span class='ocrx_word' id='word_1_173' title='bbox 87 1476 134 1506; x_wconf 89' lang='lat' dir='ltr'>eo</span> <span class='ocrx_word' id='word_1_174' title='bbox 170 1462 371 1506; x_wconf 87' lang='lat' dir='ltr'>beneticio</span> <span class='ocrx_word' id='word_1_175' title='bbox 407 1465 467 1506; x_wconf 90' lang='lat' dir='ltr'>ius</span> <span class='ocrx_word' id='word_1_176' title='bbox 502 1465 639 1518; x_wconf 52' lang='lat' dir='ltr'>(etiam</span> <span class='ocrx_word' id='word_1_177' title='bbox 676 1476 724 1505; x_wconf 83' lang='lat' dir='ltr'>ex</span> <span class='ocrx_word' id='word_1_178' title='bbox 762 1462 942 1518; x_wconf 83' lang='lat' dir='ltr'>legitima</span> <span class='ocrx_word' id='word_1_179' title='bbox 979 1463 1320 1518; x_wconf 86' lang='lat' dir='ltr'>praescriptione)</span> <span class='ocrx_word' id='word_1_180' title='bbox 1353 1467 1651 1518; x_wconf 84' lang='lat' dir='ltr'>competere».</span> 
     </span>
    </p>

    <p class='ocr_par' dir='ltr' id='par_1_5' title="bbox 89 1531 1723 1790">
     <span class='ocr_line' id='line_1_22' title="bbox 215 1531 1723 1589; baseline -0.005 -9"><span class='ocrx_word' id='word_1_181' title='bbox 215 1536 598 1580; x_wconf 86' lang='lat' dir='ltr'>Consectarium.</span> <span class='ocrx_word' id='word_1_182' title='bbox 629 1532 818 1577; x_wconf 83' lang='lat' dir='ltr'>Canones</span> <span class='ocrx_word' id='word_1_183' title='bbox 853 1532 1150 1588; x_wconf 84' lang='lat' dir='ltr'>praecedentes</span> <span class='ocrx_word' id='word_1_184' title='bbox 1185 1534 1221 1574; x_wconf 94' lang='lat' dir='ltr'>in</span> <span class='ocrx_word' id='word_1_185' title='bbox 1264 1531 1339 1575; x_wconf 87' lang='lat' dir='ltr'>hoc</span> <span class='ocrx_word' id='word_1_186' title='bbox 1371 1532 1512 1589; x_wconf 77' lang='lat' dir='ltr'>Capite</span> <span class='ocrx_word' id='word_1_187' title='bbox 1558 1532 1723 1588; x_wconf 81' lang='lat' dir='ltr'>regulas</span> 
     </span>
     <span class='ocr_line' id='line_1_23' title="bbox 89 1603 1722 1660; baseline -0.004 -10"><span class='ocrx_word' id='word_1_188' title='bbox 89 1605 355 1650; x_wconf 70' lang='lat' dir='ltr'>beneficiales</span> <span class='ocrx_word' id='word_1_189' title='bbox 388 1604 670 1648; x_wconf 70' lang='lat' dir='ltr'>(lancellariae</span> <span class='ocrx_word' id='word_1_190' title='bbox 705 1604 967 1660; x_wconf 82' lang='lat' dir='ltr'>Apostolicae</span> <span class='ocrx_word' id='word_1_191' title='bbox 994 1603 1056 1646; x_wconf 80' lang='lat' dir='ltr'>vel</span> <span class='ocrx_word' id='word_1_192' title='bbox 1094 1605 1271 1645; x_wconf 87' lang='lat' dir='ltr'>retinent</span> <span class='ocrx_word' id='word_1_193' title='bbox 1297 1603 1359 1646; x_wconf 77' lang='lat' dir='ltr'>vel</span> <span class='ocrx_word' id='word_1_194' title='bbox 1393 1605 1632 1646; x_wconf 87' lang='lat' dir='ltr'>immutatas</span> <span class='ocrx_word' id='word_1_195' title='bbox 1657 1616 1722 1645; x_wconf 87' lang='lat' dir='ltr'>re·</span> 
     </span>
     <span class='ocr_line' id='line_1_24' title="bbox 89 1673 1721 1732; baseline -0.002 -13"><span class='ocrx_word' id='word_1_196' title='bbox 89 1678 238 1719; x_wconf 87' lang='lat' dir='ltr'>ferunt.</span> <span class='ocrx_word' id='word_1_197' title='bbox 274 1675 378 1718; x_wconf 90' lang='lat' dir='ltr'>Hinc</span> <span class='ocrx_word' id='word_1_198' title='bbox 410 1676 682 1719; x_wconf 72' lang='lat' dir='ltr'>confirmatur</span> <span class='ocrx_word' id='word_1_199' title='bbox 715 1675 823 1732; x_wconf 76' lang='lat' dir='ltr'>quod</span> <span class='ocrx_word' id='word_1_200' title='bbox 844 1675 895 1718; x_wconf 92' lang='lat' dir='ltr'>de</span> <span class='ocrx_word' id='word_1_201' title='bbox 920 1675 982 1717; x_wconf 81' lang='lat' dir='ltr'>llis</span> <span class='ocrx_word' id='word_1_202' title='bbox 1014 1679 1054 1717; x_wconf 93' lang='lat' dir='ltr'>et</span> <span class='ocrx_word' id='word_1_203' title='bbox 1086 1673 1176 1716; x_wconf 86' lang='lat' dir='ltr'>aliis</span> <span class='ocrx_word' id='word_1_204' title='bbox 1211 1674 1474 1717; x_wconf 87' lang='lat' dir='ltr'>iudicialibus</span> <span class='ocrx_word' id='word_1_205' title='bbox 1502 1674 1721 1717; x_wconf 76' lang='lat' dir='ltr'>docuimus</span> 
     </span>
     <span class='ocr_line' id='line_1_25' title="bbox 90 1745 1312 1790; baseline -0.002 -1"><span class='ocrx_word' id='word_1_206' title='bbox 90 1750 128 1790; x_wconf 89' lang='lat' dir='ltr'>in</span> <span class='ocrx_word' id='word_1_207' title='bbox 164 1760 276 1790; x_wconf 91' lang='lat' dir='ltr'>num.</span> <span class='ocrx_word' id='word_1_208' title='bbox 313 1746 363 1789; x_wconf 80' lang='lat'>34</span> <span class='ocrx_word' id='word_1_209' title='bbox 403 1746 722 1789; x_wconf 85' lang='lat' dir='ltr'>lntroductionis</span> <span class='ocrx_word' id='word_1_210' title='bbox 757 1749 793 1788; x_wconf 92' lang='lat' dir='ltr'>in</span> <span class='ocrx_word' id='word_1_211' title='bbox 832 1745 907 1789; x_wconf 82' lang='lat' dir='ltr'>lioc</span> <span class='ocrx_word' id='word_1_212' title='bbox 942 1745 1312 1788; x_wconf 80' lang='lat' dir='ltr'>Commentarium.</span> 
     </span>
    </p>
   </div>
   <div class='ocr_carea' id='block_1_5' title="bbox 791 1922 1026 1958">
    <p class='ocr_par' dir='ltr' id='par_1_6' title="bbox 791 1922 1026 1958">
     <span class='ocr_line' id='line_1_26' title="bbox 791 1922 1026 1958; baseline -0.009 0"><span class='ocrx_word' id='word_1_213' title='bbox 791 1922 936 1958; x_wconf 62' lang='lat' dir='ltr'>CAPUT</span> <span class='ocrx_word' id='word_1_214' title='bbox 970 1922 1026 1958; x_wconf 79' lang='lat' dir='ltr'>tv.</span> 
     </span>
    </p>
   </div>
   <div class='ocr_carea' id='block_1_6' title="bbox 689 2007 1128 2050">
    <p class='ocr_par' dir='ltr' id='par_1_7' title="bbox 689 2007 1128 2050">
     <span class='ocr_line' id='line_1_27' title="bbox 689 2007 1128 2050; baseline 0 -9"><span class='ocrx_word' id='word_1_215' title='bbox 689 2008 741 2041; x_wconf 82' lang='lat' dir='ltr'>De</span> <span class='ocrx_word' id='word_1_216' title='bbox 768 2007 853 2041; x_wconf 84' lang='lat' dir='ltr'>iure</span> <span class='ocrx_word' id='word_1_217' title='bbox 880 2007 1128 2050; x_wconf 81' lang='lat' dir='ltr'>patronatus.</span> 
     </span>
    </p>
   </div>
   <div class='ocr_carea' id='block_1_7' title="bbox 93 2133 877 2935">
    <p class='ocr_par' dir='ltr' id='par_1_8' title="bbox 93 2133 875 2417">
     <span class='ocr_line' id='line_1_28' title="bbox 141 2133 873 2181; baseline 0 -11"><span class='ocrx_word' id='word_1_218' title='bbox 141 2136 224 2171; x_wconf 63' lang='lat' dir='ltr'>em.</span> <span class='ocrx_word' id='word_1_219' title='bbox 257 2133 356 2170; x_wconf 82' lang='grc'><strong>1448.</strong></span> <span class='ocrx_word' id='word_1_220' title='bbox 380 2156 396 2161; x_wconf 93' lang='grc'>-</span> <span class='ocrx_word' id='word_1_221' title='bbox 417 2135 471 2170; x_wconf 92' lang='lat' dir='ltr'>lus</span> <span class='ocrx_word' id='word_1_222' title='bbox 487 2140 692 2181; x_wconf 85' lang='lat' dir='ltr'>patronatus</span> <span class='ocrx_word' id='word_1_223' title='bbox 709 2141 761 2170; x_wconf 87' lang='lat' dir='ltr'>est</span> <span class='ocrx_word' id='word_1_224' title='bbox 779 2147 873 2170; x_wconf 89' lang='lat' dir='ltr'>sum-</span> 
     </span>
     <span class='ocr_line' id='line_1_29' title="bbox 94 2182 875 2228; baseline 0.001 -11"><span class='ocrx_word' id='word_1_225' title='bbox 94 2193 151 2218; x_wconf 86' lang='lat' dir='ltr'>ma</span> <span class='ocrx_word' id='word_1_226' title='bbox 178 2182 451 2228; x_wconf 88' lang='lat' dir='ltr'>privilegiorum,</span> <span class='ocrx_word' id='word_1_227' title='bbox 467 2194 546 2217; x_wconf 88' lang='lat' dir='ltr'>cum</span> <span class='ocrx_word' id='word_1_228' title='bbox 567 2182 778 2228; x_wconf 87' lang='lat' dir='ltr'>quibusdam</span> <span class='ocrx_word' id='word_1_229' title='bbox 796 2194 875 2218; x_wconf 88' lang='lat' dir='ltr'>one-</span> 
     </span>
     <span class='ocr_line' id='line_1_30' title="bbox 94 2229 873 2275; baseline 0 -11"><span class='ocrx_word' id='word_1_230' title='bbox 94 2230 201 2270; x_wconf 60' lang='lat' dir='ltr'>ribus</span> <span class='ocrx_word' id='word_1_231' title='bbox 240 2241 328 2275; x_wconf 89' lang='lat' dir='ltr'>quae</span> <span class='ocrx_word' id='word_1_232' title='bbox 365 2240 404 2264; x_wconf 72' lang='lat' dir='ltr'>ex</span> <span class='ocrx_word' id='word_1_233' title='bbox 446 2229 615 2265; x_wconf 83' lang='lat' dir='ltr'>Ecclesiae</span> <span class='ocrx_word' id='word_1_234' title='bbox 648 2230 873 2265; x_wconf 81' lang='lat' dir='ltr'>concessione</span> 
     </span>
     <span class='ocr_line' id='line_1_31' title="bbox 93 2277 872 2323; baseline 0.001 -11"><span class='ocrx_word' id='word_1_235' title='bbox 93 2281 296 2323; x_wconf 87' lang='lat' dir='ltr'>competunt</span> <span class='ocrx_word' id='word_1_236' title='bbox 336 2277 579 2312; x_wconf 84' lang='lat' dir='ltr'>fundatoribus</span> <span class='ocrx_word' id='word_1_237' title='bbox 616 2277 795 2312; x_wconf 83' lang='lat' dir='ltr'>catholicis</span> <span class='ocrx_word' id='word_1_238' title='bbox 819 2289 872 2313; x_wconf 90' lang='lat' dir='ltr'>ec-</span> 
     </span>
     <span class='ocr_line' id='line_1_32' title="bbox 94 2324 872 2370; baseline 0.001 -11"><span class='ocrx_word' id='word_1_239' title='bbox 94 2324 232 2360; x_wconf 76' lang='lat' dir='ltr'>elesiae.</span> <span class='ocrx_word' id='word_1_240' title='bbox 260 2324 437 2370; x_wconf 86' lang='lat' dir='ltr'>cappellae</span> <span class='ocrx_word' id='word_1_241' title='bbox 462 2329 522 2359; x_wconf 90' lang='lat' dir='ltr'>aut</span> <span class='ocrx_word' id='word_1_242' title='bbox 554 2324 726 2365; x_wconf 82' lang='lat' dir='ltr'>beneficii,</span> <span class='ocrx_word' id='word_1_243' title='bbox 759 2325 809 2360; x_wconf 89' lang='lat' dir='ltr'>vel</span> <span class='ocrx_word' id='word_1_244' title='bbox 840 2336 872 2360; x_wconf 91' lang='lat' dir='ltr'>e-</span> 
     </span>
     <span class='ocr_line' id='line_1_33' title="bbox 96 2371 846 2417; baseline 0.001 -12"><span class='ocrx_word' id='word_1_245' title='bbox 96 2372 178 2406; x_wconf 84' lang='lat' dir='ltr'>tiam</span> <span class='ocrx_word' id='word_1_246' title='bbox 205 2371 255 2407; x_wconf 91' lang='lat' dir='ltr'>eis</span> <span class='ocrx_word' id='word_1_247' title='bbox 280 2372 337 2417; x_wconf 89' lang='lat' dir='ltr'>qui</span> <span class='ocrx_word' id='word_1_248' title='bbox 364 2371 410 2407; x_wconf 90' lang='lat' dir='ltr'>ab</span> <span class='ocrx_word' id='word_1_249' title='bbox 436 2372 506 2406; x_wconf 89' lang='lat' dir='ltr'>illis</span> <span class='ocrx_word' id='word_1_250' title='bbox 531 2382 671 2406; x_wconf 85' lang='lat' dir='ltr'>causam</span> <span class='ocrx_word' id='word_1_251' title='bbox 704 2372 846 2407; x_wconf 86' lang='lat' dir='ltr'>habent.</span> 
     </span>
    </p>

    <p class='ocr_par' dir='ltr' id='par_1_9' title="bbox 143 2416 814 2464">
     <span class='ocr_line' id='line_1_34' title="bbox 143 2416 814 2464; baseline 0 -10"><span class='ocrx_word' id='word_1_252' title='bbox 143 2417 228 2454; x_wconf 65' lang='lat' dir='ltr'>cm.</span> <span class='ocrx_word' id='word_1_253' title='bbox 260 2416 360 2455; x_wconf 84' lang='grc'><strong>1449.</strong></span> <span class='ocrx_word' id='word_1_254' title='bbox 389 2440 405 2444; x_wconf 99' lang='grc'>-</span> <span class='ocrx_word' id='word_1_255' title='bbox 435 2419 489 2454; x_wconf 89' lang='lat' dir='ltr'>lus</span> <span class='ocrx_word' id='word_1_256' title='bbox 516 2423 718 2464; x_wconf 87' lang='lat' dir='ltr'>patronatus</span> <span class='ocrx_word' id='word_1_257' title='bbox 745 2424 814 2454; x_wconf 88' lang='lat' dir='ltr'>est:</span> 
     </span>
    </p>

    <p class='ocr_par' dir='ltr' id='par_1_10' title="bbox 96 2463 871 2606">
     <span class='ocr_line' id='line_1_35' title="bbox 171 2463 871 2513; baseline 0.001 -14"><span class='ocrx_word' id='word_1_258' title='bbox 171 2466 220 2499; x_wconf 84' lang='grc' dir='ltr'>1.Ο</span> <span class='ocrx_word' id='word_1_259' title='bbox 237 2463 346 2507; x_wconf 84' lang='lat' dir='ltr'>Reale,</span> <span class='ocrx_word' id='word_1_260' title='bbox 364 2466 415 2501; x_wconf 86' lang='lat' dir='ltr'>vel</span> <span class='ocrx_word' id='word_1_261' title='bbox 437 2467 623 2513; x_wconf 84' lang='lat' dir='ltr'>personale,</span> <span class='ocrx_word' id='word_1_262' title='bbox 653 2471 752 2512; x_wconf 84' lang='lat' dir='ltr'>prout</span> <span class='ocrx_word' id='word_1_263' title='bbox 769 2467 871 2502; x_wconf 83' lang='lat' dir='ltr'>alicui</span> 
     </span>
     <span class='ocr_line' id='line_1_36' title="bbox 98 2513 871 2560; baseline 0.001 -13"><span class='ocrx_word' id='word_1_264' title='bbox 98 2513 143 2548; x_wconf 88' lang='lat' dir='ltr'>rei</span> <span class='ocrx_word' id='word_1_265' title='bbox 173 2513 332 2548; x_wconf 85' lang='lat' dir='ltr'>cohaeret</span> <span class='ocrx_word' id='word_1_266' title='bbox 371 2513 422 2548; x_wconf 91' lang='lat' dir='ltr'>vel</span> <span class='ocrx_word' id='word_1_267' title='bbox 460 2514 589 2549; x_wconf 85' lang='lat' dir='ltr'>directe</span> <span class='ocrx_word' id='word_1_268' title='bbox 618 2514 660 2549; x_wconf 86' lang='lat' dir='ltr'>ad</span> <span class='ocrx_word' id='word_1_269' title='bbox 690 2525 871 2560; x_wconf 86' lang='lat' dir='ltr'>personam</span> 
     </span>
     <span class='ocr_line' id='line_1_37' title="bbox 96 2564 246 2606; baseline 0 -12"><span class='ocrx_word' id='word_1_270' title='bbox 96 2564 246 2606; x_wconf 83' lang='lat' dir='ltr'>spectat;</span> 
     </span>
    </p>

    <p class='ocr_par' dir='ltr' id='par_1_11' title="bbox 97 2605 876 2790">
     <span class='ocr_line' id='line_1_38' title="bbox 167 2605 872 2649; baseline 0.001 -8"><span class='ocrx_word' id='word_1_271' title='bbox 167 2607 220 2641; x_wconf 58' lang='lat'>29</span> <span class='ocrx_word' id='word_1_272' title='bbox 247 2605 530 2645; x_wconf 78' lang='lat' dir='ltr'>Ecclesiasticum.</span> <span class='ocrx_word' id='word_1_273' title='bbox 559 2607 691 2649; x_wconf 82' lang='lat' dir='ltr'>laicale,</span> <span class='ocrx_word' id='word_1_274' title='bbox 721 2607 872 2648; x_wconf 61' lang='lat' dir='ltr'>mistum,</span> 
     </span>
     <span class='ocr_line' id='line_1_39' title="bbox 98 2654 876 2700; baseline 0.001 -12"><span class='ocrx_word' id='word_1_275' title='bbox 98 2659 197 2700; x_wconf 86' lang='lat' dir='ltr'>prout</span> <span class='ocrx_word' id='word_1_276' title='bbox 224 2654 359 2695; x_wconf 86' lang='lat' dir='ltr'>titulus,</span> <span class='ocrx_word' id='word_1_277' title='bbox 387 2665 455 2700; x_wconf 87' lang='lat' dir='ltr'>quo</span> <span class='ocrx_word' id='word_1_278' title='bbox 480 2654 558 2700; x_wconf 86' lang='lat' dir='ltr'>quis</span> <span class='ocrx_word' id='word_1_279' title='bbox 578 2655 652 2690; x_wconf 87' lang='lat' dir='ltr'>iure</span> <span class='ocrx_word' id='word_1_280' title='bbox 674 2659 876 2699; x_wconf 87' lang='lat' dir='ltr'>patronatus</span> 
     </span>
     <span class='ocr_line' id='line_1_40' title="bbox 97 2701 875 2748; baseline 0.001 -12"><span class='ocrx_word' id='word_1_281' title='bbox 97 2703 238 2748; x_wconf 83' lang='lat' dir='ltr'>potitur,</span> <span class='ocrx_word' id='word_1_282' title='bbox 264 2707 316 2736; x_wconf 91' lang='lat' dir='ltr'>est</span> <span class='ocrx_word' id='word_1_283' title='bbox 341 2701 610 2746; x_wconf 80' lang='lat' dir='ltr'>ecclesiasticus,</span> <span class='ocrx_word' id='word_1_284' title='bbox 652 2702 702 2737; x_wconf 86' lang='lat' dir='ltr'>vel</span> <span class='ocrx_word' id='word_1_285' title='bbox 731 2702 875 2741; x_wconf 82' lang='lat' dir='ltr'>laicalis,</span> 
     </span>
     <span class='ocr_line' id='line_1_41' title="bbox 97 2750 327 2790; baseline -0.004 -6"><span class='ocrx_word' id='word_1_286' title='bbox 97 2750 147 2784; x_wconf 89' lang='lat' dir='ltr'>vel</span> <span class='ocrx_word' id='word_1_287' title='bbox 179 2750 327 2790; x_wconf 87' lang='lat' dir='ltr'>mixtus;</span> 
     </span>
    </p>

    <p class='ocr_par' dir='ltr' id='par_1_12' title="bbox 97 2794 877 2935">
     <span class='ocr_line' id='line_1_42' title="bbox 167 2794 875 2842; baseline -0.001 -11"><span class='ocrx_word' id='word_1_288' title='bbox 167 2795 221 2831; x_wconf 84' lang='lat'>3.0</span> <span class='ocrx_word' id='word_1_289' title='bbox 246 2794 510 2839; x_wconf 76' lang='lat' dir='ltr'>Heredicarium,</span> <span class='ocrx_word' id='word_1_290' title='bbox 547 2795 735 2841; x_wconf 80' lang='lat' dir='ltr'>familiare,</span> <span class='ocrx_word' id='word_1_291' title='bbox 771 2796 875 2842; x_wconf 63' lang='lat' dir='ltr'>(senti-</span> 
     </span>
     <span class='ocr_line' id='line_1_43' title="bbox 97 2843 876 2888; baseline 0.001 -10"><span class='ocrx_word' id='word_1_292' title='bbox 97 2843 220 2885; x_wconf 78' lang='lat' dir='ltr'>litium‚</span> <span class='ocrx_word' id='word_1_293' title='bbox 246 2843 402 2883; x_wconf 65' lang='lat' dir='ltr'>mimum,</span> <span class='ocrx_word' id='word_1_294' title='bbox 434 2847 531 2888; x_wconf 88' lang='lat' dir='ltr'>prout</span> <span class='ocrx_word' id='word_1_295' title='bbox 559 2843 685 2878; x_wconf 86' lang='lat' dir='ltr'>transit</span> <span class='ocrx_word' id='word_1_296' title='bbox 710 2843 752 2878; x_wconf 84' lang='lat' dir='ltr'>ad</span> <span class='ocrx_word' id='word_1_297' title='bbox 782 2844 876 2879; x_wconf 82' lang='lat' dir='ltr'>here-</span> 
     </span>
     <span class='ocr_line' id='line_1_44' title="bbox 97 2889 877 2935; baseline -0.001 -9"><span class='ocrx_word' id='word_1_298' title='bbox 97 2890 170 2933; x_wconf 83' lang='lat' dir='ltr'>des,</span> <span class='ocrx_word' id='word_1_299' title='bbox 212 2890 262 2925; x_wconf 90' lang='lat' dir='ltr'>vel</span> <span class='ocrx_word' id='word_1_300' title='bbox 308 2890 350 2926; x_wconf 86' lang='lat' dir='ltr'>ad</span> <span class='ocrx_word' id='word_1_301' title='bbox 389 2900 446 2925; x_wconf 88' lang='lat' dir='ltr'>eos</span> <span class='ocrx_word' id='word_1_302' title='bbox 472 2889 529 2935; x_wconf 83' lang='lat' dir='ltr'>qui</span> <span class='ocrx_word' id='word_1_303' title='bbox 570 2890 611 2925; x_wconf 89' lang='lat' dir='ltr'>de</span> <span class='ocrx_word' id='word_1_304' title='bbox 650 2890 784 2926; x_wconf 81' lang='lat' dir='ltr'>familia</span> <span class='ocrx_word' id='word_1_305' title='bbox 816 2896 877 2925; x_wconf 89' lang='lat' dir='ltr'>aut</span> 
     </span>
    </p>
   </div>
   <div class='ocr_carea' id='block_1_8' title="bbox 945 2134 1741 2935">
    <p class='ocr_par' dir='ltr' id='par_1_13' title="bbox 945 2134 1741 2274">
     <span class='ocr_line' id='line_1_45' title="bbox 947 2134 1722 2179; baseline -0.003 -9"><span class='ocrx_word' id='word_1_306' title='bbox 947 2140 1049 2179; x_wconf 86' lang='lat' dir='ltr'>gente</span> <span class='ocrx_word' id='word_1_307' title='bbox 1075 2140 1157 2170; x_wconf 87' lang='lat' dir='ltr'>sunt</span> <span class='ocrx_word' id='word_1_308' title='bbox 1192 2134 1399 2175; x_wconf 84' lang='lat' dir='ltr'>fundatoris,</span> <span class='ocrx_word' id='word_1_309' title='bbox 1434 2134 1485 2170; x_wconf 86' lang='lat' dir='ltr'>vel</span> <span class='ocrx_word' id='word_1_310' title='bbox 1511 2134 1554 2169; x_wconf 88' lang='lat' dir='ltr'>ad</span> <span class='ocrx_word' id='word_1_311' title='bbox 1581 2145 1638 2170; x_wconf 88' lang='lat' dir='ltr'>eos</span> <span class='ocrx_word' id='word_1_312' title='bbox 1665 2134 1722 2179; x_wconf 83' lang='lat' dir='ltr'>qui</span> 
     </span>
     <span class='ocr_line' id='line_1_46' title="bbox 947 2181 1741 2217; baseline -0.001 -1"><span class='ocrx_word' id='word_1_313' title='bbox 947 2182 1053 2217; x_wconf 91' lang='lat' dir='ltr'>simul</span> <span class='ocrx_word' id='word_1_314' title='bbox 1092 2186 1173 2217; x_wconf 88' lang='lat' dir='ltr'>sunt</span> <span class='ocrx_word' id='word_1_315' title='bbox 1213 2182 1354 2217; x_wconf 86' lang='lat' dir='ltr'>heredes</span> <span class='ocrx_word' id='word_1_316' title='bbox 1380 2186 1412 2217; x_wconf 90' lang='lat' dir='ltr'>et</span> <span class='ocrx_word' id='word_1_317' title='bbox 1439 2182 1480 2217; x_wconf 89' lang='lat' dir='ltr'>de</span> <span class='ocrx_word' id='word_1_318' title='bbox 1514 2181 1646 2216; x_wconf 81' lang='lat' dir='ltr'>familia</span> <span class='ocrx_word' id='word_1_319' title='bbox 1673 2182 1741 2216; x_wconf 77' lang='lat' dir='ltr'>vel·</span> 
     </span>
     <span class='ocr_line' id='line_1_47' title="bbox 945 2230 1281 2274; baseline -0.006 -9"><span class='ocrx_word' id='word_1_320' title='bbox 945 2234 1047 2274; x_wconf 86' lang='lat' dir='ltr'>gente</span> <span class='ocrx_word' id='word_1_321' title='bbox 1075 2230 1281 2265; x_wconf 77' lang='lat' dir='ltr'>fundatoris.</span> 
     </span>
    </p>

    <p class='ocr_par' dir='ltr' id='par_1_14' title="bbox 946 2274 1726 2417">
     <span class='ocr_line' id='line_1_48' title="bbox 994 2274 1726 2321; baseline -0.004 -9"><span class='ocrx_word' id='word_1_322' title='bbox 994 2275 1077 2312; x_wconf 65' lang='lat' dir='ltr'>CAN.</span> <span class='ocrx_word' id='word_1_323' title='bbox 1104 2275 1204 2311; x_wconf 66' lang='lat'><strong>145⁰.</strong></span> <span class='ocrx_word' id='word_1_324' title='bbox 1234 2298 1249 2302; x_wconf 97' lang='lat'><em>-</em></span> <span class='ocrx_word' id='word_1_325' title='bbox 1278 2281 1297 2318; x_wconf 65' lang='grc' dir='ltr'>ἓ</span> <span class='ocrx_word' id='word_1_326' title='bbox 1316 2276 1345 2310; x_wconf 88' lang='lat' dir='ltr'>l.</span> <span class='ocrx_word' id='word_1_327' title='bbox 1364 2274 1503 2311; x_wconf 88' lang='lat' dir='ltr'>Nullum</span> <span class='ocrx_word' id='word_1_328' title='bbox 1522 2280 1726 2321; x_wconf 82' lang='lat' dir='ltr'>patronatus</span> 
     </span>
     <span class='ocr_line' id='line_1_49' title="bbox 946 2323 1723 2369; baseline -0.001 -11"><span class='ocrx_word' id='word_1_329' title='bbox 946 2324 1000 2359; x_wconf 91' lang='lat' dir='ltr'>ius</span> <span class='ocrx_word' id='word_1_330' title='bbox 1038 2324 1108 2359; x_wconf 90' lang='lat' dir='ltr'>ullo</span> <span class='ocrx_word' id='word_1_331' title='bbox 1147 2324 1246 2359; x_wconf 88' lang='lat' dir='ltr'>titulo</span> <span class='ocrx_word' id='word_1_332' title='bbox 1283 2323 1446 2358; x_wconf 85' lang='lat' dir='ltr'>constitui</span> <span class='ocrx_word' id='word_1_333' title='bbox 1486 2323 1520 2357; x_wconf 90' lang='lat' dir='ltr'>in</span> <span class='ocrx_word' id='word_1_334' title='bbox 1551 2328 1723 2369; x_wconf 83' lang='lat' dir='ltr'>posterum</span> 
     </span>
     <span class='ocr_line' id='line_1_50' title="bbox 947 2371 1369 2417; baseline -0.005 -11"><span class='ocrx_word' id='word_1_335' title='bbox 947 2371 1061 2407; x_wconf 89' lang='lat' dir='ltr'>valide</span> <span class='ocrx_word' id='word_1_336' title='bbox 1088 2372 1222 2417; x_wconf 84' lang='lat' dir='ltr'>poterit.</span> <span class='ocrx_word' id='word_1_337' title='bbox 1366 2416 1369 2417; x_wconf 19' lang='lat'><em>⁷</em></span> 
     </span>
    </p>

    <p class='ocr_par' dir='ltr' id='par_1_15' title="bbox 993 2418 1725 2463">
     <span class='ocr_line' id='line_1_51' title="bbox 993 2418 1725 2463; baseline -0.004 -10"><span class='ocrx_word' id='word_1_338' title='bbox 993 2422 1013 2461; x_wconf 70' lang='grc' dir='ltr'>ξ</span> <span class='ocrx_word' id='word_1_339' title='bbox 1039 2419 1071 2453; x_wconf 71' lang='lat'>2.</span> <span class='ocrx_word' id='word_1_340' title='bbox 1105 2419 1177 2453; x_wconf 82' lang='lat' dir='ltr'>Loci</span> <span class='ocrx_word' id='word_1_341' title='bbox 1206 2422 1321 2453; x_wconf 85' lang='lat' dir='ltr'>autem</span> <span class='ocrx_word' id='word_1_342' title='bbox 1350 2418 1560 2453; x_wconf 82' lang='lat' dir='ltr'>Ordinarius</span> <span class='ocrx_word' id='word_1_343' title='bbox 1594 2421 1725 2463; x_wconf 87' lang='lat' dir='ltr'>potest:</span> 
     </span>
    </p>

    <p class='ocr_par' dir='ltr' id='par_1_16' title="bbox 946 2464 1727 2748">
     <span class='ocr_line' id='line_1_52' title="bbox 1021 2464 1724 2511; baseline -0.003 -11"><span class='ocrx_word' id='word_1_344' title='bbox 1021 2465 1072 2500; x_wconf 78' lang='grc' dir='ltr'>1.ο</span> <span class='ocrx_word' id='word_1_345' title='bbox 1102 2466 1275 2501; x_wconf 85' lang='lat' dir='ltr'>Fidelibus</span> <span class='ocrx_word' id='word_1_346' title='bbox 1313 2465 1370 2511; x_wconf 88' lang='lat' dir='ltr'>qui</span> <span class='ocrx_word' id='word_1_347' title='bbox 1410 2476 1449 2500; x_wconf 80' lang='lat' dir='ltr'>ex</span> <span class='ocrx_word' id='word_1_348' title='bbox 1491 2469 1561 2500; x_wconf 92' lang='lat' dir='ltr'>toto</span> <span class='ocrx_word' id='word_1_349' title='bbox 1597 2464 1647 2499; x_wconf 67' lang='lat' dir='ltr'>vet</span> <span class='ocrx_word' id='word_1_350' title='bbox 1687 2475 1724 2499; x_wconf 74' lang='lat' dir='ltr'>ex</span> 
     </span>
     <span class='ocr_line' id='line_1_53' title="bbox 949 2512 1725 2558; baseline -0.003 -10"><span class='ocrx_word' id='word_1_351' title='bbox 949 2517 1043 2558; x_wconf 86' lang='lat' dir='ltr'>parte</span> <span class='ocrx_word' id='word_1_352' title='bbox 1069 2514 1233 2549; x_wconf 83' lang='lat' dir='ltr'>ecclesias</span> <span class='ocrx_word' id='word_1_353' title='bbox 1271 2513 1505 2547; x_wconf 75' lang='lat' dir='ltr'>exstruxerint</span> <span class='ocrx_word' id='word_1_354' title='bbox 1544 2512 1593 2547; x_wconf 74' lang='lat' dir='ltr'>vel</span> <span class='ocrx_word' id='word_1_355' title='bbox 1624 2512 1725 2546; x_wconf 83' lang='lat' dir='ltr'>bene-</span> 
     </span>
     <span class='ocr_line' id='line_1_54' title="bbox 948 2558 1724 2605; baseline 0.003 -11"><span class='ocrx_word' id='word_1_356' title='bbox 948 2560 1024 2595; x_wconf 80' lang='lat' dir='ltr'>ficia</span> <span class='ocrx_word' id='word_1_357' title='bbox 1053 2561 1290 2596; x_wconf 78' lang='lat' dir='ltr'>fundaverint.</span> <span class='ocrx_word' id='word_1_358' title='bbox 1321 2559 1516 2605; x_wconf 88' lang='lat' dir='ltr'>spiritualia</span> <span class='ocrx_word' id='word_1_359' title='bbox 1546 2558 1724 2601; x_wconf 71' lang='lat' dir='ltr'>suffragia.</span> 
     </span>
     <span class='ocr_line' id='line_1_55' title="bbox 946 2607 1726 2652; baseline -0.005 -9"><span class='ocrx_word' id='word_1_360' title='bbox 946 2618 1065 2643; x_wconf 89' lang='lat' dir='ltr'>eorum</span> <span class='ocrx_word' id='word_1_361' title='bbox 1106 2607 1304 2643; x_wconf 87' lang='lat' dir='ltr'>liberalitati</span> <span class='ocrx_word' id='word_1_362' title='bbox 1347 2607 1616 2652; x_wconf 73' lang='lat' dir='ltr'>proportionata,</span> <span class='ocrx_word' id='word_1_363' title='bbox 1646 2616 1726 2640; x_wconf 86' lang='lat' dir='ltr'>con-</span> 
     </span>
     <span class='ocr_line' id='line_1_56' title="bbox 948 2653 1727 2699; baseline -0.005 -9"><span class='ocrx_word' id='word_1_364' title='bbox 948 2655 1071 2690; x_wconf 80' lang='lat' dir='ltr'>cedere</span> <span class='ocrx_word' id='word_1_365' title='bbox 1098 2656 1149 2691; x_wconf 82' lang='lat' dir='ltr'>vel</span> <span class='ocrx_word' id='word_1_366' title='bbox 1176 2655 1217 2690; x_wconf 88' lang='lat' dir='ltr'>ad</span> <span class='ocrx_word' id='word_1_367' title='bbox 1247 2659 1383 2699; x_wconf 84' lang='lat' dir='ltr'>tempus</span> <span class='ocrx_word' id='word_1_368' title='bbox 1410 2654 1461 2689; x_wconf 88' lang='lat' dir='ltr'>vel</span> <span class='ocrx_word' id='word_1_369' title='bbox 1475 2653 1578 2689; x_wconf 86' lang='lat' dir='ltr'>etiam</span> <span class='ocrx_word' id='word_1_370' title='bbox 1601 2653 1635 2686; x_wconf 89' lang='lat' dir='ltr'>in</span> <span class='ocrx_word' id='word_1_371' title='bbox 1657 2663 1727 2698; x_wconf 81' lang='lat' dir='ltr'>per-</span> 
     </span>
     <span class='ocr_line' id='line_1_57' title="bbox 949 2707 1115 2748; baseline 0.018 -11"><span class='ocrx_word' id='word_1_372' title='bbox 949 2707 1090 2748; x_wconf 91' lang='lat' dir='ltr'>petuum</span> <span class='ocrx_word' id='word_1_373' title='bbox 1108 2715 1115 2740; x_wconf 88' lang='grc'>;</span> 
     </span>
    </p>

    <p class='ocr_par' dir='ltr' id='par_1_17' title="bbox 945 2746 1730 2935">
     <span class='ocr_line' id='line_1_58' title="bbox 1019 2746 1726 2785; baseline -0.007 0"><span class='ocrx_word' id='word_1_374' title='bbox 1019 2750 1072 2785; x_wconf 62' lang='lat'>2⁰</span> <span class='ocrx_word' id='word_1_375' title='bbox 1112 2749 1363 2784; x_wconf 83' lang='lat' dir='ltr'>Fundationem</span> <span class='ocrx_word' id='word_1_376' title='bbox 1403 2747 1560 2782; x_wconf 82' lang='lat' dir='ltr'>beneficii</span> <span class='ocrx_word' id='word_1_377' title='bbox 1605 2746 1726 2781; x_wconf 87' lang='lat' dir='ltr'>admit-</span> 
     </span>
     <span class='ocr_line' id='line_1_59' title="bbox 947 2793 1730 2836; baseline -0.004 -6"><span class='ocrx_word' id='word_1_378' title='bbox 947 2800 1017 2832; x_wconf 85' lang='lat' dir='ltr'>tere</span> <span class='ocrx_word' id='word_1_379' title='bbox 1042 2807 1081 2832; x_wconf 87' lang='lat' dir='ltr'>ea</span> <span class='ocrx_word' id='word_1_380' title='bbox 1108 2797 1240 2831; x_wconf 86' lang='lat' dir='ltr'>adiecta</span> <span class='ocrx_word' id='word_1_381' title='bbox 1279 2795 1489 2836; x_wconf 70' lang='lat' dir='ltr'>conditione,</span> <span class='ocrx_word' id='word_1_382' title='bbox 1533 2799 1568 2829; x_wconf 91' lang='lat' dir='ltr'>ut</span> <span class='ocrx_word' id='word_1_383' title='bbox 1603 2793 1730 2828; x_wconf 80' lang='lat' dir='ltr'>beneti-</span> 
     </span>
     <span class='ocr_line' id='line_1_60' title="bbox 945 2841 1725 2890; baseline -0.005 -12"><span class='ocrx_word' id='word_1_384' title='bbox 945 2843 1038 2878; x_wconf 87' lang='lat' dir='ltr'>cium</span> <span class='ocrx_word' id='word_1_385' title='bbox 1056 2844 1169 2890; x_wconf 86' lang='lat' dir='ltr'>prima</span> <span class='ocrx_word' id='word_1_386' title='bbox 1181 2843 1251 2878; x_wconf 81' lang='lat' dir='ltr'>vice</span> <span class='ocrx_word' id='word_1_387' title='bbox 1266 2842 1465 2877; x_wconf 77' lang='lat' dir='ltr'>conferatur</span> <span class='ocrx_word' id='word_1_388' title='bbox 1474 2841 1598 2876; x_wconf 85' lang='lat' dir='ltr'>clerico</span> <span class='ocrx_word' id='word_1_389' title='bbox 1616 2852 1635 2875; x_wconf 87' lang='lat' dir='ltr'>a</span> <span class='ocrx_word' id='word_1_390' title='bbox 1653 2842 1725 2874; x_wconf 82' lang='lat' dir='ltr'>fun-</span> 
     </span>
     <span class='ocr_line' id='line_1_61' title="bbox 947 2891 1282 2935; baseline -0.003 -9"><span class='ocrx_word' id='word_1_391' title='bbox 947 2891 1065 2926; x_wconf 88' lang='lat' dir='ltr'>datore</span> <span class='ocrx_word' id='word_1_392' title='bbox 1091 2891 1282 2935; x_wconf 83' lang='lat' dir='ltr'>designato.</span> 
     </span>
    </p>
   </div>
  </div>
 </body>
</html>
