1965 3240
167 92 236 126 406
310 92 394 126 ΜΒ.
421 91 493 126 III.
524 112 536 117 -
564 91 674 125 PARS
700 91 745 126 V.
772 112 785 117 -
812 92 870 127 De
895 91 1017 135 benef.
1045 95 1080 127 et
1106 95 1231 136 instit.
1261 93 1386 128 eccles.
1414 104 1494 127 non
1519 95 1648 140 colley.

166 223 257 255 can.
292 210 407 254 1415
440 210 497 269 §g
531 211 547 253 1
579 215 617 254 et
643 211 682 264 3,
715 210 904 254 vicariae
933 216 1164 269 perpetuae
1187 216 1261 254 aut
1290 211 1515 269 paroeciae
1543 217 1587 256 ut
1610 215 1649 257 in
1673 213 1716 268 {⁰
1742 215 1802 269 10,

164 281 391 325 alterutrae
424 281 589 325 noviter
621 281 673 326 ob
707 282 956 325 divisionem
1004 287 1168 325 erectae
1214 296 1441 340 conqruam
1485 283 1666 340 parocho
1714 285 1799 329 cul-

163 354 278 395 tuive
297 352 441 395 divino
463 351 715 408 portionem,
735 354 832 412 quia
857 357 898 395 ut
925 352 1150 407 plurimum
1175 365 1223 395 ex
1248 354 1371 395 stanti
1396 352 1490 397 dote
1513 355 1801 399 constituenda

163 427 236 475 est,
292 422 517 479 assiynare
564 427 608 466 ut
652 423 763 466 illius
796 423 950 479 dotem,
999 428 1165 466 servato
1212 423 1481 481 praescripto
1531 439 1621 467 ean.
1667 427 1800 481 1500,

164 493 344 537 scilicet:
385 508 405 534 ((
429 492 536 538 bona
560 495 798 537 communia
832 506 938 551 quae
962 495 1001 536 in
1035 494 1303 537 commodum
1338 496 1463 538 totius
1486 497 1686 538 territorii
1712 495 1801 552 (seu

165 563 401 621 paroeciae)
426 569 544 608 erant
575 564 795 619 destinata,
828 568 868 608 et
899 577 968 608 aes
1001 564 1183 608 alienum
1219 565 1327 622 quod
1362 579 1436 620 pro
1470 570 1553 609 toto
1591 568 1802 610 territorio

165 634 257 692 (seu
292 635 503 692 paroecia)
537 639 795 679 contractum
821 636 967 691 fuerat,
1002 634 1053 679 ab
1086 637 1332 679 auctoritate
1365 636 1646 680 ecclesiastica
1671 636 1801 694 (illam

167 705 401 763 dividente)
435 719 531 750 cum
565 705 703 750 debita
739 709 1005 763 proportione
1039 719 1088 749 ex
1125 705 1231 750 bono
1255 712 1295 750 et
1317 719 1452 765 aequo
1475 707 1608 751 dividi
1637 707 1802 762 debent,

165 776 292 820 salvis
325 779 486 833 piorum
511 777 777 820 fundatorum
811 790 883 820 seu
917 776 1151 820 oblatorum
1187 777 1483 833 voluntatibus,
1518 778 1677 822 iuribus
1703 778 1801 836 legi-

164 849 264 890 time
287 849 498 905 quaesitis,
531 860 579 891 ac
612 847 775 904 legibus
808 847 1102 904 peculiaribus,
1137 847 1288 905 quibus
1313 862 1488 905 persona
1511 849 1681 893 moralis
1712 849 1801 908 (seu

167 920 358 974 paroecia
392 917 546 975 divisa)
583 923 750 974 regatur
769 934 808 963 )),
844 944 896 948 —
931 919 1125 975 Sequitur
1161 921 1488 976 praescriptum:
1523 933 1630 977 quae
1668 934 1801 964 «con-

165 1001 268 1045 grua
303 991 435 1045 portio
458 1004 497 1044 »,
532 988 617 1031 nisi
650 988 825 1032 aliunde
849 988 993 1031 baberi
1021 994 1158 1046 queat,
1184 991 1236 1033 ob
1259 989 1417 1033 dictum
1442 990 1659 1047 impletum
1686 1003 1801 1048 prae—

164 1061 381 1115 scriptum,
415 1072 465 1102 ex
500 1058 661 1103 iuribus
693 1060 829 1103 forsan
863 1059 1006 1112 stolae,
1041 1073 1093 1103 ex
1127 1059 1330 1104 reditibus
1353 1063 1392 1103 in
1419 1060 1574 1104 bonum
1598 1061 1803 1106 dioecesis

166 1130 395 1184 destinatis,
429 1134 506 1173 etc.
541 1134 638 1173 tunc
671 1129 803 1173 solum
838 1129 1001 1173 desumi
1033 1129 1150 1173 debet
1183 1132 1297 1174 iuxta
1329 1129 1453 1175 Conc.
1487 1131 1599 1176 Trid.
1634 1137 1673 1175 et
1712 1145 1801 1190 cap.

171 1216 191 1241 ((
211 1200 271 1244 Ad
306 1201 605 1244 audientiam»
643 1215 695 1243 eoe
726 1200 932 1244 reditibus
975 1200 1031 1244 ad
1064 1201 1281 1244 ecclesiam
1317 1202 1551 1257 matricem,
1581 1207 1707 1261 atque
1745 1205 1803 1247 sic

168 1275 341 1315 vocatur
375 1273 565 1328 paroecia
599 1285 648 1315 ex
683 1273 802 1315 cuius
835 1272 1041 1316 divisione
1071 1285 1179 1316 nova
1203 1275 1346 1328 oritur,
1373 1287 1538 1331 quoquo
1561 1273 1681 1317 modo
1711 1288 1804 1332 per-

169 1341 409 1397 tinentibus,
444 1342 514 1385 sed
551 1344 589 1385 in
624 1344 691 1385 cit.
716 1355 804 1398 cap.
846 1343 994 1386 «dicta
1029 1342 1204 1387 ecclesia
1238 1343 1502 1400 (dividenda)
1551 1346 1606 1388 ita
1651 1345 1803 1389 dicitur
1925 1339 1929 1383 ἰ

167 1412 370 1457 reditibus
403 1413 628 1462 abundare,
664 1414 774 1469 quod
809 1419 973 1470 praeter
997 1413 1106 1458 illius
1146 1414 1269 1458 villae
1302 1419 1528 1472 proventus
1563 1415 1714 1473 (novae
1738 1428 1803 1473 pa-

168 1486 332 1527 roeciae
364 1497 436 1527 seu
473 1486 653 1527 vicariae
685 1484 979 1537 conferendos)
1014 1487 1201 1528 minister
1244 1485 1355 1529 illins
1402 1488 1701 1529 convenienter
1736 1499 1804 1530 va-

169 1554 249 1598 leat
287 1556 630 1598 sustentationem
663 1554 877 1609 habere»,
910 1560 1164 1613 quapropter
1197 1556 1365 1600 additur
1398 1558 1437 1599 in
1471 1569 1650 1600 canone:
1685 1556 1801 1600 dum-

167 1624 287 1668 modo
321 1623 577 1683 sufficientes
610 1625 774 1668 reditus
821 1630 1018 1683 tanquam
1068 1627 1141 1670 dos
1188 1626 1321 1670 cidem
1369 1627 1541 1670 matrici
1588 1626 1799 1683 ecclesiae,

168 1709 240 1739 sen
264 1698 458 1753 antiquae
477 1698 693 1752 paroeciae
715 1702 962 1739 remaneant
986 1697 1215 1740 secundum
1237 1697 1426 1741 beneficii
1445 1703 1650 1741 naturam.
1674 1698 1802 1742 Secus

169 1766 408 1823 parochiani
441 1771 577 1810 essent
611 1769 724 1810 iuxta
758 1766 881 1811 Conc.
916 1767 1027 1812 Trid.
1052 1767 1227 1824 urgendi
1261 1768 1310 1811 ad
1348 1770 1558 1825 propriam
1584 1768 1800 1825 obligatio-

169 1850 261 1880 nem
299 1836 524 1893 parochum
558 1837 817 1880 sustentandi
850 1837 1177 1894 adimplendam.

287 1907 404 1951 Alex.
440 1907 490 1950 lll
524 1910 582 1951 sic
615 1907 853 1965 adloquitur
887 1911 925 1951 in
959 1910 1026 1952 cit.
1052 1921 1141 1965 cap.
1165 1908 1416 1952 Eboracensi
1450 1909 1799 1967 Archiepiscopo:

175 1979 438 2035 «providens
473 1983 624 2036 tamen,
659 1984 703 2022 ut
726 1984 966 2035 competens
998 1981 1037 2022 in
1072 1992 1119 2022 ea
1154 1979 1281 2037 (nova
1315 1980 1510 2038 ecclesia)
1553 1980 1685 2024 honor
1729 1994 1800 2038 pro

170 2049 365 2093 facultate
398 2049 491 2103 loci,
525 2051 685 2093 matrici
720 2049 921 2093 ecclesiae
954 2055 1147 2093 servetur
1166 2066 1206 2106 >)‚
1230 2051 1339 2107 quod
1374 2053 1511 2094 statim
1546 2051 1728 2108 explicat
1749 2051 1800 2095 de

169 2119 371 2164 fructibus
403 2125 539 2163 terrae
557 2120 607 2163 ad
643 2133 740 2163 usus
771 2121 999 2164 sacerdotis
1031 2121 1317 2165 conferendos.
1342 2120 1430 2164 Non
1454 2121 1574 2165 aliter
1598 2124 1799 2178 praescri-

171 2190 228 2234 hit
261 2193 285 2244 ἓ
317 2193 358 2233 4.
394 2190 439 2233 Si
471 2191 634 2233 vicaria
664 2196 870 2248 perpetua
903 2196 978 2234 aut
1009 2205 1115 2235 nova
1145 2191 1347 2249 paroecia
1370 2191 1499 2235 relate
1532 2192 1582 2235 ad
1615 2192 1643 2250 ἓ
1669 2192 1705 2246 1,
1729 2191 1798 2235 clo-

170 2266 282 2304 tetur
304 2275 355 2304 eac
386 2260 592 2304 reditibus
625 2261 825 2304 ecclesiae
855 2275 931 2305 ceu
967 2261 1211 2318 paroecialis
1234 2276 1259 2305 a
1283 2276 1364 2320 qua
1396 2261 1616 2318 dividitur,
1652 2267 1690 2306 et
1726 2262 1800 2306 hac

168 2331 253 2375 sola
287 2334 325 2374 in
350 2331 567 2388 hypothesi
600 2331 717 2375 debet
741 2331 910 2375 matrici
941 2332 1142 2376 ecclesiae
1174 2345 1299 2389 supra
1333 2332 1568 2376 declaratae
1603 2332 1799 2376 honorem

167 2401 348 2459 deferre,
382 2404 451 2459 qui
479 2404 612 2457 potius
645 2415 771 2460 quam
804 2402 958 2446 utilitas
992 2403 1277 2459 respiciendus
1309 2408 1384 2458 est,
1403 2402 1522 2446 modo
1546 2403 1683 2461 quoad
1709 2416 1795 2446 rein

167 2478 206 2515 et
239 2471 389 2528 finibus
422 2473 557 2530 quoad
593 2475 926 2516 circumstantias
959 2473 1008 2516 ab
1045 2472 1278 2517 Ordinario
1313 2476 1550 2530 paroeciam
1584 2473 1800 2517 dividente

165 2542 502 2601 praestituendis
537 2546 575 2586 in
609 2543 826 2586 divisionis
861 2545 1155 2599 iustrument03
1181 2544 1253 2602 qui
1287 2549 1426 2587 lamen
1459 2541 1709 2588 Ordinarius
1737 2557 1799 2586 ve-

172 2619 289 2656 tatur
321 2613 613 2671 baptismalem
644 2613 802 2672 fontem
826 2628 898 2671 pro
933 2614 1078 2658 incolis
1111 2627 1245 2658 novae
1270 2617 1487 2672 paroeciae
1511 2619 1581 2658 aut
1606 2616 1800 2669 vicariae,

174 2684 343 2726 matrici
376 2684 459 2742 ipsi
490 2698 721 2740 reservare,
754 2685 880 2727 etiam
915 2698 1007 2728 cum
1044 2687 1133 2728 iure
1157 2685 1427 2741 cumulativo,
1451 2698 1523 2728 seu
1547 2684 1655 2742 qnod
1690 2684 1799 2728 idem
1902 2695 1905 2699 ·

173 2758 256 2797 est:
291 2752 408 2796 salvo
435 2755 687 2810 praescripto
720 2766 810 2797 can.
835 2754 934 2809 774,
966 2754 993 2811 ἓ
1017 2754 1054 2797 1.
