1965 3240
643 167 726 200 TIT.
758 167 884 201 XXII.
914 188 926 193 -
954 168 1010 202 De
1035 171 1175 203 scholis
1651 174 1722 208 31?

101 288 311 326 ventutein
363 287 546 340 impensa
596 299 709 338 cura,
741 300 819 343 qua
868 289 1069 344 trequenti
1114 291 1473 334 Sat-ramentorum
1519 306 1608 346 usu,
1640 306 1717 350 qua

98 355 246 408 pietate
281 355 318 396 in
356 353 394 396 Β.
434 353 642 410 tii-ginem
676 356 866 399 studeant
900 361 1173 407 communire,
1217 365 1254 402 ct
1298 361 1346 402 ad
1384 361 1621 417 religionem
1659 365 1719 405 lir-

97 426 219 467 miter
252 424 469 467 tenendam
506 428 628 468 etiam
678 435 801 484 atquc
845 429 967 470 etiam
1018 431 1212 471 excitare.
1250 429 1324 485 lpsi
1378 445 1473 474 xero
1518 438 1718 488 parentes.

95 496 221 551 quive
253 508 395 537 corum
431 494 519 538 loco
552 502 660 550 sunt,
696 497 834 540 liberis
867 500 952 540 suis
985 498 1158 541 sollicite
1194 501 1422 555 inxigilcnt.
1459 516 1504 544 ar
1544 503 1604 545 rel
1643 506 1716 559 ipsi

74 578 167 619 per
199 579 261 627 se„
290 565 368 621 vet,
403 568 435 608 si
473 569 606 610 minus
640 568 883 624 idoneivipsi
918 570 1012 621 sint,
1038 583 1108 625 per
1141 569 1256 623 alios,
1290 571 1340 613 de
1377 572 1619 616 lectionibus
1652 586 1716 617 an·

92 636 189 679 ditis
220 650 289 679 eos
322 638 589 693 interrogent,
615 638 740 682 libros
774 639 918 682 iisdem
944 639 1115 682 traditos
1149 647 1458 697 recognoscant,
1484 648 1519 685 ct
1554 646 1584 685 si
1619 645 1715 700 quid

93 709 263 750 noxium
298 706 352 751 ibi
387 707 751 762 deprehenderint,
785 710 967 753 antidota
1003 709 1241 766 praebeant.
1267 726 1418 769 eosque
1451 726 1470 755 a
1507 714 1715 757 t'amiliari-

94 782 174 820 tate
207 782 243 820 et
279 780 485 821 consortio
522 779 835 835 discipulorum,
860 792 882 823 a
916 780 1067 837 quibus
1091 781 1184 823 tidei
1214 781 1274 824 rel
1302 796 1461 825 morum
1488 784 1714 838 periculum

92 850 310 892 imminere
344 851 484 905 possit,
517 863 588 892 seu
638 864 813 907 quorum
860 853 1044 908 corrupti
1080 865 1215 895 mores
1260 854 1422 908 luerint,
1458 857 1624 897 omnino
1658 868 1717 898 ar-

90 923 210 962 ceant
243 924 367 977 atque
402 919 662 976 prohibeant.

211 991 307 1034 258.
344 992 416 1037 De
460 993 877 1039 Universitatibus
920 996 1144 1050 publicis.
1178 992 1381 1046 Quamvis
1414 998 1535 1038 etiam
1573 999 1609 1038 in
1656 996 1715 1039 liis

91 1073 241 1118 magna
276 1063 479 1104 iuventuti
515 1062 697 1118 pericula
734 1065 988 1115 immineant,
1012 1068 1192 1107 attamen
1230 1070 1395 1121 propter
1429 1069 1714 1110 necessitatem

86 1145 158 1175 eas
191 1132 478 1190 frequentandi
526 1146 598 1188 per
635 1133 874 1189 catholicos,
908 1137 978 1192 qui
1030 1148 1201 1178 munera
1235 1136 1400 1179 diversa
1450 1138 1487 1179 in
1522 1140 1715 1181 societate

91 1205 261 1260 ipsaque
282 1206 518 1259 magisteria
543 1218 742 1248 exercere
766 1205 1015 1259 desiderant,
1036 1205 1174 1250 Codex
1202 1206 1365 1264 reliquit
1391 1208 1713 1251 moderationem

88 1273 197 1316 illius
232 1275 488 1331 frequentiae
523 1277 633 1318 iuxta
669 1289 835 1319 normas
858 1278 958 1319 iuris
992 1277 1190 1320 naturalis
1213 1290 1261 1320 ac
1285 1278 1429 1323 (livini.
1454 1279 1530 1321 Sed
1568 1281 1714 1322 instru-

84 1346 244 1388 ctiones
275 1346 539 1401 supradictae
572 1358 619 1389 ac
653 1345 757 1390 aliae
789 1348 826 1392 S.
852 1347 969 1390 Sedis
1001 1348 1052 1390 de
1086 1347 1148 1391 his
1181 1348 1333 1392 scholis
1355 1349 1638 1406 superioribus
1661 1355 1714 1392 at—

88 1415 310 1459 tendantur
343 1418 381 1459 in
418 1419 548 1473 praxi,
584 1422 621 1460 et
656 1418 822 1475 quando
856 1418 1092 1462 facultatem
1137 1419 1315 1463 habeant
1362 1422 1532 1463 iuvenes
1567 1423 1603 1463 in
1635 1420 1710 1464 alia

88 1488 256 1542 regione
289 1486 609 1531 Universitatem
645 1488 890 1533 catholicam
925 1490 1105 1533 adeundi
1140 1504 1233 1550 cum
1269 1492 1404 1534 sructu
1437 1496 1474 1534 ct
1509 1492 1710 1548 graduum

84 1556 416 1610 desideratorum
453 1557 636 1613 obtentu,
670 1559 720 1602 ad
756 1561 794 1603 id
833 1561 1130 1616 perliciendum
1167 1561 1311 1604 saltem
1348 1564 1593 1606 excitentur.
1620 1562 1710 1605 For-

87 1630 177 1670 tiori
212 1631 370 1672 ratione
403 1626 722 1673 Ordinariorum
769 1630 952 1674 locorum
993 1637 1053 1675 est
1097 1632 1204 1675 idem
1251 1635 1312 1675 ius
1344 1633 1627 1689 supradictum
1663 1634 1712 1677 dc

83 1697 236 1742 scholis
269 1699 592 1744 elementaribus
625 1714 671 1744 ac
699 1702 857 1757 mediis,
883 1704 952 1760 qui
987 1708 1155 1746 exactas
1188 1703 1238 1746 de
1271 1703 1555 1760 superioribus
1589 1706 1710 1747 inl'or—

85 1771 286 1813 mationes
319 1769 506 1814 obtinere
538 1784 585 1814 ac
620 1772 888 1828 prudentiora
922 1773 1074 1816 iudicia
1110 1775 1215 1816 l‘erre
1252 1779 1454 1830 poterunt.

203 1841 300 1884 ⁵259-
336 1843 587 1888 Ecclesiae
619 1845 709 1889 ius.
733 1843 986 1900 Principium
1023 1845 1244 1887 iuridicum
1272 1859 1343 1901 pro
1366 1846 1634 1903 sequentihus
1657 1860 1708 1889 ss.

82 1911 310 1956 canonibus
344 1913 653 1957 fundamentale
701 1917 888 1958 enuntiat
921 1930 1013 1958 ean.
1047 1917 1178 1959 1375.
1214 1915 1443 1967 Ecclesiae,
1480 1922 1618 1973 utpote
1651 1932 1709 1961 so-

80 1984 242 2026 cietatis
275 1984 495 2040 perfectae,
527 1997 634 2042 quae
668 1985 815 2029 idonea
852 1986 1037 2030 membra
1072 2000 1144 2043 pro
1187 1987 1334 2031 studiis
1367 1988 1630 2045 quibuslibet7
1668 1994 1706 2031 ut

80 2067 132 2097 ex
166 2053 335 2097 historia
370 2059 543 2110 constat,
576 2055 712 2104 habet,
746 2062 806 2099 es!
855 2057 921 2100 ius
965 2071 1058 2101 cum
1094 2058 1185 2101 aliis
1217 2058 1483 2101 societatibus
1518 2061 1708 2115 perlectis

79 2137 316 2180 commune,
350 2125 516 2169 scholas
559 2129 597 2169 in
642 2141 814 2170 suorum
858 2128 1074 2172 utilitatem
1125 2142 1172 2173 ac
1211 2134 1491 2184 securitatem,
1526 2130 1708 2172 cuiusvis

78 2193 348 2252 disciplinae,
381 2208 476 2239 nain
511 2197 714 2241 idoneitas
745 2199 794 2241 ad
831 2198 940 2242 illius
974 2202 1258 2256 magisterium
1295 2213 1373 2243 non
1419 2205 1475 2243 est
1511 2200 1706 2244 acatholi-

80 2278 224 2308 corum
260 2265 323 2309 vel
356 2266 493 2310 civilis
525 2270 734 2312 societatis
768 2272 934 2326 propria
977 2284 1048 2314 seu
1083 2271 1310 2324 exclusiva,
1348 2285 1425 2313 ηοη
1461 2271 1592 2314 solum
1627 2271 1704 2314 ele-

78 2336 329 2392 mentarias,
360 2343 529 2395 propter
575 2351 718 2382 earum
753 2345 959 2396 naturam,
991 2340 1064 2384 sed
1096 2342 1221 2384 elium
1260 2341 1430 2398 medias,
1466 2345 1561 2399 quia
1595 2356 1704 2385 com—

82 2409 216 2450 munis
249 2407 411 2451 cultura
444 2408 657 2453 catholicis
690 2424 855 2469 quoque
888 2425 967 2455 non
1002 2417 1061 2455 est
1095 2412 1354 2469 deneganda,
1383 2418 1421 2455 et
1452 2413 1704 2471 superiores,

77 2477 428 2536 quandocumque
451 2483 731 2524 necessarium
770 2481 831 2525 vel
867 2482 964 2526 utile
987 2485 1072 2526 suis
1106 2484 1258 2527 iudicet
1293 2483 1489 2538 Ecclesia,
1513 2487 1617 2527 sicut
1641 2498 1701 2527 ac-

75 2549 177 2592 cidit
211 2562 319 2592 nunc
354 2553 551 2607 temporis
585 2557 752 2608 propter
784 2553 927 2597 salutis
970 2556 1202 2598 animarum
1238 2557 1449 2611 proprium
1483 2568 1530 2598 ac
1564 2555 1700 2598 exclu-

75 2622 213 2663 sivum
250 2621 388 2674 tinem‚
422 2621 641 2674 condendi,
676 2625 730 2667 ita
766 2628 808 2667 ut
852 2624 945 2668 illae
993 2625 1158 2669 scholae
1209 2638 1353 2679 revera
1405 2624 1591 2681 publicae
1624 2628 1700 2668 sint

77 2692 166 2734 iure
200 2690 252 2734 ol)
283 2694 570 2736 auctoritatem
606 2694 771 2738 easdem
805 2698 1123 2740 constituentem
1157 2709 1204 2739 ac
1244 2699 1331 2739 iure
1368 2699 1542 2752 positivo
1577 2698 1702 2752 ipsius

76 2760 286 2805 Ecclesiae
321 2763 542 2818 regendae.
578 2769 717 2821 utpote
749 2766 799 2809 ad
835 2765 941 2810 hanc
973 2770 1213 2810 societatem
1250 2769 1510 2823 pertinentes.

197 2833 295 2876 260.
346 2835 632 2881 Catholicae
682 2838 1041 2884 Universitates
1088 2840 1164 2884 vel
1214 2839 1507 2883 Facultates.
1554 2838 1696 2891 Quoad

75 2903 239 2947 scholas
276 2917 373 2948 vero
406 2907 640 2961 superiores
672 2907 904 2951 servandus
942 2914 1000 2951 est
1045 2922 1134 2952 can.
1170 2909 1308 2951 1370:
1344 2910 1367 2956 ξ
1402 2910 1435 2950 l.
1475 2907 1696 2952 canonica.
