1965 3240
0 1162 7 1300 .·—-——-—†
0 1131 2 1144 μ

33 1595 37 1604 .,
3 1304 41 1575 ᾙ-,ΜἜΕἶ-*ἯΓ
11 1282 13 1287 “
14 1235 26 1242 ³
30 1213 34 1217 .

579 147 662 182 ΤιΤ.
688 148 795 182 XIV.
825 168 836 173 -
863 148 921 183 De
945 150 1184 184 abstinentia
1209 154 1243 185 et
1271 154 1417 186 ieiunio
1742 155 1810 189 133

186 266 368 311 Ecclesia
394 266 642 309 interdicere
665 265 956 310 abstinentiam
998 272 1129 323 potus,
1155 270 1222 325 qui
1260 272 1390 325 magis
1422 273 1600 314 sumitur
1627 272 1675 315 ad
1711 272 1810 316 alte-

187 340 386 381 rationem
413 339 599 393 corporis
637 342 677 380 et
715 337 989 393 digestionem
1030 337 1217 381 ciborum
1258 347 1562 396 assumptorum
1603 356 1724 399 quam
1760 343 1809 387 ad

187 403 467 460 nutritionem,
504 408 595 451 licet
620 408 759 465 aliquo
786 407 906 450 modo
932 410 1112 457 nutriat‚·
1149 414 1189 452 et
1218 410 1308 452 ideo
1334 410 1424 453 lit-et
1452 412 1604 467 pluries
1630 415 1812 455 ieiunan-

185 479 294 524 tibus
329 479 483 523 bibere.
509 480 547 523 Si
573 482 666 536 quis
689 484 825 523 autem
852 480 1124 523 immoderate
1163 486 1258 536 potu
1284 485 1433 530 utatur,
1463 488 1589 538 potest
1626 498 1813 540 peccare,

185 556 224 594 et
248 553 440 594 meritum
468 552 608 593 ieiunii
634 550 832 605 perdere3
866 552 971 594 sicut
996 553 1118 593 etiam
1144 553 1177 594 si
1201 553 1472 595 immoderate
1496 553 1633 597 cibum
1662 557 1697 596 in
1735 566 1813 597 una

185 624 438 666 comestione
478 627 674 665 assumat.
701 647 753 651 —
795 621 966 677 Insuper
998 621 1222 665 electuaria
1251 622 1572 679 (medicamenta
1616 625 1814 667 sarcliaro

188 692 249 736 vel
276 692 398 736 melle
421 686 622 749 condita),
646 694 808 735 etiamsi
834 692 972 749 aliquo
998 693 1120 735 modo
1144 696 1341 747 nutriant,
1377 708 1454 736 non
1490 699 1624 737 tamen
1667 698 1813 751 princi-

186 765 332 822 paliter
365 768 633 807 assumuntur
665 763 715 807 ad
750 766 1067 816 nutrimentum,
1098 764 1168 807 sed
1205 764 1255 807 ad
1294 764 1569 821 digestionem
1609 765 1810 809 ciborum.

182 835 300 881 Unde
324 849 402 878 non
428 835 597 878 solvunt
616 837 830 884 ieiunium,
856 837 962 878 sicut
987 848 1061 878 nec
1099 834 1274 878 aliarum
1317 836 1618 879 medicinarum
1655 850 1812 879 assum-

184 909 281 964 ptio,
306 908 382 949 nisi
407 907 509 949 sorte
538 906 688 963 aliquis
726 907 765 948 in
808 905 995 948 fraudem
1037 905 1261 949 electuaria
1308 908 1344 948 in
1393 920 1538 963 magna
1585 910 1812 964 quantitate

183 982 365 1022 assumat
390 991 462 1034 per
494 977 662 1020 modum
686 976 767 1020 cibi
801 992 839 1019 )).

308 1049 401 1091 115.
437 1050 554 1094 Dies
592 1063 682 1105 pro
721 1050 900 1105 quibus
944 1050 1233 1105 praedictae
1272 1050 1410 1105 leges
1454 1051 1679 1105 obligant
1720 1053 1814 1092 sunt

183 1121 448 1164 determinati
474 1129 655 1176 perenn.
693 1118 1055 1177 1252.§1.N011
1081 1119 1201 1162 aliter
1240 1132 1287 1162 ac
1327 1122 1364 1161 in
1406 1133 1538 1176 praec.
1583 1122 1694 1162 iure:
1728 1118 1813 1162 Lem

182 1191 315 1236 solius
359 1190 642 1234 abstinentiae
684 1190 894 1234 declarata
940 1192 979 1233 in
1015 1203 1103 1240 cau.
1143 1190 1254 1233 1250
1289 1190 1496 1233 servanda
1531 1196 1591 1233 es!
1633 1189 1814 1245 sinuatis

182 1263 314 1306 sestis
336 1261 461 1320 feriis
484 1261 560 1305 sub
584 1263 702 1318 gravi
730 1266 899 1317 peccato
922 1261 1151 1305 secundum
1178 1264 1376 1305 materiae
1399 1264 1685 1319 quantitatem.
1720 1260 1814 1304 Dies

182 1335 482 1377 convenienter
505 1333 746 1388 designatus
770 1331 821 1375 ol)
845 1334 1090 1374 memoriam
1115 1332 1349 1375 dominicae
1375 1334 1587 1388 passionis.
1782 1369 1786 1374 .

299 1404 340 1462 ξ.
373 1406 416 1447 2.
451 1402 539 1446 Leoe
571 1402 854 1446 abstinentiae
888 1408 1032 1446 vetans
1078 1402 1206 1445 simul
1249 1409 1287 1445 et
1331 1403 1483 1445 ieiunii
1527 1403 1813 1459 praescribens

183 1474 391 1518 servanda
415 1480 475 1517 es!
511 1489 582 1531 per
626 1474 793 1517 modum
821 1476 955 1527 unius,
979 1486 1085 1531 quae
1126 1474 1297 1530 proinde
1321 1473 1543 1530 dupliciter
1566 1473 1699 1531 quoad
1726 1486 1809 1515 mo-

183 1547 313 1590 ralem
347 1548 675 1590 aestimationem
701 1548 794 1603 quis
818 1546 1021 1602 trasgredi
1048 1550 1191 1602 potest,
1217 1544 1258 1601 a)
1281 1545 1393 1602 seria
1418 1550 1571 1602 quarta
1599 1543 1812 1595 Cineram‚

181 1619 241 1661 sic
264 1617 373 1661 dicta
397 1615 450 1660 ob
473 1629 616 1659 earum
651 1616 845 1660 ritualem
880 1617 1202 1672 impositionem,
1225 1628 1331 1673 quae
1357 1618 1394 1657 in
1421 1618 1499 1658 ritu
1535 1627 1705 1658 romano
1745 1627 1814 1670 po-

182 1691 259 1732 sita
294 1693 354 1732 est
389 1691 427 1731 in
477 1690 612 1744 capite
660 1689 816 1742 ieiunii,
853 1686 896 1744 b)
931 1686 1057 1744 seriis
1089 1686 1221 1729 seoelis
1260 1691 1298 1728 e!
1345 1686 1529 1728 sublimis
1566 1685 1811 1742 (Νισάν-(196-

182 1759 340 1816 sinales
363 1763 532 1816 propter
564 1758 686 1802 huius
720 1764 883 1815 tempus
920 1758 1116 1807 salutare,
1150 1758 1190 1814 c)
1224 1763 1264 1800 et
1305 1757 1430 1812 feriis
1470 1759 1508 1800 in
1557 1758 1813 1813 oppositione

183 1829 233 1873 ad
267 1829 356 1872 dies
389 1829 632 1874 dominicos,
666 1834 710 1872 ut
738 1842 797 1872 «a
836 1831 963 1872 veteri
1000 1830 1088 1871 iure
1121 1841 1199 1871 non
1235 1828 1494 1871 recedatur»
1532 1829 1635 1881 (can.
1677 1827 1714 1880 6,
1750 1825 1813 1881 4⁰)

184 1900 357 1956 proinde
397 1901 598 1943 «feriis»
651 1902 823 1957 quartis,
856 1901 985 1943 sextis
1018 1904 1056 1942 et
1094 1898 1278 1942 sabbatis
1320 1898 1513 1951 Qualiter
1558 1896 1813 1955 Tempormu,

183 1985 355 2028 nempe:
407 1976 496 2028 post
538 1970 797 2014 Dominicam
845 1973 1020 2027 primam
1066 1970 1439 2026 Quadi-agesimae,
1476 1971 1512 2011 in
1554 1967 1812 2011 hebdomada

184 2042 457 2096 Pentecostes5
495 2047 583 2099 post
622 2041 786 2085 Festum
808 2041 1080 2084 Exaltationis
1113 2042 1150 2084 S.
1177 2040 1333 2089 Crucis,
1359 2045 1397 2083 et
1441 2045 1528 2096 post
1554 2039 1810 2081 Dominicam

182 2116 347 2157 tertiam
381 2114 622 2168 Adventus;
656 2114 825 2157 demum
860 2113 901 2167 d)
925 2118 1103 2170 quatuor
1126 2112 1223 2156 solis
1242 2111 1496 2170 perriyiliis,
1521 2123 1687 2166 nempe:
1717 2107 1813 2151 Pen-

185 2190 372 2237 meones,
406 2183 620 2242 Deiparae
652 2184 696 2227 in
730 2184 887 2227 coelum
929 2184 1193 2241 Assamplae,
1243 2182 1436 2225 (bmnium
1481 2182 1728 2223 Sanam-um
1773 2184 1812 2221 el

184 2255 436 2301 Natim'tatis
468 2255 648 2299 Domini.

303 2327 330 2384 ἓ
360 2329 403 2372 3.
438 2326 526 2370 Lea?r
558 2326 692 2370 solius
724 2326 878 2370 ieiunii
909 2326 1118 2370 declarata
1157 2328 1194 2368 in
1229 2339 1318 2369 can.
1358 2325 1482 2379 1251,
1516 2322 1722 2365 servanda
1752 2328 1812 2364 est

183 2399 362 2457 reliquis
395 2397 584 2442 omm'bus
618 2402 784 2455 praeter
807 2411 1027 2454 expressos
1065 2399 1103 2439 in
1134 2400 1158 2449 ξ
1182 2397 1227 2439 ‘³2³
1263 2394 1625 2451 Qaadraqesiniae
1657 2392 1814 2446 diebus,

185 2472 222 2513 in
259 2472 502 2513 memoriam
537 2474 577 2513 et
610 2468 790 2512 debilem
827 2470 1098 2512 imitationem
1155 2470 1294 2511 ieiunii
1329 2467 1602 2524 (madi-aginta
1653 2465 1815 2506 dierum

183 2539 346 2584 Domini
373 2539 507 2583 Nostri
532 2538 822 2593 lesu-Christ13
853 2538 1053 2596 «singula
1082 2552 1179 2581 vero
1204 2540 1354 2581 ieiunia
1379 2542 1556 2594 quatuor
1581 2540 1811 2589 temporum

184 2610 317 2655 tribus
349 2610 497 2654 dicbus
530 2613 797 2654 continentur
832 2614 1001 2667 propter
1036 2622 1254 2652 numerum
1282 2610 1500 2655 mensium,
1525 2608 1593 2663 qui
1619 2606 1815 2660 competit

184 2681 354 2726 cuilibet
387 2683 586 2738 tempori:
624 2680 688 2723 vel
725 2686 892 2737 propter
926 2693 1147 2723 numerum
1183 2692 1394 2723 sacrorum
1442 2677 1632 2719 ordinum
1668 2677 1736 2732 qui
1774 2677 1810 2716 in

185 2752 248 2796 his
283 2751 541 2809 temporibus
572 2752 882 2795 conferuntur»
914 2752 940 2791 ¹.

302 2906 313 2927 1
340 2905 386 2939 D.
417 2905 487 2938 Th.
518 2904 610 2938 ILII
635 2916 670 2948 q.
700 2903 879 2938 CXLVII
905 2915 939 2938 a.
968 2905 1001 2938 5.
1031 2915 1062 2937 c.
