1965 3240
144 91 213 125 408
286 91 370 125 121ss.
396 90 469 124 III.
498 111 510 115 -
538 91 648 124 PARS
674 91 719 124 V.
748 111 761 116 -
787 91 844 126 De
869 90 991 134 benef.
1020 95 1055 126 et
1081 94 1206 126 instit.
1234 93 1359 127 eccles.
1384 103 1465 127 ‘non
1491 94 1620 138 colleg.

150 210 301 267 «leges
349 212 595 253 irritantes»
643 211 749 260 (can.
797 211 881 265 11).
928 209 1152 254 Videlicet:
1203 210 1301 254 anio
1342 211 1447 267 (can.
1492 212 1618 264 1423,
1652 216 1680 268 g
1714 212 1773 270 1),

145 279 372 323 translatio
420 280 529 337 (can.
566 279 713 337 1426),
760 279 913 324 divisio
956 280 1065 338 (can.
1111 281 1236 336 1427,
1279 281 1307 339 ἓ
1351 281 1406 338 2),
1439 281 1772 341 dismembratio,

142 350 260 409 facta
292 353 415 394 etiam
440 363 461 394 a
486 355 747 406 competente
770 348 1009 403 Ordinario,
1032 351 1102 394 sed
1127 351 1219 394 stae
1241 352 1444 395 canonica
1472 367 1615 408 caasa,
1639 354 1771 399 idest:

142 422 218 466 sul)
251 424 336 466 cit.⁸
368 420 595 465 canonibus
628 414 941 478 comprehensa,
969 422 1031 465 vel
1057 422 1160 465 alias
1189 424 1313 466 «sine
1337 423 1569 468 rationabili
1603 437 1725 468 causa
1744 440 1765 466 »

143 508 192 537 ex
228 496 252 547 ἓ
286 493 337 536 14
372 497 501 536 const.
542 492 793 548 «Supernae
826 493 1145 549 dispositionis»
1175 493 1202 547 ¹,
1229 493 1358 536 irrita
1381 499 1442 537 est
1468 494 1557 538 talis
1581 494 1770 540 beneficii

145 566 330 610 mutatio.

259 637 285 692 ξ
317 636 361 678 3.
394 634 605 678 Adversas
637 635 862 691 decretam,
897 638 993 693 quia
1028 649 1093 680 res
1126 637 1453 681 extraiudicialis
1484 651 1662 695 semper,
1691 637 1766 683 Or-

142 705 306 749 (linarii
340 720 411 763 pro
445 718 565 750 casus
597 707 840 750 diversitate
874 706 1072 762 unientis,
1098 707 1409 765 transferentis,
1434 707 1661 752 dividentis
1695 716 1769 753 aut

141 776 482 820 dismembraatis
514 775 725 834 beneficia,
758 776 888 820 datur
921 790 941 821 a
977 779 1066 820 iure
1099 778 1249 835 eidem,
1283 780 1401 822 cuius
1434 781 1606 836 intersit,
1631 782 1669 823 in
1703 780 1769 824 de-

141 847 321 891 volativo
357 852 518 890 tantam
549 847 710 902 effectu,
735 847 812 891 hoc
835 852 921 891 est:
946 847 995 891 ad
1021 849 1357 904 cognoscendum
1391 854 1430 893 et
1457 850 1766 895 decernendum

139 918 412 975 legitimitatis
444 918 651 962 detectum
696 921 735 961 in
780 917 970 962 beneticii
1014 922 1241 963 mutatione
1282 933 1480 963 recursus
1523 921 1680 966 directe
1712 922 1771 966 ad

139 989 337 1032 Sanctam
371 988 529 1044 Sedent,
563 988 743 1032 scilicet:
768 989 818 1033 ad
853 989 891 1032 S.
916 988 1290 1046 Congregationem
1323 989 1508 1046 Concilii,
1536 991 1599 1035 vel
1633 992 1685 1036 de
1710 1006 1769 1036 re-

139 1061 295 1117 ligiosis
329 1074 400 1116 pro
435 1059 731 1103 beneficiorum
767 1060 965 1104 alterutra
998 1063 1150 1117 specie.

258 1132 355 1176 328.
391 1132 463 1177 De
495 1133 829 1188 pensionibus.
866 1131 1009 1174 Pensio
1049 1131 1142 1175 est²
1181 1135 1283 1175 <cius
1315 1133 1574 1189 percipiendi
1609 1138 1765 1178 certam

139 1205 368 1260 port-ionem
393 1203 602 1246 fructuum
627 1216 675 1245 ex
701 1202 835 1245 alieno
861 1201 1061 1246 beneficio
1090 1205 1336 1247 auctoritate
1361 1203 1559 1260 legitima,
1588 1210 1627 1248 et
1660 1207 1765 1249 iusta

139 1276 444 1318 interveniente
477 1285 601 1316 causa
635 1272 759 1316 alicui
793 1286 1035 1316 concessum
1056 1289 1096 1317 )).
1130 1273 1275 1317 Pensio
1308 1276 1367 1318 sic
1390 1274 1558 1319 definita
1590 1280 1651 1319 est
1674 1289 1765 1332 pro-

138 1348 227 1402 prie
260 1345 369 1388 dicta
402 1348 441 1387 et
474 1343 767 1387 ecclesiastica.
808 1359 828 1384 «
857 1343 1101 1387 ⁸Dividitur
1133 1350 1270 1388 autem
1305 1344 1407 1389 haec
1449 1348 1489 1389 in
1524 1349 1763 1402 pensionem

138 1416 276 1459 datam
310 1414 572 1458 solummodo
605 1414 654 1457 ad
690 1418 851 1471 tempus
888 1416 994 1458 vitae
1029 1413 1296 1468 beneficiarii,
1321 1420 1391 1459 aut
1423 1416 1473 1459 ad
1510 1418 1636 1460 vitam
1671 1430 1768 1474 pen-

138 1489 329 1539 sionarii3
363 1491 434 1529 aut
464 1485 652 1529 absolute
695 1487 734 1528 iu
770 1490 1032 1542 perpetuum.
1068 1486 1201 1529 Prima
1237 1489 1378 1542 pensio
1421 1492 1481 1531 est
1513 1501 1616 1531 onus
1650 1492 1764 1532 mere

139 1557 368 1615 personale,
392 1557 500 1612 quod
538 1568 737 1613 personae
772 1555 1021 1609 beneficiati,
1046 1569 1125 1599 non
1159 1559 1235 1613 ipsi
1259 1557 1394 1601 officio
1417 1563 1478 1602 est
1511 1560 1763 1616 impositum,

138 1630 359 1686 ideoque...
393 1641 487 1671 cum
533 1632 663 1670 morte
707 1626 939 1671 beneficiati
983 1629 1297 1683 extinguitur».
1330 1628 1418 1672 Hae
1460 1634 1555 1673 sunt
1598 1632 1765 1686 proprie

142 1701 399 1756 «pensiones
432 1697 681 1754 personales,
705 1710 810 1755 quae
843 1700 881 1741 in
908 1700 996 1742 iure
1029 1698 1219 1742 beneficii
1245 1701 1410 1742 nomine
1443 1712 1523 1742 non
1548 1702 1758 1744 veniunt»

138 1770 246 1828 (can.
274 1769 399 1823 1412,
424 1768 502 1825 4⁰).
530 1768 711 1812 «Altera
741 1771 881 1824 pensio
904 1773 965 1812 est
988 1782 1090 1812 onus
1116 1769 1225 1812 reale
1249 1771 1324 1826 ipsi
1348 1769 1485 1814 officio
1509 1772 1760 1826 impositum,

137 1843 290 1885 etenim
323 1842 469 1884 transit
501 1841 625 1883 eliam
669 1839 719 1882 ad
762 1853 1044 1883 successorem
1081 1839 1329 1895 beneficiati,
1363 1843 1457 1898 quia
1500 1841 1587 1885 sola
1630 1846 1765 1886 morte

136 1913 387 1969 pensionarii
420 1914 610 1954 cessat...
646 1909 782 1953 Tertia
816 1914 876 1953 est
908 1923 1011 1953 onus
1043 1913 1197 1967 pariter
1245 1911 1356 1954 reale
1390 1913 1467 1968 ipsi
1510 1912 1659 1965 officio,
1689 1912 1760 1956 sed

138 1982 324 2027 absolute
357 1986 396 2025 et
429 1983 468 2024 in
505 1985 750 2037 perpetuum
785 1982 1040 2037 impositum,
1074 1983 1126 2024 ita
1161 1986 1205 2024 ut
1241 1982 1291 2025 ad
1326 1995 1469 2025 omnes
1500 1996 1765 2027 successores

135 2058 316 2097 transeat
348 2058 387 2096 et
421 2056 582 2095 mortuo
617 2053 877 2108 pensionario
912 2054 950 2094 in
985 2065 1139 2095 novum
1166 2055 1471 2107 pensionarium
1505 2055 1557 2097 sit
1591 2055 1759 2097 transte-

138 2124 312 2168 rendum
331 2140 370 2166 )).

255 2195 476 2239 Pensiones
522 2195 773 2252 (plaudoque
821 2197 1090 2251 imponuntur
1139 2195 1350 2245 beneticiis
1392 2197 1759 2249 consistorialibus‚

135 2266 330 2323 equidem
374 2279 447 2322 per
490 2266 528 2309 S.
561 2264 710 2321 Congr.
743 2263 1092 2320 Consistorialem,
1127 2267 1377 2325 quandoque
1426 2266 1638 2311 beneficiis
1670 2268 1762 2312 aliis

135 2337 173 2381 S.
207 2338 302 2381 Sedi
353 2339 588 2388 reservatis,
631 2337 740 2394 quod
789 2338 834 2380 fit
883 2351 954 2393 per
1004 2337 1212 2381 Datariam
1261 2338 1555 2395 Apostolicain,
1590 2339 1758 2383 demum

134 2408 382 2465 quandoque
414 2407 504 2450 aliis
538 2407 751 2451 beneficiis
774 2421 853 2450 non
878 2410 1114 2463 reservatis,
1139 2410 1228 2452 sive
1250 2408 1348 2452 illud
1384 2409 1454 2452 fiat
1477 2421 1499 2452 a
1523 2409 1628 2453 Sede
1651 2409 1758 2466 Apo-

132 2477 275 2521 stolica
308 2480 397 2521 sive
430 2476 481 2521 ab
515 2475 763 2522 Ordinariis.

252 2548 505 2604 Principium
541 2550 785 2592 canonicum
821 2553 903 2592 est:
933 2554 1016 2592 «ut
1049 2549 1330 2594 ecclesiastica
1353 2549 1556 2594 beneficia
1579 2552 1667 2594 sine
1689 2551 1759 2594 de-

133 2621 360 2662 minutione
393 2620 696 2662 conserantur»
737 2618 821 2675 (lll,
851 2618 934 2676 12),
969 2620 1247 2676 congruenter
1281 2620 1450 2676 regulae
1484 2623 1585 2664 iuris
1618 2619 1683 2663 LV
1719 2623 1757 2663 in

252 2749 261 2770 1
290 2748 367 2782 Leo
394 2748 431 2781 X
458 2748 498 2782 in
526 2748 641 2782 Cone.
672 2748 758 2781 Lat.
789 2748 834 2788 V,
863 2748 884 2782 5
909 2748 1003 2782 Maii
1033 2749 1134 2784 1545.
1173 2768 1216 2774 —
1255 2749 1268 2771 2
1308 2748 1434 2783 Santi.
1468 2749 1758 2784 Praelectiones

134 2797 232 2830 iuris
259 2807 342 2829 can.
372 2795 457 2829 Lib,
487 2795 556 2834 ΙΙΙ,
584 2795 661 2829 Tit.
688 2795 776 2835 XII,
802 2807 840 2828 n.
872 2797 925 2831 11.
956 2796 1010 2829 14.
1054 2816 1097 2821 -—-
1135 2796 1148 2818 3
1186 2795 1346 2830 KVernz,
1385 2797 1449 2830 Ius
1474 2796 1755 2831 Decretalium.

133 2844 239 2878 Tom.
270 2842 322 2883 ΙΙ,
351 2854 388 2876 n.
418 2843 498 2883 321,
526 2842 595 2882 ΙΙΙ,
629 2842 662 2886 β.
692 2842 759 2875 Ed.
788 2842 818 2875 Ι.
