<?xml version="1.0" encoding="UTF-8"?>
<!DOCTYPE html PUBLIC "-//W3C//DTD XHTML 1.0 Transitional//EN"
    "http://www.w3.org/TR/xhtml1/DTD/xhtml1-transitional.dtd">
<html xmlns="http://www.w3.org/1999/xhtml" xml:lang="en" lang="en">
 <head>
  <title>
</title>
<meta http-equiv="Content-Type" content="text/html;charset=utf-8" />
  <meta name='ocr-system' content='tesseract 3.04.00' />
  <meta name='ocr-capabilities' content='ocr_page ocr_carea ocr_par ocr_line ocrx_word'/>
</head>
<body>
  <div class='ocr_page' id='page_1' title='image "./commentariumtext03blatuoft_0479.png"; bbox 0 0 1965 3240; ppageno 0'>
   <div class='ocr_carea' id='block_1_1' title="bbox 453 150 1702 194">
    <p class='ocr_par' dir='ltr' id='par_1_1' title="bbox 453 150 1702 194">
     <span class='ocr_line' id='line_1_1' title="bbox 453 150 1702 194; baseline 0.001 -10"><span class='ocrx_word' id='word_1_1' title='bbox 453 151 535 185; x_wconf 73' lang='lat' dir='ltr'>Ti‘r.</span> <span class='ocrx_word' id='word_1_2' title='bbox 563 151 687 185; x_wconf 77' lang='lat' dir='ltr'>XXV.</span> <span class='ocrx_word' id='word_1_3' title='bbox 716 170 725 176; x_wconf 91' lang='lat'>-</span> <span class='ocrx_word' id='word_1_4' title='bbox 754 150 810 185; x_wconf 84' lang='lat' dir='ltr'>De</span> <span class='ocrx_word' id='word_1_5' title='bbox 836 151 1028 194; x_wconf 78' lang='lat' dir='ltr'>beneficiis</span> <span class='ocrx_word' id='word_1_6' title='bbox 1053 152 1318 185; x_wconf 70' lang='lat' dir='ltr'>ecclesiasticis</span> <span class='ocrx_word' id='word_1_7' title='bbox 1634 151 1702 185; x_wconf 80' lang='lat'>467</span> 
     </span>
    </p>
   </div>
   <div class='ocr_carea' id='block_1_2' title="bbox 90 211 1700 218">
    <p class='ocr_par' dir='ltr' id='par_1_2' title="bbox 90 211 1700 218">
     <span class='ocr_line' id='line_1_2' title="bbox 90 211 1700 218; baseline 0 0"><span class='ocrx_word' id='word_1_8' title='bbox 90 211 1700 218; x_wconf 95' lang='lat' dir='ltr'> </span> 
     </span>
    </p>
   </div>
   <div class='ocr_carea' id='block_1_3' title="bbox 73 269 1711 2813">
    <p class='ocr_par' dir='ltr' id='par_1_3' title="bbox 75 269 1701 384">
     <span class='ocr_line' id='line_1_3' title="bbox 77 269 1701 327; baseline 0.001 -15"><span class='ocrx_word' id='word_1_9' title='bbox 77 269 422 326; x_wconf 84' lang='lat' dir='ltr'>impedimentum</span> <span class='ocrx_word' id='word_1_10' title='bbox 459 273 591 327; x_wconf 86' lang='lat' dir='ltr'>ipsum</span> <span class='ocrx_word' id='word_1_11' title='bbox 627 271 906 323; x_wconf 69' lang='lat' dir='ltr'>excusaverit,</span> <span class='ocrx_word' id='word_1_12' title='bbox 930 282 1061 325; x_wconf 78' lang='lat' dir='ltr'>grave</span> <span class='ocrx_word' id='word_1_13' title='bbox 1097 276 1309 326; x_wconf 89' lang='lat' dir='ltr'>peccatum</span> <span class='ocrx_word' id='word_1_14' title='bbox 1338 270 1537 327; x_wconf 81' lang='lat' dir='ltr'>intelligat</span> <span class='ocrx_word' id='word_1_15' title='bbox 1572 272 1701 314; x_wconf 89' lang='lat' dir='ltr'>admi-</span> 
     </span>
     <span class='ocr_line' id='line_1_4' title="bbox 75 343 241 384; baseline -0.012 -1"><span class='ocrx_word' id='word_1_16' title='bbox 75 343 177 384; x_wconf 81' lang='lat' dir='ltr'><strong>sisse</strong></span> <span class='ocrx_word' id='word_1_17' title='bbox 202 357 241 381; x_wconf 69' lang='lat' dir='ltr'>n.</span> 
     </span>
    </p>

    <p class='ocr_par' dir='ltr' id='par_1_4' title="bbox 73 410 1707 1886">
     <span class='ocr_line' id='line_1_5' title="bbox 190 410 1702 470; baseline -0.001 -16"><span class='ocrx_word' id='word_1_18' title='bbox 190 410 301 455; x_wconf 89' lang='lat' dir='ltr'>Haec</span> <span class='ocrx_word' id='word_1_19' title='bbox 335 412 645 455; x_wconf 52' lang='lat' dir='ltr'>anin‘iadversio</span> <span class='ocrx_word' id='word_1_20' title='bbox 680 414 909 455; x_wconf 87' lang='lat' dir='ltr'>necessaria</span> <span class='ocrx_word' id='word_1_21' title='bbox 946 413 1019 454; x_wconf 88' lang='lat' dir='ltr'>t&#39;uit</span> <span class='ocrx_word' id='word_1_22' title='bbox 1055 417 1222 468; x_wconf 87' lang='lat' dir='ltr'>propter</span> <span class='ocrx_word' id='word_1_23' title='bbox 1256 412 1332 455; x_wconf 89' lang='lat' dir='ltr'>hoc</span> <span class='ocrx_word' id='word_1_24' title='bbox 1356 413 1464 470; x_wconf 78' lang='lat' dir='ltr'>quod</span> <span class='ocrx_word' id='word_1_25' title='bbox 1501 415 1538 456; x_wconf 92' lang='lat' dir='ltr'>in</span> <span class='ocrx_word' id='word_1_26' title='bbox 1574 418 1702 456; x_wconf 87' lang='lat' dir='ltr'>const.</span> 
     </span>
     <span class='ocr_line' id='line_1_6' title="bbox 81 482 1705 541; baseline 0.004 -19"><span class='ocrx_word' id='word_1_27' title='bbox 81 498 100 522; x_wconf 86' lang='lat'>«</span> <span class='ocrx_word' id='word_1_28' title='bbox 124 482 338 538; x_wconf 87' lang='lat' dir='ltr'>Supernae</span> <span class='ocrx_word' id='word_1_29' title='bbox 372 482 654 538; x_wconf 74' lang='lat' dir='ltr'>dispositionis</span> <span class='ocrx_word' id='word_1_30' title='bbox 678 500 698 523; x_wconf 87' lang='lat'>»</span> <span class='ocrx_word' id='word_1_31' title='bbox 737 496 756 526; x_wconf 94' lang='lat' dir='ltr'>a</span> <span class='ocrx_word' id='word_1_32' title='bbox 792 483 925 526; x_wconf 81' lang='lat' dir='ltr'>Leone</span> <span class='ocrx_word' id='word_1_33' title='bbox 950 482 983 525; x_wconf 83' lang='lat' dir='ltr'>X</span> <span class='ocrx_word' id='word_1_34' title='bbox 1012 483 1022 504; x_wconf 88' lang='lat'>¹</span> <span class='ocrx_word' id='word_1_35' title='bbox 1063 498 1083 523; x_wconf 86' lang='grc'>((</span> <span class='ocrx_word' id='word_1_36' title='bbox 1102 486 1354 538; x_wconf 86' lang='lat' dir='ltr'>statuitur,...</span> <span class='ocrx_word' id='word_1_37' title='bbox 1381 489 1422 526; x_wconf 93' lang='lat' dir='ltr'>ut</span> <span class='ocrx_word' id='word_1_38' title='bbox 1441 484 1614 541; x_wconf 80' lang='lat' dir='ltr'>quilibet</span> <span class='ocrx_word' id='word_1_39' title='bbox 1638 484 1705 528; x_wconf 81' lang='lat' dir='ltr'>lia-</span> 
     </span>
     <span class='ocr_line' id='line_1_7' title="bbox 78 552 1704 610; baseline 0.002 -14"><span class='ocrx_word' id='word_1_40' title='bbox 78 553 176 596; x_wconf 84' lang='lat' dir='ltr'>bens</span> <span class='ocrx_word' id='word_1_41' title='bbox 210 552 456 596; x_wconf 88' lang='lat' dir='ltr'>henelicium</span> <span class='ocrx_word' id='word_1_42' title='bbox 491 567 583 596; x_wconf 91' lang='lat' dir='ltr'>cum</span> <span class='ocrx_word' id='word_1_43' title='bbox 620 566 718 597; x_wconf 91' lang='lat' dir='ltr'>cura</span> <span class='ocrx_word' id='word_1_44' title='bbox 757 553 817 605; x_wconf 70' lang='lat' dir='ltr'>vel</span> <span class='ocrx_word' id='word_1_45' title='bbox 853 556 941 596; x_wconf 91' lang='lat' dir='ltr'>sine</span> <span class='ocrx_word' id='word_1_46' title='bbox 975 566 1088 607; x_wconf 88' lang='lat' dir='ltr'>cura,</span> <span class='ocrx_word' id='word_1_47' title='bbox 1127 556 1159 596; x_wconf 89' lang='lat' dir='ltr'>si</span> <span class='ocrx_word' id='word_1_48' title='bbox 1200 559 1289 610; x_wconf 90' lang='lat' dir='ltr'>post</span> <span class='ocrx_word' id='word_1_49' title='bbox 1332 567 1401 597; x_wconf 85' lang='lat' dir='ltr'>sex</span> <span class='ocrx_word' id='word_1_50' title='bbox 1451 568 1610 598; x_wconf 83' lang='lat' dir='ltr'>mensos</span> <span class='ocrx_word' id='word_1_51' title='bbox 1653 555 1704 599; x_wconf 89' lang='lat' dir='ltr'>ab</span> 
     </span>
     <span class='ocr_line' id='line_1_8' title="bbox 73 623 1702 683; baseline 0.003 -19"><span class='ocrx_word' id='word_1_52' title='bbox 73 623 240 667; x_wconf 88' lang='lat' dir='ltr'>obtento</span> <span class='ocrx_word' id='word_1_53' title='bbox 286 623 487 667; x_wconf 86' lang='lat' dir='ltr'>heneticio</span> <span class='ocrx_word' id='word_1_54' title='bbox 527 625 717 667; x_wconf 87' lang='lat' dir='ltr'>divinum</span> <span class='ocrx_word' id='word_1_55' title='bbox 763 625 942 668; x_wconf 88' lang='lat' dir='ltr'>otlicium</span> <span class='ocrx_word' id='word_1_56' title='bbox 991 638 1069 667; x_wconf 92' lang='lat' dir='ltr'>non</span> <span class='ocrx_word' id='word_1_57' title='bbox 1105 625 1272 678; x_wconf 89' lang='lat' dir='ltr'>dixerit,</span> <span class='ocrx_word' id='word_1_58' title='bbox 1308 625 1491 681; x_wconf 78' lang='lat' dir='ltr'>legitimo</span> <span class='ocrx_word' id='word_1_59' title='bbox 1531 627 1702 683; x_wconf 88' lang='lat' dir='ltr'>impedi-</span> 
     </span>
     <span class='ocr_line' id='line_1_9' title="bbox 78 695 1704 754; baseline 0.001 -17"><span class='ocrx_word' id='word_1_60' title='bbox 78 699 212 738; x_wconf 88' lang='lat' dir='ltr'>mento</span> <span class='ocrx_word' id='word_1_61' title='bbox 245 700 446 751; x_wconf 76' lang='lat' dir='ltr'>cessante,</span> <span class='ocrx_word' id='word_1_62' title='bbox 490 695 788 739; x_wconf 76' lang='lat' dir='ltr'>beneficiorum</span> <span class='ocrx_word' id='word_1_63' title='bbox 834 709 1002 739; x_wconf 91' lang='lat' dir='ltr'>suorum</span> <span class='ocrx_word' id='word_1_64' title='bbox 1044 697 1202 739; x_wconf 81' lang='lat' dir='ltr'>fructus</span> <span class='ocrx_word' id='word_1_65' title='bbox 1233 709 1329 739; x_wconf 91' lang='lat' dir='ltr'>suos</span> <span class='ocrx_word' id='word_1_66' title='bbox 1363 710 1440 739; x_wconf 94' lang='lat' dir='ltr'>non</span> <span class='ocrx_word' id='word_1_67' title='bbox 1477 698 1597 740; x_wconf 82' lang='lat' dir='ltr'>faciat</span> <span class='ocrx_word' id='word_1_68' title='bbox 1633 712 1704 754; x_wconf 91' lang='lat' dir='ltr'>pro</span> 
     </span>
     <span class='ocr_line' id='line_1_10' title="bbox 77 767 1706 825; baseline 0.001 -17"><span class='ocrx_word' id='word_1_69' title='bbox 77 770 161 809; x_wconf 86' lang='lat' dir='ltr'>rata</span> <span class='ocrx_word' id='word_1_70' title='bbox 196 767 429 809; x_wconf 90' lang='lat' dir='ltr'>omissionis</span> <span class='ocrx_word' id='word_1_71' title='bbox 462 768 716 809; x_wconf 73' lang='lat' dir='ltr'>recitationis</span> <span class='ocrx_word' id='word_1_72' title='bbox 740 767 862 810; x_wconf 85' lang='lat' dir='ltr'>otlicii</span> <span class='ocrx_word' id='word_1_73' title='bbox 883 771 921 810; x_wconf 91' lang='lat' dir='ltr'>et</span> <span class='ocrx_word' id='word_1_74' title='bbox 940 769 1151 823; x_wconf 90' lang='lat' dir='ltr'>temporis,</span> <span class='ocrx_word' id='word_1_75' title='bbox 1176 767 1247 809; x_wconf 88' lang='lat' dir='ltr'>sed</span> <span class='ocrx_word' id='word_1_76' title='bbox 1274 780 1343 809; x_wconf 89' lang='lat' dir='ltr'>eos</span> <span class='ocrx_word' id='word_1_77' title='bbox 1367 772 1579 825; x_wconf 79' lang='lat' dir='ltr'>tamquam</span> <span class='ocrx_word' id='word_1_78' title='bbox 1605 770 1706 811; x_wconf 87' lang='lat' dir='ltr'>iniu-</span> 
     </span>
     <span class='ocr_line' id='line_1_11' title="bbox 75 837 1702 894; baseline 0.001 -15"><span class='ocrx_word' id='word_1_79' title='bbox 75 841 134 879; x_wconf 89' lang='lat' dir='ltr'>ste</span> <span class='ocrx_word' id='word_1_80' title='bbox 174 841 404 893; x_wconf 89' lang='lat' dir='ltr'>perceptos,</span> <span class='ocrx_word' id='word_1_81' title='bbox 438 839 475 879; x_wconf 93' lang='lat' dir='ltr'>in</span> <span class='ocrx_word' id='word_1_82' title='bbox 521 837 697 881; x_wconf 75' lang='lat' dir='ltr'>fabricas</span> <span class='ocrx_word' id='word_1_83' title='bbox 741 837 976 881; x_wconf 87' lang='lat' dir='ltr'>huiusmodi</span> <span class='ocrx_word' id='word_1_84' title='bbox 1023 837 1319 881; x_wconf 85' lang='lat' dir='ltr'>heneticiorum</span> <span class='ocrx_word' id='word_1_85' title='bbox 1369 838 1429 881; x_wconf 86' lang='lat' dir='ltr'>vel</span> <span class='ocrx_word' id='word_1_86' title='bbox 1476 852 1702 894; x_wconf 88' lang='lat' dir='ltr'>pauperum</span> 
     </span>
     <span class='ocr_line' id='line_1_12' title="bbox 75 907 1701 965; baseline 0.002 -15"><span class='ocrx_word' id='word_1_87' title='bbox 75 907 359 964; x_wconf 63' lang='lat' dir='ltr'>eleemosynas</span> <span class='ocrx_word' id='word_1_88' title='bbox 382 920 555 964; x_wconf 86' lang='lat' dir='ltr'>erogare</span> <span class='ocrx_word' id='word_1_89' title='bbox 580 913 767 951; x_wconf 87' lang='lat' dir='ltr'>teneatur</span> <span class='ocrx_word' id='word_1_90' title='bbox 792 925 828 953; x_wconf 88' lang='lat'>».</span> <span class='ocrx_word' id='word_1_91' title='bbox 853 934 909 940; x_wconf 88' lang='lat'>—</span> <span class='ocrx_word' id='word_1_92' title='bbox 938 923 959 949; x_wconf 82' lang='grc'>((</span> <span class='ocrx_word' id='word_1_93' title='bbox 982 908 1039 952; x_wconf 90' lang='lat' dir='ltr'>Ex</span> <span class='ocrx_word' id='word_1_94' title='bbox 1068 914 1182 965; x_wconf 90' lang='lat' dir='ltr'>parte</span> <span class='ocrx_word' id='word_1_95' title='bbox 1205 914 1363 952; x_wconf 88' lang='lat' dir='ltr'>tantum</span> <span class='ocrx_word' id='word_1_96' title='bbox 1388 926 1409 949; x_wconf 82' lang='lat'>&gt;›</span> <span class='ocrx_word' id='word_1_97' title='bbox 1438 910 1476 953; x_wconf 89' lang='lat' dir='ltr'>id</span> <span class='ocrx_word' id='word_1_98' title='bbox 1502 915 1561 953; x_wconf 88' lang='lat' dir='ltr'>est</span> <span class='ocrx_word' id='word_1_99' title='bbox 1582 928 1589 954; x_wconf 87' lang='lat'><strong>:</strong></span> <span class='ocrx_word' id='word_1_100' title='bbox 1624 924 1701 953; x_wconf 93' lang='lat' dir='ltr'>non</span> 
     </span>
     <span class='ocr_line' id='line_1_13' title="bbox 76 980 1702 1037; baseline 0.001 -16"><span class='ocrx_word' id='word_1_101' title='bbox 76 983 313 1035; x_wconf 83' lang='lat' dir='ltr'>exspectato</span> <span class='ocrx_word' id='word_1_102' title='bbox 345 991 417 1022; x_wconf 89' lang='lat' dir='ltr'>sex</span> <span class='ocrx_word' id='word_1_103' title='bbox 455 981 656 1022; x_wconf 89' lang='lat' dir='ltr'>mensium</span> <span class='ocrx_word' id='word_1_104' title='bbox 693 984 878 1036; x_wconf 91' lang='lat' dir='ltr'>tempore</span> <span class='ocrx_word' id='word_1_105' title='bbox 911 982 1052 1022; x_wconf 81' lang='lat' dir='ltr'>statuit</span> <span class='ocrx_word' id='word_1_106' title='bbox 1083 980 1111 1037; x_wconf 56' lang='grc' dir='ltr'><strong>ξ</strong></span> <span class='ocrx_word' id='word_1_107' title='bbox 1143 982 1185 1022; x_wconf 69' lang='lat'>3.</span> <span class='ocrx_word' id='word_1_108' title='bbox 1221 980 1267 1022; x_wconf 77' lang='lat' dir='ltr'>Si</span> <span class='ocrx_word' id='word_1_109' title='bbox 1305 995 1325 1020; x_wconf 85' lang='grc'>«</span> <span class='ocrx_word' id='word_1_110' title='bbox 1350 980 1641 1024; x_wconf 79' lang='lat' dir='ltr'>beneficiarius</span> <span class='ocrx_word' id='word_1_111' title='bbox 1663 997 1702 1035; x_wconf 76' lang='lat'>)),</span> 
     </span>
     <span class='ocr_line' id='line_1_14' title="bbox 78 1048 1704 1108; baseline 0.002 -17"><span class='ocrx_word' id='word_1_112' title='bbox 78 1048 194 1092; x_wconf 63' lang='lat' dir='ltr'>nullo</span> <span class='ocrx_word' id='word_1_113' title='bbox 228 1049 414 1107; x_wconf 71' lang='lat' dir='ltr'>leyilimo</span> <span class='ocrx_word' id='word_1_114' title='bbox 448 1063 518 1093; x_wconf 89' lang='lat' dir='ltr'>seu</span> <span class='ocrx_word' id='word_1_115' title='bbox 554 1055 780 1093; x_wconf 81' lang='lat' dir='ltr'>excusante</span> <span class='ocrx_word' id='word_1_116' title='bbox 813 1050 864 1094; x_wconf 89' lang='lat' dir='ltr'>ab</span> <span class='ocrx_word' id='word_1_117' title='bbox 907 1050 973 1094; x_wconf 91' lang='lat' dir='ltr'>illa</span> <span class='ocrx_word' id='word_1_118' title='bbox 1020 1052 1261 1094; x_wconf 79' lang='lat' dir='ltr'>recitatione</span> <span class='ocrx_word' id='word_1_119' title='bbox 1298 1065 1334 1094; x_wconf 87' lang='lat' dir='ltr'>v.</span> <span class='ocrx_word' id='word_1_120' title='bbox 1369 1066 1430 1108; x_wconf 85' lang='lat' dir='ltr'>gr.</span> <span class='ocrx_word' id='word_1_121' title='bbox 1466 1053 1704 1096; x_wconf 84' lang='lat' dir='ltr'>infirmitate</span> 
     </span>
     <span class='ocr_line' id='line_1_15' title="bbox 80 1119 1705 1180; baseline 0.005 -21"><span class='ocrx_word' id='word_1_122' title='bbox 80 1120 140 1163; x_wconf 68' lang='lat' dir='ltr'>vel</span> <span class='ocrx_word' id='word_1_123' title='bbox 176 1119 255 1163; x_wconf 93' lang='lat' dir='ltr'>alio</span> <span class='ocrx_word' id='word_1_124' title='bbox 291 1133 311 1163; x_wconf 91' lang='lat' dir='ltr'>a</span> <span class='ocrx_word' id='word_1_125' title='bbox 345 1120 592 1164; x_wconf 85' lang='lat' dir='ltr'>Doctoribus</span> <span class='ocrx_word' id='word_1_126' title='bbox 643 1126 807 1177; x_wconf 90' lang='lat' dir='ltr'>recepto</span> <span class='ocrx_word' id='word_1_127' title='bbox 851 1120 1043 1164; x_wconf 73' lang='lat' dir='ltr'>detentus</span> <span class='ocrx_word' id='word_1_128' title='bbox 1086 1121 1400 1179; x_wconf 74' lang='lat' dir='ltr'>impedimento,</span> <span class='ocrx_word' id='word_1_129' title='bbox 1444 1136 1492 1166; x_wconf 92' lang='lat' dir='ltr'>ac</span> <span class='ocrx_word' id='word_1_130' title='bbox 1532 1124 1705 1180; x_wconf 76' lang='lat' dir='ltr'>proinde</span> 
     </span>
     <span class='ocr_line' id='line_1_16' title="bbox 75 1190 1703 1252; baseline 0.002 -18"><span class='ocrx_word' id='word_1_131' title='bbox 75 1190 337 1248; x_wconf 83' lang='lat' dir='ltr'>culpabiliter</span> <span class='ocrx_word' id='word_1_132' title='bbox 369 1192 599 1235; x_wconf 92' lang='lat' dir='ltr'>secundum</span> <span class='ocrx_word' id='word_1_133' title='bbox 637 1206 721 1235; x_wconf 89' lang='lat' dir='ltr'>rem</span> <span class='ocrx_word' id='word_1_134' title='bbox 757 1197 795 1235; x_wconf 91' lang='lat' dir='ltr'>et</span> <span class='ocrx_word' id='word_1_135' title='bbox 829 1195 1013 1249; x_wconf 75' lang='lat' dir='ltr'>graviter</span> <span class='ocrx_word' id='word_1_136' title='bbox 1046 1192 1298 1250; x_wconf 62' lang='lat' dir='ltr'>obligationi</span> <span class='ocrx_word' id='word_1_137' title='bbox 1331 1196 1441 1237; x_wconf 90' lang='lat' dir='ltr'>iuxta</span> <span class='ocrx_word' id='word_1_138' title='bbox 1475 1195 1503 1252; x_wconf 60' lang='grc' dir='ltr'><strong>ἓ</strong></span> <span class='ocrx_word' id='word_1_139' title='bbox 1538 1195 1555 1237; x_wconf 92' lang='lat'>1</span> <span class='ocrx_word' id='word_1_140' title='bbox 1600 1196 1703 1238; x_wconf 75' lang='lat' dir='ltr'>reci-</span> 
     </span>
     <span class='ocr_line' id='line_1_17' title="bbox 77 1261 1703 1321; baseline 0.003 -17"><span class='ocrx_word' id='word_1_141' title='bbox 77 1261 197 1305; x_wconf 79' lang='lat' dir='ltr'>tandi</span> <span class='ocrx_word' id='word_1_142' title='bbox 231 1261 357 1306; x_wconf 75' lang='lat' dir='ltr'>horas</span> <span class='ocrx_word' id='word_1_143' title='bbox 391 1263 630 1319; x_wconf 73' lang='lat' dir='ltr'>canonicas,</span> <span class='ocrx_word' id='word_1_144' title='bbox 665 1264 772 1307; x_wconf 94' lang='lat' dir='ltr'>unde</span> <span class='ocrx_word' id='word_1_145' title='bbox 813 1266 1017 1307; x_wconf 82' lang='lat' dir='ltr'>«tametsi</span> <span class='ocrx_word' id='word_1_146' title='bbox 1051 1264 1201 1321; x_wconf 82' lang='lat' dir='ltr'>aliquis</span> <span class='ocrx_word' id='word_1_147' title='bbox 1233 1265 1360 1308; x_wconf 84' lang='lat' dir='ltr'>choro</span> <span class='ocrx_word' id='word_1_148' title='bbox 1380 1266 1584 1321; x_wconf 90' lang='lat' dir='ltr'>addictus,</span> <span class='ocrx_word' id='word_1_149' title='bbox 1624 1280 1703 1309; x_wconf 93' lang='lat' dir='ltr'>non</span> 
     </span>
     <span class='ocr_line' id='line_1_18' title="bbox 78 1334 1704 1393; baseline 0.002 -17"><span class='ocrx_word' id='word_1_150' title='bbox 78 1336 269 1387; x_wconf 89' lang='lat' dir='ltr'>recitans,</span> <span class='ocrx_word' id='word_1_151' title='bbox 312 1334 504 1378; x_wconf 87' lang='lat' dir='ltr'>omnibus</span> <span class='ocrx_word' id='word_1_152' title='bbox 538 1335 648 1378; x_wconf 90' lang='lat' dir='ltr'>horis</span> <span class='ocrx_word' id='word_1_153' title='bbox 692 1337 902 1378; x_wconf 90' lang='lat' dir='ltr'>canonicis</span> <span class='ocrx_word' id='word_1_154' title='bbox 935 1348 1027 1378; x_wconf 89' lang='lat' dir='ltr'>cum</span> <span class='ocrx_word' id='word_1_155' title='bbox 1063 1336 1153 1379; x_wconf 89' lang='lat' dir='ltr'>aliis</span> <span class='ocrx_word' id='word_1_156' title='bbox 1188 1349 1384 1392; x_wconf 81' lang='lat' dir='ltr'>praesens</span> <span class='ocrx_word' id='word_1_157' title='bbox 1421 1337 1590 1393; x_wconf 83' lang='lat' dir='ltr'>adsit»,</span> <span class='ocrx_word' id='word_1_158' title='bbox 1623 1352 1704 1381; x_wconf 65' lang='lat' dir='ltr'>ozon</span> 
     </span>
     <span class='ocr_line' id='line_1_19' title="bbox 77 1404 1707 1463; baseline 0.003 -16"><span class='ocrx_word' id='word_1_159' title='bbox 77 1404 348 1462; x_wconf 73' lang='lat' dir='ltr'>satisfecerit,</span> <span class='ocrx_word' id='word_1_160' title='bbox 379 1404 546 1463; x_wconf 76' lang='lat' dir='ltr'>fruc-lus</span> <span class='ocrx_word' id='word_1_161' title='bbox 581 1405 770 1449; x_wconf 88' lang='lat' dir='ltr'>henelicii</span> <span class='ocrx_word' id='word_1_162' title='bbox 811 1408 977 1449; x_wconf 77' lang='lat' dir='ltr'>«etiam</span> <span class='ocrx_word' id='word_1_163' title='bbox 1014 1412 1178 1463; x_wconf 86' lang='lat' dir='ltr'>praeter</span> <span class='ocrx_word' id='word_1_164' title='bbox 1212 1408 1418 1451; x_wconf 78' lang='lat' dir='ltr'>fructuum</span> <span class='ocrx_word' id='word_1_165' title='bbox 1454 1413 1493 1451; x_wconf 89' lang='lat' dir='ltr'>et</span> <span class='ocrx_word' id='word_1_166' title='bbox 1516 1408 1707 1452; x_wconf 87' lang='lat' dir='ltr'>distribu-</span> 
     </span>
     <span class='ocr_line' id='line_1_20' title="bbox 78 1477 1703 1534; baseline 0.001 -17"><span class='ocrx_word' id='word_1_167' title='bbox 78 1479 233 1519; x_wconf 87' lang='lat' dir='ltr'>tionum</span> <span class='ocrx_word' id='word_1_168' title='bbox 254 1478 554 1519; x_wconf 81' lang='lat' dir='ltr'>amissionem»</span> <span class='ocrx_word' id='word_1_169' title='bbox 576 1490 654 1534; x_wconf 76' lang='lat' dir='ltr'>pro</span> <span class='ocrx_word' id='word_1_170' title='bbox 676 1482 775 1519; x_wconf 75' lang='lat' dir='ltr'>rota</span> <span class='ocrx_word' id='word_1_171' title='bbox 799 1477 1041 1520; x_wconf 69' lang='lat' dir='ltr'>omissionis</span> <span class='ocrx_word' id='word_1_172' title='bbox 1065 1480 1177 1520; x_wconf 87' lang='lat' dir='ltr'>iuxta</span> <span class='ocrx_word' id='word_1_173' title='bbox 1199 1478 1573 1524; x_wconf 88' lang='lat' dir='ltr'>declarationemS.</span> <span class='ocrx_word' id='word_1_174' title='bbox 1597 1480 1651 1522; x_wconf 86' lang='lat' dir='ltr'>Pii</span> <span class='ocrx_word' id='word_1_175' title='bbox 1676 1479 1703 1519; x_wconf 90' lang='lat' dir='ltr'>V</span> 
     </span>
     <span class='ocr_line' id='line_1_21' title="bbox 79 1546 1706 1607; baseline 0.004 -19"><span class='ocrx_word' id='word_1_176' title='bbox 79 1561 156 1589; x_wconf 77' lang='lat' dir='ltr'>non</span> <span class='ocrx_word' id='word_1_177' title='bbox 192 1546 296 1603; x_wconf 70' lang='lat' dir='ltr'>soei!</span> <span class='ocrx_word' id='word_1_178' title='bbox 330 1561 441 1603; x_wconf 73' lang='lat' dir='ltr'>suos,</span> <span class='ocrx_word' id='word_1_179' title='bbox 477 1547 603 1590; x_wconf 73' lang='lat' dir='ltr'>veluti</span> <span class='ocrx_word' id='word_1_180' title='bbox 637 1548 856 1591; x_wconf 85' lang='lat' dir='ltr'>deliciente</span> <span class='ocrx_word' id='word_1_181' title='bbox 880 1548 1116 1592; x_wconf 91' lang='lat' dir='ltr'>conditione</span> <span class='ocrx_word' id='word_1_182' title='bbox 1136 1548 1258 1592; x_wconf 90' lang='lat' dir='ltr'>huius</span> <span class='ocrx_word' id='word_1_183' title='bbox 1278 1552 1552 1607; x_wconf 90' lang='lat' dir='ltr'>perceptionis</span> <span class='ocrx_word' id='word_1_184' title='bbox 1576 1553 1706 1594; x_wconf 90' lang='lat' dir='ltr'>iustae</span> 
     </span>
     <span class='ocr_line' id='line_1_22' title="bbox 78 1617 1703 1676; baseline 0.003 -17"><span class='ocrx_word' id='word_1_185' title='bbox 78 1617 343 1674; x_wconf 82' lang='lat' dir='ltr'>intelligenda</span> <span class='ocrx_word' id='word_1_186' title='bbox 386 1618 436 1661; x_wconf 91' lang='lat' dir='ltr'>de</span> <span class='ocrx_word' id='word_1_187' title='bbox 479 1618 684 1674; x_wconf 90' lang='lat' dir='ltr'>personali</span> <span class='ocrx_word' id='word_1_188' title='bbox 731 1620 973 1662; x_wconf 84' lang='lat' dir='ltr'>recitatione</span> <span class='ocrx_word' id='word_1_189' title='bbox 1016 1618 1068 1662; x_wconf 82' lang='lat' dir='ltr'>ol)</span> <span class='ocrx_word' id='word_1_190' title='bbox 1113 1626 1258 1676; x_wconf 80' lang='lat' dir='ltr'>p1·op.¹¹²</span> <span class='ocrx_word' id='word_1_191' title='bbox 1301 1620 1540 1664; x_wconf 84' lang='lat' dir='ltr'>damnatam</span> <span class='ocrx_word' id='word_1_192' title='bbox 1582 1622 1703 1664; x_wconf 66' lang='lat'>212:</span> 
     </span>
     <span class='ocr_line' id='line_1_23' title="bbox 82 1687 1706 1747; baseline 0.005 -19"><span class='ocrx_word' id='word_1_193' title='bbox 82 1704 101 1728; x_wconf 77' lang='lat'>«</span> <span class='ocrx_word' id='word_1_194' title='bbox 125 1687 292 1731; x_wconf 87' lang='lat' dir='ltr'>Habens</span> <span class='ocrx_word' id='word_1_195' title='bbox 324 1688 595 1744; x_wconf 78' lang='lat' dir='ltr'>capellaniam</span> <span class='ocrx_word' id='word_1_196' title='bbox 632 1689 888 1742; x_wconf 77' lang='lat' dir='ltr'>collativam,</span> <span class='ocrx_word' id='word_1_197' title='bbox 921 1694 991 1732; x_wconf 87' lang='lat' dir='ltr'>aut</span> <span class='ocrx_word' id='word_1_198' title='bbox 1023 1690 1202 1747; x_wconf 76' lang='lat' dir='ltr'>quodvis</span> <span class='ocrx_word' id='word_1_199' title='bbox 1235 1690 1345 1734; x_wconf 90' lang='lat' dir='ltr'>aliud</span> <span class='ocrx_word' id='word_1_200' title='bbox 1373 1691 1620 1735; x_wconf 84' lang='lat' dir='ltr'>heneticium</span> <span class='ocrx_word' id='word_1_201' title='bbox 1645 1706 1706 1736; x_wconf 91' lang='lat' dir='ltr'>ec-</span> 
     </span>
     <span class='ocr_line' id='line_1_24' title="bbox 76 1758 1705 1819; baseline 0.002 -18"><span class='ocrx_word' id='word_1_202' title='bbox 76 1758 366 1814; x_wconf 89' lang='lat' dir='ltr'>clesiasticum,</span> <span class='ocrx_word' id='word_1_203' title='bbox 402 1761 434 1802; x_wconf 91' lang='lat' dir='ltr'>si</span> <span class='ocrx_word' id='word_1_204' title='bbox 467 1760 604 1802; x_wconf 88' lang='lat' dir='ltr'>studio</span> <span class='ocrx_word' id='word_1_205' title='bbox 639 1760 868 1803; x_wconf 88' lang='lat' dir='ltr'>litterarum</span> <span class='ocrx_word' id='word_1_206' title='bbox 909 1766 1039 1816; x_wconf 83' lang='lat' dir='ltr'>vacet,</span> <span class='ocrx_word' id='word_1_207' title='bbox 1074 1762 1274 1805; x_wconf 87' lang='lat' dir='ltr'>satisfacit</span> <span class='ocrx_word' id='word_1_208' title='bbox 1317 1774 1416 1805; x_wconf 88' lang='lat' dir='ltr'>suae</span> <span class='ocrx_word' id='word_1_209' title='bbox 1450 1761 1705 1819; x_wconf 79' lang='lat' dir='ltr'>obligationi,</span> 
     </span>
     <span class='ocr_line' id='line_1_25' title="bbox 75 1830 781 1886; baseline 0.001 -13"><span class='ocrx_word' id='word_1_210' title='bbox 75 1832 106 1873; x_wconf 89' lang='lat' dir='ltr'>si</span> <span class='ocrx_word' id='word_1_211' title='bbox 126 1830 306 1873; x_wconf 84' lang='lat' dir='ltr'>officium</span> <span class='ocrx_word' id='word_1_212' title='bbox 328 1843 400 1886; x_wconf 91' lang='lat' dir='ltr'>per</span> <span class='ocrx_word' id='word_1_213' title='bbox 418 1830 543 1873; x_wconf 90' lang='lat' dir='ltr'>alium</span> <span class='ocrx_word' id='word_1_214' title='bbox 580 1834 725 1875; x_wconf 85' lang='lat' dir='ltr'>recitet</span> <span class='ocrx_word' id='word_1_215' title='bbox 745 1848 781 1874; x_wconf 82' lang='lat'>›).</span> 
     </span>
    </p>

    <p class='ocr_par' dir='ltr' id='par_1_5' title="bbox 78 1899 1708 2088">
     <span class='ocr_line' id='line_1_26' title="bbox 199 1899 1708 1961; baseline 0.006 -20"><span class='ocrx_word' id='word_1_216' title='bbox 199 1917 220 1941; x_wconf 87' lang='lat'>«</span> <span class='ocrx_word' id='word_1_217' title='bbox 244 1899 558 1956; x_wconf 81' lang='lat' dir='ltr'>Verumtamen,</span> <span class='ocrx_word' id='word_1_218' title='bbox 582 1908 626 1945; x_wconf 92' lang='lat' dir='ltr'>ut</span> <span class='ocrx_word' id='word_1_219' title='bbox 649 1905 704 1946; x_wconf 92' lang='lat' dir='ltr'>ait</span> <span class='ocrx_word' id='word_1_220' title='bbox 731 1903 824 1946; x_wconf 80' lang='lat' dir='ltr'>Plus</span> <span class='ocrx_word' id='word_1_221' title='bbox 847 1903 874 1944; x_wconf 94' lang='lat' dir='ltr'>V</span> <span class='ocrx_word' id='word_1_222' title='bbox 900 1906 939 1946; x_wconf 94' lang='lat' dir='ltr'>in</span> <span class='ocrx_word' id='word_1_223' title='bbox 975 1910 1104 1948; x_wconf 91' lang='lat' dir='ltr'>const.</span> <span class='ocrx_word' id='word_1_224' title='bbox 1143 1921 1162 1945; x_wconf 74' lang='lat'>«</span> <span class='ocrx_word' id='word_1_225' title='bbox 1187 1905 1246 1948; x_wconf 85' lang='lat' dir='ltr'>Ex</span> <span class='ocrx_word' id='word_1_226' title='bbox 1281 1908 1471 1961; x_wconf 89' lang='lat' dir='ltr'>proximo</span> <span class='ocrx_word' id='word_1_227' title='bbox 1494 1921 1515 1947; x_wconf 80' lang='lat'>»</span> <span class='ocrx_word' id='word_1_228' title='bbox 1545 1907 1573 1960; x_wconf 76' lang='lat'>³,</span> <span class='ocrx_word' id='word_1_229' title='bbox 1609 1907 1708 1950; x_wconf 90' lang='lat' dir='ltr'>mul-</span> 
     </span>
     <span class='ocr_line' id='line_1_27' title="bbox 78 1974 1707 2033; baseline 0.004 -19"><span class='ocrx_word' id='word_1_230' title='bbox 78 1977 210 2015; x_wconf 91' lang='lat' dir='ltr'>torum</span> <span class='ocrx_word' id='word_1_231' title='bbox 255 1974 380 2015; x_wconf 86' lang='lat' dir='ltr'>animi</span> <span class='ocrx_word' id='word_1_232' title='bbox 424 1975 694 2028; x_wconf 75' lang='lat' dir='ltr'>suspensione</span> <span class='ocrx_word' id='word_1_233' title='bbox 739 1975 999 2028; x_wconf 77' lang='lat' dir='ltr'>tenebantur,</span> <span class='ocrx_word' id='word_1_234' title='bbox 1044 1976 1276 2019; x_wconf 88' lang='lat' dir='ltr'>cuiusmodi</span> <span class='ocrx_word' id='word_1_235' title='bbox 1323 1981 1435 2020; x_wconf 89' lang='lat' dir='ltr'>ratae</span> <span class='ocrx_word' id='word_1_236' title='bbox 1470 1978 1707 2033; x_wconf 85' lang='lat' dir='ltr'>praedictae</span> 
     </span>
     <span class='ocr_line' id='line_1_28' title="bbox 79 2042 552 2088; baseline 0.006 -3"><span class='ocrx_word' id='word_1_237' title='bbox 79 2045 181 2086; x_wconf 87' lang='lat' dir='ltr'>ratio</span> <span class='ocrx_word' id='word_1_238' title='bbox 214 2045 265 2085; x_wconf 88' lang='lat' dir='ltr'>sit</span> <span class='ocrx_word' id='word_1_239' title='bbox 299 2042 488 2086; x_wconf 86' lang='lat' dir='ltr'>habenda</span> <span class='ocrx_word' id='word_1_240' title='bbox 513 2059 552 2088; x_wconf 81' lang='grc'>)&gt;.</span> 
     </span>
    </p>

    <p class='ocr_par' dir='ltr' id='par_1_6' title="bbox 76 2114 1711 2813">
     <span class='ocr_line' id='line_1_29' title="bbox 195 2114 1708 2176; baseline 0.004 -19"><span class='ocrx_word' id='word_1_241' title='bbox 195 2114 331 2172; x_wconf 85' lang='lat' dir='ltr'>Atque</span> <span class='ocrx_word' id='word_1_242' title='bbox 370 2117 567 2169; x_wconf 84' lang='lat' dir='ltr'>«statuit,</span> <span class='ocrx_word' id='word_1_243' title='bbox 604 2120 645 2158; x_wconf 92' lang='lat' dir='ltr'>ut</span> <span class='ocrx_word' id='word_1_244' title='bbox 678 2119 746 2172; x_wconf 80' lang='lat' dir='ltr'>qui</span> <span class='ocrx_word' id='word_1_245' title='bbox 783 2116 905 2160; x_wconf 85' lang='lat' dir='ltr'>horas</span> <span class='ocrx_word' id='word_1_246' title='bbox 938 2131 1081 2161; x_wconf 87' lang='lat' dir='ltr'>omnes</span> <span class='ocrx_word' id='word_1_247' title='bbox 1115 2120 1335 2161; x_wconf 90' lang='lat' dir='ltr'>canonicas</span> <span class='ocrx_word' id='word_1_248' title='bbox 1370 2132 1449 2162; x_wconf 91' lang='lat' dir='ltr'>uno</span> <span class='ocrx_word' id='word_1_249' title='bbox 1485 2119 1548 2163; x_wconf 81' lang='lat' dir='ltr'>vel</span> <span class='ocrx_word' id='word_1_250' title='bbox 1586 2120 1708 2176; x_wconf 92' lang='lat' dir='ltr'>pluri-</span> 
     </span>
     <span class='ocr_line' id='line_1_30' title="bbox 81 2184 1707 2241; baseline 0.005 -14"><span class='ocrx_word' id='word_1_251' title='bbox 81 2184 154 2228; x_wconf 82' lang='lat' dir='ltr'>bus</span> <span class='ocrx_word' id='word_1_252' title='bbox 193 2184 341 2228; x_wconf 88' lang='lat' dir='ltr'>diebus</span> <span class='ocrx_word' id='word_1_253' title='bbox 391 2188 701 2241; x_wconf 88' lang='lat' dir='ltr'>intermiserint,</span> <span class='ocrx_word' id='word_1_254' title='bbox 751 2201 895 2231; x_wconf 90' lang='lat' dir='ltr'>omnes</span> <span class='ocrx_word' id='word_1_255' title='bbox 943 2188 1132 2232; x_wconf 84' lang='lat' dir='ltr'>beneticii</span> <span class='ocrx_word' id='word_1_256' title='bbox 1168 2203 1239 2232; x_wconf 88' lang='lat' dir='ltr'>seu</span> <span class='ocrx_word' id='word_1_257' title='bbox 1283 2189 1580 2234; x_wconf 85' lang='lat' dir='ltr'>beneticiorum</span> <span class='ocrx_word' id='word_1_258' title='bbox 1615 2205 1707 2235; x_wconf 91' lang='lat' dir='ltr'>suo-</span> 
     </span>
     <span class='ocr_line' id='line_1_31' title="bbox 81 2251 1706 2319; baseline 0.005 -22"><span class='ocrx_word' id='word_1_259' title='bbox 81 2269 168 2298; x_wconf 90' lang='lat' dir='ltr'>rum</span> <span class='ocrx_word' id='word_1_260' title='bbox 204 2257 374 2313; x_wconf 84' lang='lat' dir='ltr'>fructus,</span> <span class='ocrx_word' id='word_1_261' title='bbox 408 2259 476 2313; x_wconf 77' lang='lat' dir='ltr'>qui</span> <span class='ocrx_word' id='word_1_262' title='bbox 513 2257 568 2299; x_wconf 93' lang='lat' dir='ltr'>illi</span> <span class='ocrx_word' id='word_1_263' title='bbox 607 2257 668 2300; x_wconf 82' lang='lat' dir='ltr'>vel</span> <span class='ocrx_word' id='word_1_264' title='bbox 707 2257 785 2301; x_wconf 90' lang='lat' dir='ltr'>illis</span> <span class='ocrx_word' id='word_1_265' title='bbox 818 2258 965 2302; x_wconf 87' lang='lat' dir='ltr'>diebus</span> <span class='ocrx_word' id='word_1_266' title='bbox 986 2251 1317 2316; x_wconf 49' lang='lat' dir='ltr'>‘responderenh</span> <span class='ocrx_word' id='word_1_267' title='bbox 1341 2263 1372 2303; x_wconf 92' lang='lat' dir='ltr'>si</span> <span class='ocrx_word' id='word_1_268' title='bbox 1393 2261 1578 2319; x_wconf 84' lang='lat' dir='ltr'>quotidie</span> <span class='ocrx_word' id='word_1_269' title='bbox 1602 2262 1706 2305; x_wconf 74' lang='lat' dir='ltr'>uivi-</span> 
     </span>
     <span class='ocr_line' id='line_1_32' title="bbox 79 2326 1709 2388; baseline 0.005 -20"><span class='ocrx_word' id='word_1_270' title='bbox 79 2326 299 2381; x_wconf 86' lang='lat' dir='ltr'>derentur;</span> <span class='ocrx_word' id='word_1_271' title='bbox 334 2329 402 2384; x_wconf 85' lang='lat' dir='ltr'>qui</span> <span class='ocrx_word' id='word_1_272' title='bbox 431 2340 528 2371; x_wconf 81' lang='lat' dir='ltr'>vero</span> <span class='ocrx_word' id='word_1_273' title='bbox 554 2330 799 2371; x_wconf 88' lang='lat' dir='ltr'>matutinum</span> <span class='ocrx_word' id='word_1_274' title='bbox 822 2334 996 2384; x_wconf 90' lang='lat' dir='ltr'>tantum,</span> <span class='ocrx_word' id='word_1_275' title='bbox 1016 2331 1230 2374; x_wconf 87' lang='lat' dir='ltr'>dimidiam</span> <span class='ocrx_word' id='word_1_276' title='bbox 1253 2350 1261 2385; x_wconf 62' lang='grc' dir='ltr'><strong>ς</strong></span> <span class='ocrx_word' id='word_1_277' title='bbox 1297 2334 1364 2388; x_wconf 78' lang='lat' dir='ltr'>qui</span> <span class='ocrx_word' id='word_1_278' title='bbox 1384 2337 1544 2376; x_wconf 90' lang='lat' dir='ltr'>ceteras</span> <span class='ocrx_word' id='word_1_279' title='bbox 1566 2346 1709 2377; x_wconf 89' lang='lat' dir='ltr'>omnes</span> 
     </span>
     <span class='ocr_line' id='line_1_33' title="bbox 81 2396 1707 2459; baseline 0.006 -21"><span class='ocrx_word' id='word_1_280' title='bbox 81 2396 214 2450; x_wconf 87' lang='lat' dir='ltr'>horas,</span> <span class='ocrx_word' id='word_1_281' title='bbox 248 2397 370 2441; x_wconf 90' lang='lat' dir='ltr'>aliam</span> <span class='ocrx_word' id='word_1_282' title='bbox 415 2399 660 2442; x_wconf 87' lang='lat' dir='ltr'>dimidiam:</span> <span class='ocrx_word' id='word_1_283' title='bbox 705 2403 773 2457; x_wconf 81' lang='lat' dir='ltr'>qui</span> <span class='ocrx_word' id='word_1_284' title='bbox 811 2399 956 2444; x_wconf 90' lang='lat' dir='ltr'>harum</span> <span class='ocrx_word' id='word_1_285' title='bbox 992 2401 1188 2458; x_wconf 79' lang='lat' dir='ltr'>singulas,</span> <span class='ocrx_word' id='word_1_286' title='bbox 1228 2407 1386 2445; x_wconf 84' lang='lat' dir='ltr'>sextam</span> <span class='ocrx_word' id='word_1_287' title='bbox 1428 2408 1584 2459; x_wconf 91' lang='lat' dir='ltr'>partem</span> <span class='ocrx_word' id='word_1_288' title='bbox 1624 2405 1707 2447; x_wconf 89' lang='lat' dir='ltr'>t&#39;ru-</span> 
     </span>
     <span class='ocr_line' id='line_1_34' title="bbox 79 2467 1708 2530; baseline 0.005 -21"><span class='ocrx_word' id='word_1_289' title='bbox 79 2472 219 2510; x_wconf 81' lang='lat' dir='ltr'>ctuum</span> <span class='ocrx_word' id='word_1_290' title='bbox 253 2470 341 2511; x_wconf 87' lang='lat' dir='ltr'>eius</span> <span class='ocrx_word' id='word_1_291' title='bbox 374 2469 454 2511; x_wconf 91' lang='lat' dir='ltr'>diei</span> <span class='ocrx_word' id='word_1_292' title='bbox 490 2471 652 2513; x_wconf 87' lang='lat' dir='ltr'>amittat</span> <span class='ocrx_word' id='word_1_293' title='bbox 676 2486 713 2512; x_wconf 85' lang='lat'>».</span> <span class='ocrx_word' id='word_1_294' title='bbox 749 2467 814 2514; x_wconf 90' lang='lat' dir='ltr'>Ob</span> <span class='ocrx_word' id='word_1_295' title='bbox 837 2472 1062 2515; x_wconf 75' lang='lat' dir='ltr'>secundani</span> <span class='ocrx_word' id='word_1_296' title='bbox 1089 2478 1235 2516; x_wconf 86' lang='lat' dir='ltr'>const.⁵</span> <span class='ocrx_word' id='word_1_297' title='bbox 1259 2473 1444 2517; x_wconf 86' lang='lat' dir='ltr'>eiusdem</span> <span class='ocrx_word' id='word_1_298' title='bbox 1472 2479 1627 2530; x_wconf 83' lang='lat' dir='ltr'>partem</span> <span class='ocrx_word' id='word_1_299' title='bbox 1647 2488 1708 2517; x_wconf 85' lang='lat' dir='ltr'>se-</span> 
     </span>
     <span class='ocr_line' id='line_1_35' title="bbox 77 2537 1711 2597; baseline 0.004 -18"><span class='ocrx_word' id='word_1_300' title='bbox 77 2540 146 2594; x_wconf 74' lang='lat' dir='ltr'>qui</span> <span class='ocrx_word' id='word_1_301' title='bbox 181 2537 383 2582; x_wconf 76' lang='lat' dir='ltr'>absilubio</span> <span class='ocrx_word' id='word_1_302' title='bbox 420 2540 586 2583; x_wconf 73' lang='lat' dir='ltr'>videtur</span> <span class='ocrx_word' id='word_1_303' title='bbox 620 2540 696 2584; x_wconf 86' lang='lat' dir='ltr'>hac</span> <span class='ocrx_word' id='word_1_304' title='bbox 731 2541 983 2597; x_wconf 82' lang='lat' dir='ltr'>obligatione</span> <span class='ocrx_word' id='word_1_305' title='bbox 1017 2544 1217 2586; x_wconf 88' lang='lat' dir='ltr'>recitandi</span> <span class='ocrx_word' id='word_1_306' title='bbox 1244 2556 1291 2587; x_wconf 92' lang='lat' dir='ltr'>ac</span> <span class='ocrx_word' id='word_1_307' title='bbox 1312 2546 1581 2587; x_wconf 84' lang='lat' dir='ltr'>restitutionis</span> <span class='ocrx_word' id='word_1_308' title='bbox 1604 2558 1711 2588; x_wconf 86' lang='lat' dir='ltr'>com-</span> 
     </span>
     <span class='ocr_line' id='line_1_36' title="bbox 79 2608 1710 2670; baseline 0.005 -20"><span class='ocrx_word' id='word_1_309' title='bbox 79 2608 290 2664; x_wconf 85' lang='lat' dir='ltr'>prehendi,</span> <span class='ocrx_word' id='word_1_310' title='bbox 326 2609 393 2666; x_wconf 89' lang='lat' dir='ltr'>(ex</span> <span class='ocrx_word' id='word_1_311' title='bbox 429 2623 587 2654; x_wconf 90' lang='lat' dir='ltr'>canone</span> <span class='ocrx_word' id='word_1_312' title='bbox 619 2616 757 2654; x_wconf 90' lang='lat' dir='ltr'>autem</span> <span class='ocrx_word' id='word_1_313' title='bbox 783 2617 844 2655; x_wconf 88' lang='lat' dir='ltr'>est</span> <span class='ocrx_word' id='word_1_314' title='bbox 867 2613 1014 2670; x_wconf 87' lang='lat' dir='ltr'>certa),</span> <span class='ocrx_word' id='word_1_315' title='bbox 1051 2613 1141 2657; x_wconf 87' lang='lat' dir='ltr'>illos</span> <span class='ocrx_word' id='word_1_316' title='bbox 1163 2615 1402 2657; x_wconf 84' lang='lat' dir='ltr'>sacerdotes</span> <span class='ocrx_word' id='word_1_317' title='bbox 1424 2627 1472 2658; x_wconf 93' lang='lat' dir='ltr'>ac</span> <span class='ocrx_word' id='word_1_318' title='bbox 1503 2617 1710 2659; x_wconf 87' lang='lat' dir='ltr'>ministros</span> 
     </span>
     <span class='ocr_line' id='line_1_37' title="bbox 77 2679 1707 2742; baseline 0.004 -20"><span class='ocrx_word' id='word_1_319' title='bbox 77 2679 274 2724; x_wconf 87' lang='lat' dir='ltr'>habentes</span> <span class='ocrx_word' id='word_1_320' title='bbox 309 2681 545 2736; x_wconf 84' lang='lat' dir='ltr'>parochiam</span> <span class='ocrx_word' id='word_1_321' title='bbox 584 2682 646 2725; x_wconf 88' lang='lat' dir='ltr'>vel</span> <span class='ocrx_word' id='word_1_322' title='bbox 681 2685 898 2726; x_wconf 86' lang='lat' dir='ltr'>stationem</span> <span class='ocrx_word' id='word_1_323' title='bbox 935 2684 1002 2728; x_wconf 88' lang='lat' dir='ltr'>ubi</span> <span class='ocrx_word' id='word_1_324' title='bbox 1038 2690 1236 2729; x_wconf 84' lang='lat' dir='ltr'>exercent</span> <span class='ocrx_word' id='word_1_325' title='bbox 1260 2698 1401 2729; x_wconf 89' lang='lat' dir='ltr'>curam</span> <span class='ocrx_word' id='word_1_326' title='bbox 1427 2699 1521 2729; x_wconf 85' lang='lat' dir='ltr'>cum</span> <span class='ocrx_word' id='word_1_327' title='bbox 1555 2689 1707 2742; x_wconf 88' lang='lat' dir='ltr'>stipen-</span> 
     </span>
     <span class='ocr_line' id='line_1_38' title="bbox 76 2751 1710 2813; baseline 0.005 -20"><span class='ocrx_word' id='word_1_328' title='bbox 76 2751 158 2805; x_wconf 88' lang='lat' dir='ltr'>dio,</span> <span class='ocrx_word' id='word_1_329' title='bbox 192 2753 386 2808; x_wconf 80' lang='lat' dir='ltr'>quamvis</span> <span class='ocrx_word' id='word_1_330' title='bbox 419 2756 505 2795; x_wconf 90' lang='lat' dir='ltr'>rata</span> <span class='ocrx_word' id='word_1_331' title='bbox 543 2753 756 2808; x_wconf 86' lang='lat' dir='ltr'>praedicta</span> <span class='ocrx_word' id='word_1_332' title='bbox 795 2767 888 2797; x_wconf 87' lang='lat' dir='ltr'>«ex</span> <span class='ocrx_word' id='word_1_333' title='bbox 927 2758 1105 2812; x_wconf 90' lang='lat' dir='ltr'>receptis</span> <span class='ocrx_word' id='word_1_334' title='bbox 1145 2756 1252 2812; x_wconf 89' lang='lat' dir='ltr'>apud</span> <span class='ocrx_word' id='word_1_335' title='bbox 1290 2756 1484 2813; x_wconf 85' lang='lat' dir='ltr'>probatos</span> <span class='ocrx_word' id='word_1_336' title='bbox 1521 2762 1710 2801; x_wconf 88' lang='lat' dir='ltr'>auctores</span> 
     </span>
    </p>
   </div>
   <div class='ocr_carea' id='block_1_4' title="bbox 78 2855 1705 2952">
    <p class='ocr_par' dir='ltr' id='par_1_7' title="bbox 78 2855 1705 2952">
     <span class='ocr_line' id='line_1_39' title="bbox 194 2855 1705 2907; baseline 0.005 -19"><span class='ocrx_word' id='word_1_337' title='bbox 194 2857 204 2878; x_wconf 82' lang='lat'>1</span> <span class='ocrx_word' id='word_1_338' title='bbox 232 2857 253 2890; x_wconf 81' lang='lat'>5</span> <span class='ocrx_word' id='word_1_339' title='bbox 279 2855 374 2890; x_wconf 79' lang='lat' dir='ltr'>Maii</span> <span class='ocrx_word' id='word_1_340' title='bbox 403 2856 506 2897; x_wconf 82' lang='lat'>1514,</span> <span class='ocrx_word' id='word_1_341' title='bbox 535 2860 554 2898; x_wconf 64' lang='grc' dir='ltr'>ξ</span> <span class='ocrx_word' id='word_1_342' title='bbox 580 2857 626 2891; x_wconf 82' lang='grc'>38</span> <span class='ocrx_word' id='word_1_343' title='bbox 653 2858 693 2891; x_wconf 90' lang='lat' dir='ltr'>in</span> <span class='ocrx_word' id='word_1_344' title='bbox 721 2857 836 2893; x_wconf 84' lang='lat' dir='ltr'>Cone.</span> <span class='ocrx_word' id='word_1_345' title='bbox 866 2859 995 2894; x_wconf 73' lang='lat' dir='ltr'>Later.</span> <span class='ocrx_word' id='word_1_346' title='bbox 1022 2860 1067 2894; x_wconf 81' lang='lat' dir='ltr'>V.</span> <span class='ocrx_word' id='word_1_347' title='bbox 1102 2881 1144 2887; x_wconf 94' lang='lat'><strong>—</strong></span> <span class='ocrx_word' id='word_1_348' title='bbox 1172 2861 1185 2882; x_wconf 73' lang='lat'><em>2</em></span> <span class='ocrx_word' id='word_1_349' title='bbox 1212 2861 1304 2895; x_wconf 87' lang='lat' dir='ltr'>Dec.</span> <span class='ocrx_word' id='word_1_350' title='bbox 1328 2861 1351 2895; x_wconf 90' lang='lat' dir='ltr'>S</span> <span class='ocrx_word' id='word_1_351' title='bbox 1373 2860 1513 2896; x_wconf 82' lang='lat' dir='ltr'>Officii.</span> <span class='ocrx_word' id='word_1_352' title='bbox 1535 2862 1580 2895; x_wconf 83' lang='lat'>24</span> <span class='ocrx_word' id='word_1_353' title='bbox 1599 2861 1705 2907; x_wconf 86' lang='lat' dir='ltr'>Sept.</span> 
     </span>
     <span class='ocr_line' id='line_1_40' title="bbox 78 2903 1090 2952; baseline 0.005 -15"><span class='ocrx_word' id='word_1_354' title='bbox 78 2903 182 2938; x_wconf 75' lang='lat'><strong>1665.</strong></span> <span class='ocrx_word' id='word_1_355' title='bbox 211 2903 449 2948; x_wconf 85' lang='lat' dir='ltr'>Denzinger:</span> <span class='ocrx_word' id='word_1_356' title='bbox 478 2915 517 2937; x_wconf 92' lang='lat' dir='ltr'>n.</span> <span class='ocrx_word' id='word_1_357' title='bbox 542 2905 644 2938; x_wconf 78' lang='lat'>1121.</span> <span class='ocrx_word' id='word_1_358' title='bbox 673 2925 712 2930; x_wconf 92' lang='lat'>—</span> <span class='ocrx_word' id='word_1_359' title='bbox 741 2905 755 2927; x_wconf 82' lang='grc'><strong>3</strong></span> <span class='ocrx_word' id='word_1_360' title='bbox 780 2906 826 2939; x_wconf 76' lang='grc'>20</span> <span class='ocrx_word' id='word_1_361' title='bbox 853 2906 958 2952; x_wconf 77' lang='lat' dir='ltr'>Sept.</span> <span class='ocrx_word' id='word_1_362' title='bbox 988 2908 1090 2942; x_wconf 75' lang='lat'>1571.</span> 
     </span>
    </p>
   </div>
  </div>
 </body>
</html>
