1965 3240
639 189 721 224 ΤιΤ.
749 190 856 224 XXI.
884 210 896 214 -
923 190 979 225 De
1004 192 1237 225 *S'eminariis
1679 194 1748 226 ‘255

245 310 256 331 ¹
288 324 306 349 «
331 308 410 363 Qui
445 309 614 366 quidem
640 309 928 365 (sacerdotes),
955 308 1022 352 ubi
1049 314 1253 352 maturum
1287 316 1447 367 tempus
1470 325 1558 354 esse
1594 312 1746 355 iudica-

128 382 275 434 verint,
308 393 404 422 suos
433 379 623 423 alumnos
665 379 891 423 studebunt
932 392 1050 422 sacro
1093 379 1215 422 alicui
1256 384 1477 424 seminario
1512 383 1673 425 tradere
1709 384 1746 424 in

123 450 403 507 disciplinam,
438 456 479 493 ut
515 453 551 493 in
586 453 645 494 eis
677 450 786 508 quod
822 452 896 506 ipsi
922 449 1222 503 inchoaverint,
1250 453 1324 494 rite
1350 454 1599 507 perficiatur.
1629 454 1746 507 Quod

124 525 157 565 si
191 521 288 564 huic
322 523 378 564 rei
416 523 594 565 tenuitas
636 520 1041 565 adolescentulorum
1088 522 1207 563 suerit
1243 522 1551 577 impedimento,
1585 536 1658 566 nec
1691 538 1750 566 sa-

122 592 314 636 cerdotes
356 596 546 648 sumptus
587 592 854 649 suppeditare
888 593 961 648 ipsi
999 593 1166 647 possint,
1213 592 1411 635 bonorum
1453 595 1611 635 animos
1643 597 1749 637 exci-

55 699 58 703 .
126 667 210 706 tent
242 662 291 706 ad
326 662 673 717 succurrendum,
709 664 915 719 proposita
951 664 1008 705 rei
1043 667 1127 705 tum
1163 665 1392 716 sanctitate,
1429 669 1511 705 tum
1547 667 1667 706 etiam
1695 667 1749 707 in-

122 732 546 777 credibiliutilitate.
590 731 682 785 Quo
727 732 815 776 loco
859 734 994 776 lacere
1038 745 1117 775 non
1165 746 1382 788 possumus
1424 736 1520 790 quin
1558 747 1749 789 rogemus

123 817 280 858 omnes,
316 806 569 861 quicumque
601 803 830 847 Ecclesiam
865 803 1055 859 diligunt,
1093 808 1134 846 ut
1158 802 1256 845 illud
1298 802 1456 859 «Opus
1488 807 1746 846 stu-alionum

124 875 547 919 ecclesiasticarum»
587 876 712 932 quod,
748 877 886 931 pueris
919 876 1004 931 spei
1041 873 1171 918 bonae
1205 879 1242 917 et
1277 874 1386 917 domi
1422 880 1458 917 et
1493 876 1598 930 apud
1637 875 1750 917 l’aro-

122 945 223 990 chos
256 950 295 989 et
334 947 438 989 intra
482 946 807 989 Seminariorum
853 949 992 1001 saepta
1037 944 1182 988 sedulo
1225 944 1489 997 adunandis,
1531 944 1750 988 salubriter

125 1019 357 1060 institutum
391 1021 466 1070 est,
499 1018 609 1059 omni
644 1018 809 1060 foveant
841 1017 977 1060 studio
1009 1020 1133 1073 atque
1168 1021 1499 1072 promoveant».

244 1088 568 1134 ⁶236.·Erectio
601 1090 990 1134 seminat-iorum.
1025 1086 1232 1143 Imprimis
1270 1089 1306 1130 S.
1331 1087 1524 1144 Synodus
1547 1087 1640 1144 (loc.
1666 1090 1731 1131 cit.

126 1162 325 1204 rationem
361 1173 432 1203 seu
468 1160 591 1203 tinem
627 1159 766 1216 pandit
799 1172 880 1216 quo
915 1163 1024 1202 mota
1058 1159 1131 1202 tuit
1163 1159 1211 1202 ad
1248 1158 1380 1215 legem
1425 1158 1476 1201 de
1509 1160 1750 1201 seminario-

125 1244 215 1274 rum
250 1232 459 1274 erectione
503 1230 730 1275 ferendam.
775 1229 930 1287 lllaque
970 1232 1072 1273 ratio
1115 1230 1164 1273 ad
1209 1243 1410 1273 canonem
1452 1235 1617 1286 praec.m
1650 1242 1749 1286 qua-

123 1301 329 1345 dantenus
362 1302 611 1345 extenditur.
645 1300 824 1358 Nempe:
856 1300 1000 1345 «Cum
1026 1300 1351 1344 adolescentium
1376 1305 1503 1353 aetas,
1538 1303 1612 1343 nisi
1641 1305 1750 1343 recte

126 1375 378 1427 instituatur,
414 1385 541 1429 prona
589 1374 641 1415 sit
673 1372 722 1416 ad
776 1372 916 1415 mundi
968 1371 1202 1428 voluptates
1248 1371 1499 1429 sequendas3
1548 1376 1585 1414 et
1621 1373 1694 1413 nisi
1729 1384 1749 1414 a

125 1446 280 1488 teneris
312 1446 431 1487 annis
463 1444 513 1487 ad
549 1446 743 1500 pietatem
778 1448 814 1487 et
850 1443 1092 1500 religionem
1129 1445 1386 1496 intormetur,
1430 1447 1650 1499 antequam
1698 1444 1750 1484 vi-

124 1517 277 1558 tiorum
323 1514 488 1558 habitus
532 1519 637 1558 totos
679 1514 870 1558 homines
918 1515 1137 1571 possideat,
1184 1527 1408 1571 numquam
1465 1516 1655 1570 pert‘ecte,
1704 1526 1750 1556 ae

123 1587 212 1629 sine
261 1587 457 1637 maximo,
499 1598 547 1629 ac
584 1585 783 1642 singulari
817 1585 1119 1642 propemodum
1154 1584 1226 1628 Dei
1260 1586 1551 1640 omnipotentis
1583 1583 1751 1632 auxilio,

126 1658 163 1699 in
199 1656 420 1712 disciplina
454 1656 733 1700 ecelesiastica
774 1660 1015 1713 perseveret
1038 1671 1077 1700 )).
1112 1655 1225 1699 Haec
1249 1657 1352 1698 ratio
1377 1657 1414 1697 in
1440 1657 1524 1711 ipsa
1550 1657 1751 1710 praesenti

125 1727 304 1770 bumana
323 1727 560 1770 conditione
581 1727 763 1777 fundata,
777 1729 1062 1770 circumstanti
1083 1725 1237 1769 saeculi
1256 1727 1520 1781 corruptione
1533 1724 1584 1768 ab
1603 1726 1754 1767 extrin-

120 1812 216 1842 seco
250 1798 429 1847 fulcitur,
453 1811 578 1856 quam
603 1810 624 1842 a
650 1803 836 1854 tempore
870 1798 1009 1842 (ζοηο.ι
1042 1797 1168 1842 Trid.¹
1204 1799 1465 1853 potiusquam
1502 1796 1752 1848 decrevisse,

120 1870 342 1914 adauctam
367 1870 491 1913 fuisse
524 1869 804 1925 credipotest.
838 1867 929 1922 Qua
964 1869 1015 1912 de
1047 1881 1170 1912 eausa
1196 1869 1353 1912 Summi
1381 1867 1597 1910 Pontitices
1630 1870 1749 1909 ctiam

123 1946 262 1985 nostro
301 1945 485 1997 tempore
520 1940 737 1984 utilitatem
773 1953 820 1984 ac
840 1943 1126 1983 necessitatem
1148 1940 1472 1982 Seminariorum
1495 1937 1751 1980 inculcarunt

126 2026 163 2054 v.
189 2026 250 2068 gr.
276 2011 371 2054 Pius
396 2010 427 2054 X
449 2013 488 2054 in
522 2024 596 2055 sua
632 2013 762 2068 prima
798 2011 1035 2068 Encyclica.
1068 2011 1135 2054 Sic
1169 2012 1322 2069 pariter
1365 2023 1455 2051 cau.
1500 2009 1631 2051 1:554.
1665 2008 1750 2066 gl.

129 2080 412 2140 Unaquaeque
442 2081 657 2137 dioecesis,
677 2084 796 2126 cuius
819 2084 1026 2125 «nomine
1051 2084 1164 2125 venit
1183 2094 1347 2139 quoque
1366 2079 1528 2123 abbatia
1557 2078 1618 2122 vel
1641 2092 1753 2135 prae-

123 2152 253 2196 latura
289 2151 489 2195 nullius»
529 2151 637 2210 (can.
664 2152 812 2211 2153
836 2152 896 2209 ⁶2),
931 2152 973 2195 iu
1000 2151 1103 2195 loeo
1138 2150 1412 2204 convenienti,
1451 2152 1547 2206 quin
1583 2162 1750 2192 necesse

122 2225 175 2267 sit
213 2236 386 2279 «prope
421 2225 529 2280 ipsas
563 2223 761 2267 ecclesias
793 2222 1117 2274 cathedrales»,
1153 2221 1202 2264 ab
1235 2220 1442 2279 Episcopo
1475 2219 1748 2264 solmninodo.

120 2296 240 2338 cuius
278 2296 490 2338 «nomine
527 2296 638 2338 venit
671 2307 838 2352 quoque
871 2294 1012 2338 Abbas
1047 2293 1112 2337 vel
1165 2292 1374 2336 Praelatus
1409 2291 1559 2334 nullius
1582 2306 1603 2329 ›>
1642 2290 1748 2346 (can.

123 2365 221 2419 ⁶215,
252 2365 280 2423 ἓ
314 2364 371 2421 ⁶2),
416 2364 559 2419 electo,
609 2381 629 2407 ((
662 2365 947 2409 Seminarium
992 2364 1063 2408 Dei
1109 2366 1391 2407 ministrorum
1433 2366 1675 2418 perpetuum
1712 2377 1750 2413 »,

121 2437 228 2479 sicut
259 2439 315 2479 ait
348 2439 473 2480 Cone.
508 2436 619 2480 Trid.
653 2450 724 2479 seu
758 2435 995 2492 eolleqium,
1017 2438 1076 2479 sic
1103 2439 1292 2478 vocatum
1331 2436 1550 2490 praecipue
1586 2436 1750 2488 propter

119 2506 307 2549 eiusdem
340 2520 526 2563 scopum,
562 2506 712 2549 habeat
745 2521 794 2550 ex
829 2509 999 2551 canonis
1039 2510 1276 2563 praecepto,
1302 2505 1341 2546 in
1367 2518 1444 2561 quo
1469 2502 1509 2559 a)
1531 2517 1608 2560 pro
1635 2501 1749 2544 ruodo

119 2576 376 2635 facultatum
409 2578 460 2621 de
493 2577 645 2635 quibus
676 2578 897 2634 disponere
930 2582 1056 2636 queat
1078 2579 1202 2621 etiam
1227 2576 1276 2619 ad
1304 2588 1489 2617 normam
1515 2587 1603 2617 can.
1631 2573 1748 2615 13:515.

127 2648 248 2696 1356,
285 2647 327 2704 b)
361 2653 400 2690 et
433 2647 636 2691 dioecesis
668 2648 968 2706 amplitudine,
1003 2662 1081 2691 non
1117 2661 1237 2691 secus
1270 2660 1316 2689 ac
1356 2647 1604 2701 exprimitur
1628 2644 1747 2685 (lonc.

120 2718 248 2773 Trid.,
297 2724 436 2761 certus
484 2717 813 2762 adolescentium
846 2734 1059 2771 uumerus,
1095 2732 1141 2762 ac
1174 2716 1515 2771 subintelligitur,
1557 2716 1629 2757 etsi
1672 2726 1748 2755 non

122 2792 370 2844 necessario,
399 2804 419 2830 ε(
444 2791 572 2846 ipsius
600 2791 796 2844 civitatis,
829 2795 869 2833 et
901 2790 1117 2843 dioecesis,
1155 2789 1217 2831 vel
1253 2790 1339 2831 eius
1365 2787 1615 2843 prox-inciae,
1640 2786 1670 2825 si
1698 2782 1749 2825 ibi

244 2942 254 2963 ¹
283 2941 359 2976 cit.
386 2941 457 2986 Ep.
488 2941 550 2975 Pii
578 2941 652 2976 ΡΡ.
680 2941 736 2975 XI
765 2941 839 2977 CO.
866 2941 972 2982 XIV,
1000 2942 1080 2974 451.
