1965 3240
192 173 258 206 110
424 171 508 205 L1ss.
534 171 604 204 111.
635 190 646 196 -
675 170 785 205 PARS
810 171 861 204 II.
890 191 903 196 -
930 170 986 206 De
1012 172 1104 205 locis
1129 173 1163 205 et
1189 172 1427 215 ternporz'bus
1453 173 1579 206 sacris

189 290 364 334 scilicet:
402 289 595 346 precibus
618 302 666 334 ac
688 293 963 334 caeremoniis
990 289 1227 347 sepulturae
1250 289 1572 344 ecclesiasticae,
1594 289 1820 333 seeundum

189 361 229 418 a)
263 360 488 417 liturgicas
531 360 642 418 leyes
677 375 715 402 v„
750 375 810 417 gr.
847 363 884 404 in
930 361 1007 405 Rit.
1044 361 1159 405 Rom.
1194 360 1369 418 aliisque
1413 361 1592 404 decretis
1624 361 1661 403 S.
1696 359 1737 404 C.
1772 359 1821 403 R.

189 436 415 482 contentas,
452 430 493 488 b)
527 437 566 474 et
598 430 847 475 dioecesana
889 437 1051 474 statuta
1096 434 1206 475 circa
1251 431 1324 474 hos
1362 444 1493 487 casus,
1524 430 1818 489 praescriptis,

190 504 245 545 uti
280 502 331 545 de
366 507 585 559 praecepto
620 502 880 546 adhibendis.
916 502 1023 546 Rufi*
1047 502 1178 546 Rom.i
1203 507 1340 545 textus
1372 505 1522 562 citatus
1544 505 1603 545 sic
1626 501 1819 558 explicit:

194 586 279 616 «ac
314 572 451 616 debita
487 573 643 616 lumina
677 576 761 617 suis
795 575 1004 630 impensis,
1037 575 1070 616 si
1104 586 1207 629 opus
1252 574 1388 627 fuerit,
1422 572 1644 616 adhibeant
1677 572 1820 615 Sacer-

188 644 318 698 dotes,
342 644 392 687 ad
418 657 523 701 quos
555 644 736 687 defuncti
771 656 869 687 cura
906 646 1096 700 pertinet,
1123 643 1185 686 vel
1221 643 1358 701 aliqua
1395 645 1457 700 pia
1492 643 1822 698 confraternitas,

187 717 219 757 si
256 716 391 768 fuerit,
426 716 538 757 iuxta
585 714 661 758 loci
706 714 1107 758 consuetudinem».
1143 713 1198 757 lta
1234 728 1370 771 porro,
1402 716 1498 772 quia
1542 716 1663 758 sicuti
1711 717 1823 770 prius

187 785 349 828 dixerat
383 785 490 828 idem
526 784 631 828 liber
665 784 1022 842 liturgicus(n.7)
1063 784 1200 829 «Cum
1236 790 1373 828 autem
1408 787 1682 842 antiquissimi
1721 787 1824 828 ritus

188 855 456 899 ecclesiastici
491 857 557 909 sit,
592 869 736 899 cereos
767 868 964 899 accensos
1000 859 1036 897 in
1071 858 1280 913 exsequiis
1313 860 1352 898 et
1384 855 1597 899 funeribus
1640 855 1822 907 deferre,

188 931 364 969 caveant
398 928 510 980 item,
544 939 595 969 ne
629 926 831 969 eiusmodi
869 928 970 969 ritus
1003 928 1272 970 omittatur».
1302 925 1351 969 Et
1384 928 1421 968 in
1458 940 1569 970 num.
1596 926 1674 968 «4.
1699 923 1818 978 Quod

188 999 463 1054 antiquissimi
499 1001 560 1039 est
595 999 782 1052 instituti,
818 996 932 1050 illud,
965 1001 1166 1053 quantum
1201 997 1289 1040 lieri
1324 999 1487 1053 poterit,
1513 999 1754 1049 retineatur,
1777 1001 1820 1039 ut

191 1070 326 1114 Missa,
352 1072 568 1123 praesente
602 1081 775 1124 corpore
808 1068 1008 1121 defuncti,
1035 1081 1105 1123 pro
1139 1081 1186 1110 eo
1220 1067 1468 1123 celebretur,
1501 1072 1723 1125 antequam
1758 1081 1822 1111 se-

190 1138 379 1195 pulturae
412 1139 656 1182 tradatur».

307 1209 373 1253 94.
412 1211 579 1255 Por-tio
618 1211 915 1266 paroecialis
951 1211 1244 1255 funeralium
1282 1213 1453 1252 vocatur
1488 1210 1618 1265 magis
1653 1210 1818 1264 proprie

190 1280 296 1338 quod
317 1293 337 1323 a
359 1279 607 1323 Ductoribus
625 1284 720 1323 ante
738 1278 931 1323 Codicem
952 1280 1109 1323 dictum
1130 1281 1201 1322 t'uit
1220 1283 1367 1337 quarta
1386 1280 1609 1333 funeraria,
1628 1281 1824 1336 quamvis

190 1364 269 1394 uon
303 1364 469 1407 semper
503 1352 627 1394 fuerit
669 1355 815 1408 quarta
862 1363 954 1407 pars
997 1351 1388 1404 emolumentorum,
1422 1352 1528 1393 sicut
1570 1354 1729 1394 constat
1771 1363 1819 1393 ex

190 1435 280 1478 cap.
316 1423 339 1464 9
376 1423 425 1465 de
457 1422 681 1478 sepulturis
715 1422 801 1477 (ΙΙΙ,
837 1421 908 1478 28)
945 1421 1011 1465 ubi
1046 1420 1236 1466 Clemens
1270 1421 1319 1464 ΙΙΙ
1355 1421 1594 1477 respondet:
1625 1419 1820 1465 «Certisn-

190 1495 274 1536 cari
313 1492 477 1535 voluisti
501 1505 522 1535 a
547 1491 665 1536 nobis
698 1492 905 1548 quomodo
941 1491 1007 1535 illa
1041 1492 1241 1546 clausula,
1274 1504 1380 1549 quae
1406 1493 1442 1534 in
1470 1491 1700 1547 privilegiis
1722 1490 1824 1534 solet

190 1565 362 1620 apponi:
397 1563 511 1606 salva
548 1566 699 1606 iustitia
736 1563 897 1606 illarum
934 1563 1228 1618 Ecclesiarum,
1261 1562 1334 1620 (ita
1372 1567 1543 1605 vocatur
1576 1561 1643 1605 hic
1675 1566 1822 1619 quarta

191 1635 417 1691 t'uneraria)
451 1647 471 1677 a
516 1633 668 1690 quibus
712 1639 968 1677 mortuorum
1013 1647 1185 1688 corpora
1230 1638 1510 1687 assumuntur,
1545 1632 1717 1687 intelligi
1757 1632 1823 1675 de-

193 1705 299 1759 beat,
333 1710 372 1748 et
405 1707 570 1761 exponi.
605 1704 705 1749 Cum
742 1710 877 1748 autem
912 1719 1036 1761 super
1069 1704 1146 1748 hoc
1179 1709 1274 1748 art.⁰
1309 1704 1473 1747 diversa
1513 1708 1820 1747 antecessorum

193 1781 424 1819 nostrorum
463 1778 724 1818 manaverint
763 1778 968 1818 instituta:
1004 1775 1138 1818 Leone
1183 1765 1378 1818 iustitiam
1422 1773 1533 1817 illam
1572 1773 1822 1831 quandoque

193 1848 354 1889 tertiam
392 1850 564 1902 partem,
599 1846 849 1903 quandoque
884 1846 1079 1899 mediam,
1113 1850 1152 1888 et
1183 1844 1348 1889 Urbano
1382 1849 1571 1901 quartam
1614 1844 1698 1886 sore
1732 1856 1824 1887 cen-

192 1916 397 1960 sentibus:
432 1916 515 1959 Nos
548 1916 626 1959 tale
663 1915 909 1972 praebemus
944 1919 982 1958 in
1018 1915 1093 1959 liae
1131 1918 1329 1959 xarietate
1363 1928 1620 1971 responsum,
1644 1919 1685 1957 ut
1717 1916 1823 1957 sicut

194 1987 336 2031 beatus
351 1987 630 2043 Hieronymus
648 1989 794 2044 inquit,
810 1999 1081 2043 unaquaeque
1102 1988 1315 2042 provincia
1336 1987 1374 2028 in
1393 1999 1466 2028 suo
1485 1998 1606 2028 sensu
1626 1984 1821 2039 abundet,

193 2059 421 2101 secundum
469 2057 756 2101 rationabilem
801 2057 1141 2100 consuetudinem
1189 2058 1381 2113 regionis,
1416 2056 1483 2098 illa
1518 2057 1668 2098 iustitia
1712 2057 1823 2098 circa

196 2129 474 2178 medietatem,
502 2128 565 2171 vel
600 2130 781 2182 tertiam,
805 2133 874 2170 aut
908 2132 1097 2185 quartam
1134 2132 1290 2183 partem
1329 2140 1399 2183 pro
1435 2127 1619 2169 locorum
1653 2125 1826 2168 diversi-

195 2198 347 2242 tatibus
379 2199 674 2242 attendatur».
711 2198 751 2241 ln
789 2214 822 2242 e.
860 2197 893 2240 X
928 2198 1229 2241 determinatur
1260 2202 1421 2255 quarta,
1455 2201 1493 2239 et
1527 2199 1623 2254 quia
1656 2198 1715 2239 sie
1749 2196 1825 2239 fre-

194 2272 387 2327 quentius
425 2274 595 2313 vocatur
629 2270 669 2312 in
706 2271 808 2323 iure,
842 2274 881 2312 et
913 2282 1056 2312 omnes
1099 2273 1234 2311 textus
1276 2273 1368 2311 sunt
1413 2268 1645 2310 conformes
1687 2265 1821 2324 quoad

196 2340 272 2383 hoc
298 2342 529 2394 minimum,
548 2342 620 2382 etsi
645 2339 772 2397 aliqui
809 2339 899 2395 plus
934 2341 1167 2396 requirant,
1204 2337 1606 2381 i11fe1·ebantAA.ex
1632 2336 1822 2392 analogia

194 2414 316 2452 uris:
353 2413 580 2466 portionem
616 2411 866 2453 funerariam
902 2409 1054 2453 debere
1088 2422 1176 2452 esse
1208 2414 1412 2467 quartam,
1439 2410 1514 2451 nisi
1550 2410 1707 2464 vigeret
1732 2419 1825 2450 eon-

197 2484 320 2524 traria
355 2481 626 2524 consuetudo.
648 2507 699 2511 —
722 2480 820 2523 ltem
853 2480 1006 2523 dicitur
1031 2478 1195 2536 proprie
1230 2482 1267 2522 in
1302 2492 1458 2523 canone
1483 2494 1503 2519 ((
1524 2477 1765 2535 paroecialis
1785 2493 1822 2531 ›),

197 2556 363 2607 propter
404 2552 716 2594 fundamentum
765 2552 1008 2606 praescripti
1043 2550 1093 2593 de
1129 2550 1194 2594 illa
1228 2550 1426 2593 solvenda
1468 2551 1667 2605 portione,
1701 2552 1824 2604 atque

196 2622 247 2665 ob
280 2623 519 2679 qualitatem
557 2623 773 2676 ecclesiae,
807 2624 872 2665 cui
916 2621 989 2664 soli
1034 2627 1093 2665 est
1137 2621 1369 2674 tribuenda,
1403 2634 1510 2678 quae
1554 2623 1741 2663 constant
1772 2631 1820 2661 ex

196 2705 283 2749 cap.
326 2694 336 2735 1
379 2695 445 2736 rit.
481 2696 539 2735 tit.
576 2693 877 2736 Decretalium:
918 2693 1032 2735 «Sed
1067 2695 1162 2749 quia
1197 2693 1346 2748 dignus
1380 2697 1440 2735 est
1472 2692 1687 2747 operarius
1720 2701 1825 2731 mer-

148 2804 159 2819 ,
196 2764 297 2806 cede
330 2776 415 2815 sua,
451 2766 611 2806 tertiam
651 2768 806 2819 partem
841 2765 901 2805 sui
938 2763 1076 2806 iudicii
1103 2763 1173 2819 (ita
1209 2765 1402 2818 exprimit
1438 2766 1626 2818 quartam
1661 2761 1821 2802 funera—

199 2836 298 2876 riam
334 2837 391 2875 sie
426 2835 576 2877 dietam
603 2848 623 2877 a
649 2833 767 2891 Du),
792 2834 847 2876 illi
882 2833 1090 2876 Ecclesiae
1115 2833 1202 2875 dari
1232 2846 1462 2887 censemus,
1489 2834 1526 2874 in
1551 2843 1629 2888 qua
1655 2829 1822 2872 caelesti

197 2904 347 2960 pabulo
368 2906 478 2947 retici
504 2907 722 2948 consuevit
739 2904 1088 2960 (subintelligatur
1106 2904 1360 2959 defunctus‘):
1387 2908 1429 2946 ut
1448 2905 1559 2945 iuxta
1579 2900 1821 2957 Apostolum
