1965 3240
144 189 191 223 88
383 188 465 221 LIB.
493 187 563 221 III.
590 207 602 211 -
629 186 740 221 PARS
765 187 816 220 II.
845 207 858 212 -
884 186 941 221 De
967 187 1060 221 locis
1086 188 1120 220 et
1146 187 1385 230 temporibus
1410 189 1535 221 sacris

260 307 327 349 72.
374 308 630 363 Inscriptio
674 307 862 363 Capitis
904 320 963 352 ac
1005 310 1173 351 mutua
1215 320 1455 351 canonum
1501 307 1770 351 ordinatio.

141 377 334 435 Sequitur
371 375 505 435 Caput
536 375 591 431 ΙΙ,
626 379 744 420 cuius
778 378 988 432 inscriptio
1022 381 1082 419 est
1123 378 1182 419 sic
1223 375 1513 432 intelligenda:
1548 375 1609 419 De
1641 374 1767 418 eada-

142 447 247 490 veris
282 446 574 502 transtatione,
610 460 688 490 non
723 459 770 490 ea
806 446 1021 499 materiali,
1050 459 1132 503 quo
1166 459 1314 502 nempe
1339 445 1459 489 modo
1484 446 1670 489 facienda
1695 448 1759 499 sit,

143 530 192 561 an
227 531 357 561 curru
393 517 458 561 vel
493 517 677 561 humeris
710 517 807 560 illud
843 516 1080 572 deserendo,
1113 516 1184 560 sed
1221 515 1425 572 religiosa,
1458 516 1635 560 seilicet:
1671 530 1764 559 cum

143 601 311 644 precum
350 590 591 632 recitatione
624 592 748 645 atque
781 588 1008 631 sacerdotis
1040 588 1251 642 comitatu,
1287 591 1454 643 propter
1481 587 1589 644 quod
1615 587 1768 630 dicitur

142 661 175 703 is
208 658 361 702 habere
401 661 507 702 «ius
541 658 706 702 levandi
745 659 969 702 cadaver»
1008 657 1326 714 deducendique
1369 656 1425 700 ad
1466 657 1682 700 ecelesiam
1727 659 1763 699 in

140 743 218 787 qua
253 732 456 788 exequiae
489 731 603 784 liant,
630 729 738 772 unde
762 731 950 786 sequitur
974 731 1012 770 in
1038 730 1327 784 inscriptione:
1362 727 1611 785 definiere:
1643 733 1767 785 atque

143 800 222 844 illis
254 800 440 857 expletis,
478 800 767 844 deducendum
802 804 862 842 est
885 799 1067 842 cadaver
1090 799 1140 842 ad
1165 801 1478 852 coemeterium,
1502 799 1595 842 inde
1622 801 1764 842 inscri-

142 874 224 928 ptio
257 871 443 928 explicit:
479 885 528 913 ae
559 869 821 928 depositione
856 872 892 912 in
928 870 1179 926 sepulcrum.

260 942 366 996 lura,
400 955 505 999 quae
540 941 690 985 habent
724 945 765 983 ut
797 940 1004 984 obiectum
1029 940 1283 996 sepulturam
1307 940 1628 984 ecclesiasticam
1663 954 1763 997 quo-

144 1013 460 1070 modocumque,
495 1017 589 1055 sunt
622 1014 770 1068 partim
804 1011 911 1066 apud
948 1011 1107 1063 tideles,
1142 1013 1288 1066 partim
1324 1011 1432 1068 apud
1467 1011 1676 1059 ecclesias,
1701 1010 1761 1054 vel

143 1086 323 1126 instituta
343 1088 381 1126 et
405 1095 599 1139 personas
632 1082 948 1126 ecclesiasticas
987 1080 1210 1125 Videlicet:
1244 1081 1386 1131 fideles
1420 1087 1587 1138 possunt
1612 1081 1765 1125 habere

142 1156 203 1197 ius
236 1156 497 1210 proprietatis
529 1158 599 1196 aut
631 1152 833 1196 exclusivi
884 1166 979 1196 usus
1027 1152 1105 1195 loci
1153 1151 1389 1208 sepulturae
1428 1166 1500 1209 pro
1533 1166 1575 1195 se
1609 1166 1656 1195 ac
1691 1166 1764 1208 pro

141 1227 239 1279 suis,
275 1230 316 1268 ut
362 1225 542 1267 vidimus
585 1226 623 1266 in
664 1235 753 1267 can.
791 1223 916 1275 1208,
949 1223 977 1281 ἓ
1011 1223 1050 1276 3,
1086 1223 1212 1277 1209,
1245 1223 1273 1280 ξ
1310 1224 1343 1277 l,
1379 1227 1417 1266 et
1454 1226 1590 1266 vocari
1632 1228 1763 1279 potest

142 1295 209 1338 ius
241 1294 439 1353 sepulcri,
472 1294 625 1338 habent
658 1307 802 1337 omnes
844 1293 988 1337 fideles
1020 1294 1086 1336 ius
1125 1293 1180 1336 acl
1212 1293 1474 1351 sepulturam
1505 1293 1759 1336 eeclesiasti-

141 1380 230 1408 cam
264 1365 467 1422 complete
500 1365 670 1419 dietam,
694 1364 905 1409 videlicet:
944 1369 984 1407 ut
1007 1377 1052 1408 ea
1077 1365 1282 1407 donentur
1305 1364 1524 1417 demortui,
1549 1368 1587 1407 et
1610 1364 1660 1407 de
1684 1363 1762 1407 hoe

140 1439 229 1480 iure
264 1439 437 1493 positum
473 1440 534 1479 est
565 1434 696 1492 Caput
729 1435 793 1478 lll.
826 1435 904 1479 Sed
941 1435 1046 1478 istud
1092 1437 1154 1478 ius
1199 1448 1277 1478 uno
1317 1439 1410 1478 actu
1444 1434 1760 1489 exsolvendum,

139 1507 500 1550 determinandum
546 1508 621 1549 fuit
663 1520 736 1563 pro
777 1506 950 1563 singulis
993 1506 1127 1563 quoad
1164 1506 1312 1550 locum.
1348 1505 1396 1549 Et
1429 1508 1621 1563 quamvis
1653 1507 1758 1549 sacri

139 1590 317 1621 canones
351 1578 446 1621 huic
481 1577 740 1633 providerint
773 1577 1121 1631 determinationi,
1156 1579 1399 1633 permittunt
1432 1577 1471 1620 id
1506 1579 1630 1620 etiam
1665 1575 1761 1619 tide—

142 1650 239 1692 lium
274 1648 459 1703 arbitrio,
493 1653 531 1691 et
579 1648 674 1691 hinc
722 1649 888 1704 exurgit
926 1648 992 1690 ius
1035 1646 1090 1690 ad
1126 1646 1388 1705 sepulturam
1421 1646 1669 1704 eliqendam.
1706 1673 1757 1677 ——

138 1720 347 1763 Ecclesiae
380 1725 516 1762 autem
553 1718 705 1762 liabent
737 1719 987 1776 quandoque
1020 1718 1086 1761 ius
1121 1717 1372 1771 tumulandi,
1395 1720 1427 1760 si
1461 1720 1758 1761 coemeterium

139 1786 372 1847 possideant
405 1790 453 1833 ad
490 1802 676 1832 normam
712 1801 802 1834 can.
838 1789 951 1832 1208
989 1788 1051 1832 vel
1085 1802 1135 1832 ex
1171 1786 1403 1845 privilegio,
1437 1801 1531 1831 cum
1566 1801 1646 1845 quo
1671 1790 1760 1831 iure

138 1874 370 1904 connexum
406 1865 491 1903 erat
516 1860 582 1902 ius
599 1858 846 1917 funerandi,
881 1860 988 1916 quod
1026 1861 1173 1915 respici
1210 1863 1353 1915 potest,
1382 1858 1443 1901 vel
1477 1860 1588 1902 circa
1621 1871 1756 1902 coere-

138 1934 295 1974 monias
328 1936 366 1974 et
399 1933 500 1973 ritus
531 1930 769 1986 sepulturae
802 1929 1080 1986 complendas,
1120 1929 1181 1972 vel
1217 1929 1351 1986 quoad
1377 1931 1640 1985 praecipuam
1667 1941 1756 1984 par-

137 2007 216 2045 tem
253 2004 290 2044 in
325 2004 383 2044 eis
416 2001 655 2057 gerendam,
693 2005 734 2044 ut
769 2013 946 2057 praeses,
980 2001 1088 2058 quod
1132 2003 1336 2056 pertinere
1381 2001 1529 2054 poterit
1562 1999 1657 2042 huic
1694 1999 1756 2042 vel

136 2071 251 2114 alteri
285 2072 503 2114 sacerdoti.
540 2070 722 2129 Denique
765 2071 886 2114 datur
929 2070 994 2113 ius
1028 2069 1269 2113 associandi
1307 2069 1486 2112 cadaver
1529 2074 1578 2112 ex
1623 2070 1756 2112 officio

137 2142 429 2195 ecclesiastico,
463 2144 552 2185 sive
585 2141 635 2184 ad
670 2141 886 2184 ecclesiam
923 2142 1091 2195 funeris,
1124 2143 1213 2183 sive
1246 2141 1294 2183 ad
1332 2140 1465 2183 locum
1505 2140 1756 2196 sepulturae.

256 2213 420 2255 Praeter
454 2214 542 2255 iura
575 2212 677 2255 haec
709 2214 818 2255 circa
852 2211 1080 2268 spiritualia
1114 2216 1154 2254 et
1187 2211 1248 2254 his
1271 2224 1473 2265 connexa,
1496 2215 1588 2253 sunt
1615 2210 1679 2253 ius
1702 2210 1757 2253 ad

136 2282 411 2326 emolumenta
442 2281 620 2340 funeris,
655 2287 695 2325 et
727 2282 978 2340 quandoque
1010 2283 1059 2325 ad
1094 2295 1236 2325 eorum
1271 2287 1443 2338 partem,
1468 2281 1576 2338 quod
1604 2286 1758 2337 postre-

138 2366 246 2395 mum
283 2354 362 2396 dici
398 2359 529 2409 potest
562 2353 627 2395 ius
665 2352 721 2395 ad
753 2358 949 2410 quartam
981 2351 1262 2410 funerariam.

253 2423 325 2466 His
357 2425 591 2479 suppositis,
625 2422 754 2466 facilis
786 2427 957 2479 apparet
989 2435 1193 2466 canonum
1227 2422 1496 2465 coordinatio.
1528 2420 1630 2464 Nam
1666 2433 1755 2464 can.

138 2493 247 2536 1215
283 2493 391 2537 iubet
426 2494 644 2537 cadaveris
686 2493 994 2536 translationem
1031 2495 1068 2535 in
1104 2491 1321 2536 ecclesiam
1366 2494 1558 2548 generice
1593 2504 1664 2547 per
1697 2492 1754 2533 t'u-

134 2577 273 2607 nerem
309 2564 579 2620 designatam.
615 2562 774 2616 Quibus
807 2564 995 2607 ecclesiis
1027 2563 1093 2605 ius
1124 2561 1356 2620 fimerandi
1388 2561 1572 2618 singulos
1613 2561 1757 2604 lideles

132 2639 338 2690 competat
373 2648 443 2690 per
475 2647 564 2677 can.
595 2634 835 2677 1216-1222
870 2635 1137 2677 determinari
1173 2637 1314 2688 potest.
1353 2633 1493 2675 Postea
1526 2636 1756 2689 sequuntur

131 2717 219 2747 can.
259 2704 516 2759 12234226,
551 2707 618 2761 qui
664 2704 729 2745 ius
772 2703 955 2761 eliyendi
998 2702 1259 2761 sepulturam
1302 2703 1582 2756 moderantur,
1616 2701 1753 2744 etalii

131 2787 220 2818 can.
258 2775 504 2817 1227-1229
541 2777 791 2830 praescripta
826 2788 918 2817 cum
954 2775 1063 2817 dicto
1098 2776 1186 2817 iure
1219 2785 1405 2816 connexa
1438 2775 1659 2816 continent.
1685 2769 1755 2813 lus

131 2844 299 2887 levaiuli
332 2844 521 2895 cadaver,
547 2843 655 2887 illud
687 2844 917 2887 eomitaiuli
950 2850 988 2887 et
1021 2844 1241 2902 easequias
1270 2842 1538 2901 persolvendi
1571 2842 1754 2885 defertur

132 2918 396 2971 praeceptive
429 2916 606 2959 diversis
637 2914 922 2958 sacerdotibus
954 2915 1181 2958 secundum
1216 2915 1560 2961 circumstantias,
1584 2925 1688 2969 quae
1713 2914 1752 2954 in
