1965 3240
349 135 433 169 Τιτ.
465 135 630 169 XXVII.
662 155 672 159 -
701 134 757 169 De
782 135 892 168 bonis
917 134 1182 167 ecclesiasticis
1208 132 1457 177 acquirendis
1650 132 1722 165 5o5

90 256 210 313 gulas
245 258 282 298 in
320 258 490 299 materia
525 253 831 302 sacramentali,
865 266 912 296 ac
947 254 1159 309 speciatim
1198 255 1234 295 in
1272 251 1577 298 matrimoniali,
1606 254 1720 294 item-

91 340 172 384 que
194 328 230 369 in
258 329 431 368 materia
459 325 737 369 beneficiaria.
761 349 817 355 —
840 323 900 367 Ad
929 323 953 366 l.
981 323 1255 366 Attii-mutim.
1282 325 1332 365 ita
1359 327 1493 365 tamen
1522 327 1560 365 ut
1586 322 1721 379 quoad

94 402 211 440 actus
244 399 312 454 qui
349 396 506 439 directe
542 398 765 452 respiciunt
809 399 1164 438 sacramentorum
1204 394 1602 436 administrationem
1638 407 1721 436 ser-

95 473 214 511 vetur
247 467 466 523 dispositio
501 480 590 523 cap.
627 467 679 509 42
715 466 875 509 Decret.
911 465 961 508 de
994 466 1190 515 simonia,
1224 464 1379 508 scilicet
1415 469 1454 506 ut
1482 464 1608 507 libere
1632 478 1726 507 con-

92 539 277 582 serantur
301 537 581 581 ecclesiastica
617 541 876 580 sacramenta
901 541 937 579 et
965 538 1054 591 piae
1076 535 1397 578 consuettnlines
1430 534 1723 579 obserxentur.

92 609 211 664 Quod
251 622 347 651 vero
382 609 430 651 ad
468 608 650 665 reliquos
697 613 827 663 actus,
877 608 945 664 qui
997 606 1154 649 directe
1204 619 1281 648 non
1334 608 1555 660 respiciunt
1591 606 1719 648 admi-

94 682 378 723 nistrationem
425 685 797 725 sacramentorum.
842 681 896 722 uti
942 682 1037 721 sunt
1079 678 1332 733 dispensatio
1377 691 1396 719 a
1438 678 1720 720 denunciatio-

91 751 213 795 nibus
248 752 513 796 matrimonii.
552 753 670 792 venia
706 749 942 793 conserendi
980 748 1180 805 baptisma
1229 751 1266 790 in
1320 751 1491 804 privatis
1529 747 1723 791 domibus

90 828 126 866 et
162 826 297 865 cetera
334 821 599 864 huiusmodi:

210 892 236 936 l.
271 892 510 936 Servandus
545 892 775 935 laudabiles
808 891 1142 943 consuetudines,
1179 895 1215 933 et
1251 892 1450 933 rationem
1498 890 1723 946 prudenter

93 963 324 1008 habendam
362 964 563 1017 locorum,
598 969 832 1019 temporum
878 975 925 1006 ac
970 975 1253 1019 personarum.
1293 961 1335 1004 ll.
1375 960 1478 1004 Vere
1521 974 1723 1017 pauperes

91 1035 336 1079 eximendos
370 1047 391 1077 a
425 1034 645 1092 quibusvis
678 1036 894 1090 expensis3
931 1033 992 1078 lll.
1029 1032 1162 1076 'l'axas
1197 1046 1275 1075 non
1313 1033 1416 1075 adeo
1451 1044 1602 1088 graves
1635 1045 1725 1075 esse

91 1106 258 1153 debere,
293 1110 336 1148 ut
369 1110 536 1148 arceant
571 1104 715 1148 fideles
748 1118 769 1147 a
804 1106 1038 1161 receptione
1071 1108 1452 1150 sacramentorum2
1490 1102 1551 1145 ll'.
1579 1103 1721 1155 Quoad

92 1178 401 1221 matrimonium
449 1178 485 1218 in
530 1178 683 1231 specie,
725 1175 995 1218 remittendas
1042 1177 1148 1231 ipsas
1194 1180 1309 1217 taxas
1348 1188 1449 1228 esseq
1487 1176 1523 1216 in
1559 1173 1725 1217 casibus

90 1248 132 1291 in
165 1246 317 1305 quibus
350 1247 454 1290 adsit
490 1246 721 1303 periculum
772 1259 822 1289 ne
862 1246 1004 1289 fideles
1054 1247 1091 1288 in
1142 1244 1464 1288 concubinatum
1501 1249 1723 1301 proruant:

93 1317 136 1361 V.
170 1318 354 1362 Tandem
388 1317 522 1375 quoad
561 1317 762 1361 beneticia
797 1316 1092 1365 ecclesiastiea,
1143 1321 1260 1359 taxas
1308 1330 1397 1359 esse
1447 1329 1524 1358 non
1570 1315 1723 1358 debere

92 1388 455 1446 proportionaliter
489 1389 786 1445 inadaequatas
820 1387 1021 1431 reditibus
1055 1387 1354 1431 beneficiorum
1384 1403 1421 1427 )).

210 1459 282 1503 His
304 1460 532 1517 quidquam
558 1473 648 1503 esse
667 1459 904 1502 addendum
926 1472 1088 1502 censeo.
1116 1458 1154 1500 ln
1175 1457 1339 1501 Nol-mis
1358 1457 1691 1501 communibus...
1711 1458 1719 1478 ¹

93 1534 245 1574 iussum
282 1536 360 1575 est:
401 1547 423 1571 c(
448 1531 487 1573 ln
523 1532 634 1573 omni
673 1532 888 1585 rescripto,
924 1529 1096 1573 indulto,
1141 1531 1462 1585 dispensatione,
1497 1541 1519 1571 a
1552 1541 1624 1571 suo
1656 1525 1724 1571 Ot-

92 1603 184 1645 ticio
220 1601 514 1646 indicabitur...
566 1604 689 1644 etiam
741 1603 941 1657 pecuniae
990 1614 1169 1649 summa,
1221 1602 1339 1643 cuius
1378 1599 1628 1656 repetendae
1662 1601 1725 1642 ius

90 1673 212 1716 babet
246 1673 490 1716 dioecesana
526 1671 648 1715 Curia
682 1686 753 1727 pro
799 1674 1066 1715 exsecutione
1108 1673 1419 1726 rescriptmnm.
1459 1672 1490 1711 si
1525 1670 1626 1713 baec
1659 1683 1724 1713 ne-

88 1746 264 1787 cessaria
299 1745 372 1788 sil:
408 1755 514 1800 quae
548 1743 715 1799 quiden]
741 1756 902 1785 sumina
930 1741 1137 1797 pontificia
1164 1743 1372 1783 taxatione
1396 1743 1471 1783 erit
1496 1742 1664 1783 inferior
1684 1756 1722 1780 )).

90 1814 196 1858 Hinc
245 1816 418 1867 eruitur,
467 1813 576 1871 quod
629 1816 666 1855 in
718 1818 907 1856 taxarum
952 1814 1241 1868 praelinitione
1295 1829 1315 1851 α
1341 1826 1413 1868 pro
1457 1814 1723 1855 exsecutione

92 1887 386 1941 rescriptorum
437 1884 555 1929 Sedis
590 1883 759 1940 Aplcae.
786 1900 822 1932 >›,
858 1883 922 1927 illa
960 1884 1047 1926 lieri
1083 1882 1201 1926 debet
1241 1885 1277 1925 in
1315 1887 1503 1939 respectu
1539 1883 1587 1925 ad
1615 1887 1726 1925 taxa-

91 1958 244 1999 tionem
277 1955 517 1999 bniusmodi
553 1957 782 2011 appositam
818 1956 855 1999 S.
891 1954 1009 1998 Sedis
1034 1954 1309 2004 documentis,
1335 1953 1600 1996 decernendo
1625 1966 1720 1995 num

92 2030 173 2068 tota
212 2025 273 2068 vel
310 2025 507 2081 partialis,
541 2030 609 2067 aut
644 2024 754 2067 nulla
791 2027 828 2066 in
863 2024 1027 2067 casibus
1061 2027 1110 2066 sit
1144 2023 1364 2079 exigenda,
1400 2027 1438 2065 et
1471 2036 1552 2079 quo
1586 2025 1724 2079 aequi-

95 2095 259 2151 pollenti
296 2108 465 2138 nummo
500 2108 571 2151 pro
606 2095 850 2137 diversitate
885 2097 1110 2137 nationum.
1144 2097 1182 2136 Si
1219 2099 1354 2137 tamen
1392 2093 1494 2136 ultra
1531 2093 1639 2136 illam
1676 2095 1726 2134 si-

92 2171 257 2222 gnatam
294 2168 546 2208 taxationem
596 2167 764 2221 exigere
814 2178 916 2220 opus
966 2179 1054 2208 esse
1099 2165 1323 2214 videretur,
1360 2166 1500 2221 petitio
1533 2163 1725 2220 specialis

92 2237 131 2281 S.
165 2236 258 2280 Sedi
296 2236 546 2292 porrigenda
570 2241 675 2279 esset
699 2235 839 2279 fulcita
866 2236 1096 2280 rationibus
1121 2236 1219 2278 illud
1245 2234 1529 2280 suadentibus.
1554 2236 1722 2277 minime

95 2312 229 2350 tamen
265 2307 331 2350 illa
364 2306 570 2363 exigenda
603 2311 708 2349 esset
744 2308 818 2349 nisi
860 2306 1096 2350 huiusmodi
1123 2308 1390 2350 concessione
1411 2308 1593 2362 praevia.
1618 2308 1721 2348 sicut

92 2379 200 2421 circa
236 2377 564 2434 dispensationes
600 2377 926 2420 matrimoniales
959 2383 1126 2421 cautum
1163 2382 1220 2420 est
1257 2390 1474 2433 expresse:
1521 2392 1539 2417 ((
1565 2375 1720 2419 emolu-

95 2452 278 2490 mentum
313 2447 441 2491 ullum
476 2447 592 2504 (non)
626 2449 811 2503 exigere,
845 2452 1017 2504 excepta
1054 2448 1216 2490 modica
1240 2446 1376 2503 aliqua
1404 2449 1716 2502 praestatione»

93 2518 201 2575 (can.
238 2517 384 2575 1056),
418 2521 469 2561 ita
506 2523 545 2560 ut
587 2519 660 2559 «si
696 2520 926 2574 exegerint,
961 2523 1179 2562 teneantur
1211 2518 1260 2561 ad
1299 2519 1596 2560 restitutionem
1627 2534 1660 2556 n.

213 2588 279 2632 Ait
313 2591 337 2641 ξ
368 2591 412 2631 2.
447 2588 509 2631 ΑΛ
544 2594 668 2630 [ct-ras
704 2593 745 2631 ut
777 2601 900 2645 supra
932 2603 1010 2647 pro
1044 2588 1204 2632 actibus
1240 2587 1510 2630 iudicialibus
1545 2592 1724 2643 praeter·

95 2662 239 2703 missas
273 2661 310 2702 in
344 2659 373 2717 ἓ
407 2659 557 2716 praec.i
593 2658 702 2715 quod
734 2664 906 2716 spectat,
926 2665 1116 2703 servetur
1135 2659 1445 2716 praem-replum
1471 2672 1560 2700 eun.
1588 2659 1721 2707 1900,

94 2743 266 2786 nempe:
307 2735 535 2773 «taxarum
573 2728 753 2771 notulam
789 2743 837 2773 ae
871 2731 1055 2787 regulam
1084 2747 1102 2771 ))
1141 2731 1191 2772 de
1225 2729 1396 2772 obiectis
1431 2728 1482 2771 ibi
1510 2730 1724 2771 recensitis

214 2884 222 2905 ¹
252 2882 355 2917 Ordo
383 2881 642 2916 servandus..
670 2887 744 2916 etc.
772 2882 870 2916 Pars
895 2883 926 2916 Ι.
955 2882 1047 2926 Cap.
1077 2881 1148 2916 XI.
1179 2882 1233 2916 n.0
1262 2883 1307 2913 10.
