1965 3240
338 118 422 152 Trr.
453 117 618 153 XXVII.
648 139 660 144 -
688 119 744 153 De
769 120 879 153 bonis
902 119 1167 153 ecclesiasticis
1192 119 1444 164 acquirendis
1637 118 1707 152 503

80 240 215 284 dicam
250 237 291 295 a)
318 238 360 280 in
384 237 529 281 bonum
564 238 780 291 dioecesis,
818 251 866 281 eo
908 238 1018 295 quod
1052 238 1101 281 ad
1139 239 1244 281 istud
1286 240 1389 282 bona
1424 237 1706 281 ecelesiastica

81 312 186 353 intra
212 322 302 353 eam
327 312 547 352 constituta
567 309 823 354 ordinantur.
846 308 968 363 1))101
988 322 1066 366 pro
1087 314 1284 366 patrono,
1303 322 1374 352 seu
1397 313 1437 351 ut
1458 308 1551 351 liuic
1571 309 1703 358 cedat,

82 380 183 423 illud
218 379 432 437 imponere
466 380 555 436 lege
591 380 654 422 vel
691 384 910 436 praecepto
944 379 1119 435 singulis
1154 393 1226 435 pro
1261 382 1335 422 isto
1369 378 1705 422 3111011111111115111

87 464 107 490 «
132 448 283 493 bonum
309 465 330 490 ,‚
370 449 468 492 illud
504 449 545 505 a)
578 448 764 492 ecelesiis
795 451 937 492 stricto
970 461 1091 492 sensu
1126 455 1233 492 can.⁸
1268 449 1393 494 1161,
1437 447 1477 504 b)
1502 447 1710 504 benefieiis

81 519 263 577 aliisque
294 519 334 576 e)
369 520 579 562 institutis
612 519 908 562 ecclesiasticis
940 520 1170 562 secundum
1212 522 1519 575 inscriptionem
1558 525 1711 574 praeta·

80 590 202 634 Tituli
237 590 382 640 XXVI,
419 605 656 648 quanquam
692 591 770 633 sibi
802 590 1011 644 salneriis,
1039 604 1110 646 pro
1134 590 1284 647 quibus
1311 592 1412 633 ratio
1433 590 1533 633 11300
1557 591 1709 633 faceret

82 674 349 718 praesumere
394 675 466 717 pro
512 662 701 718 Episcopi
748 665 849 715 11110,
898 660 1158 704 Ordinarias
1206 677 1224 701 ((
1251 661 1326 703 loci
1354 677 1372 701 ))
1421 674 1469 703 ex
1512 665 1709 704 contextu

81 736 187 786 (can.
214 733 310 783 198,
334 736 359 787 ξ
380 732 420 789 l)
443 738 579 789 potest
603 732 902 785 Ιιιηίηηηηοιίο,
926 732 1035 790 quod
1061 732 1308 775 adverbium
1334 733 1501 774 omnino
1526 731 1711 773 excludit

83 817 162 847 nou
198 817 391 860 expressa
427 804 468 846 ἰἠ
504 810 600 846 actu
633 805 675 861 a)
707 803 988 861 simulationis.
1022 803 1188 860 quando
1212 802 1376 846 tabulae
1410 801 1707 858 approbantur,

85 874 126 931 b)
163 874 223 917 rel
255 874 585 917 consecrationis
618 876 890 918 ecclesiarum
937 876 1102 931 proprie
1145 873 1281 917 dictae
1315 886 1362 916 ae
1390 872 1626 916 declaratae
1660 872 1710 914 ad

85 958 174 990 0311.
211 946 395 1004 1151&ss
433 946 476 991 l:
513 959 590 988 uon
629 960 724 988 vero
761 950 898 1001 postea
937 947 1196 1001 «imponere
1219 960 1239 985 »
1292 944 1354 987 vel
1400 956 1569 1000 augere,
1604 948 1640 986 et
1676 944 1707 985 si

83 1030 202 1060 secus
236 1018 394 1070 fecerit,
428 1030 478 1060 ne
513 1019 644 1060 inanis
679 1017 876 1059 reddatur
911 1015 1146 1072 prohibitio,
1181 1021 1220 1059 et
1252 1015 1516 1059 concorditer
1540 1016 1616 1057 iuri
1642 1026 1711 1056 an-

85 1089 213 1145 tIquo,
248 1092 353 1131 esset
389 1090 550 1130 irritum
587 1101 660 1130 nec
685 1087 912 1144 obligaret:
937 1087 1188 1144 additurque
1214 1085 1429 1128 limitando
1449 1088 1570 1128 etiam
1603 1087 1713 1127 «tri-

87 1158 275 1202 butum»
313 1172 438 1215 supra
472 1161 743 1215 permissum:
789 1157 862 1201 sed
900 1157 1062 1200 nullztm
1105 1171 1177 1200 seu
1222 1157 1405 1214 quolibet
1451 1170 1500 1199 ex
1548 1158 1716 1206 motivo,

85 1242 160 1273 nee
196 1231 412 1272 minimum
447 1242 612 1287 quoque
636 1229 796 1287 imponi
821 1229 1173 1286 tributumpotest
1192 1241 1212 1271 a
1232 1227 1417 1285 quolibet
1435 1227 1715 1270 ecclesiastico

84 1301 306 1355 superiore
339 1314 466 1358 super
498 1300 770 1356 eleemosynis
804 1299 1034 1343 Missurum
1072 1299 1157 1341 sii-e
1198 1298 1461 1341 vistmcali'wn
1497 1298 1583 1340 sice
1623 1296 1718 1355 [11η-

85 1369 284 1414 datarum
317 1374 438 1415 etiam
474 1372 640 1430 quando
674 1372 723 1415 ad
761 1374 888 1415 instar
924 1371 1176 1414 manualium
1202 1370 1436 1413 traduntur.
1461 1370 1716 1425 significatio

87 1441 209 1485 huius
241 1443 452 1486 clausulae
501 1443 635 1500 quoad
689 1442 814 1486 verba
863 1442 1024 1498 singula
1069 1443 1225 1499 requiri
1261 1445 1389 1497 potest
1426 1442 1463 1482 in
1498 1439 1716 1484 Commen-

88 1515 192 1556 tario
225 1513 379 1557 Textus
412 1515 461 1557 ad
497 1514 584 1556 Art.
622 1512 685 1560 lV,
720 1513 816 1570 Cap.
853 1513 879 1568 l,
914 1513 1037 1556 Tituli
1078 1513 1140 1557 lll.

207 1585 305 1627 419.
340 1588 592 1631 Taxarum
626 1586 909 1642 praefinitio
954 1586 1086 1641 primo
1127 1585 1231 1627 faeta
1267 1585 1340 1626 t'uit
1377 1582 1467 1638 lege
1504 1581 1718 1625 Pontiticia

87 1655 164 1698 sub
199 1655 436 1699 lnnocentio
471 1655 542 1699 PP.
580 1655 646 1698 Xl.
679 1656 745 1698 Sic
779 1658 887 1698 enin]
924 1655 1074 1711 legitur
1108 1657 1147 1697 in
1186 1653 1302 1697 Dee⁰.
1337 1656 1375 1697 5.
1410 1651 1439 1696 C
1472 1653 1514 1696 C.
1551 1653 1588 1696 1;
1630 1668 1650 1693 ((
1670 1652 1720 1697 Ut

90 1739 233 1769 norma
268 1727 494 1770 haberetur
527 1728 746 1770 uniformis
778 1729 816 1768 in
851 1725 1139 1769 exactionibus
1188 1738 1260 1781 pro
1313 1726 1438 1767 variis
1471 1724 1632 1767 actibus
1666 1726 1720 1766 iu-

88 1797 341 1841 risdictionis
359 1797 667 1841 ecclesiastieae
691 1810 769 1840 non
794 1799 1090 1850 contentiosae,
1115 1810 1164 1839 ne
1188 1795 1507 1838 immodicarum
1527 1799 1718 1837 taxarum

85 1881 210 1924 onus,
257 1868 523 1927 pluriumque
569 1870 950 1912 controversiarum
1001 1870 1163 1911 occasio
1218 1867 1398 1918 tollatur,
1460 1865 1722 1909 Innocentius

91 1939 162 1982 PP.
198 1938 252 1982 Xl
288 1939 420 1996 legem
454 1939 560 1994 tulit,
595 1952 701 1996 quae
738 1939 1029 1982 lnnocentiana
1068 1938 1192 1994 vulgo
1226 1937 1446 1993 appellata,
1482 1936 1720 1979 huiusmodi

90 2012 352 2053 exactionum
388 2012 589 2053 rationem
625 2014 718 2066 apte
752 2009 1110 2053 moderabatur».

209 2079 328 2133 Quod
364 2085 502 2124 autem
538 2083 575 2123 in
612 2080 700 2124 cit.⁰
734 2080 911 2124 Decreto
945 2083 1245 2137 praescriptum
1288 2080 1362 2122 t'uit
1397 2080 1434 2121 in
1472 2091 1576 2134 resp.
1612 2078 1662 2121 ad
1690 2077 1720 2120 ll

91 2165 186 2195 eum
225 2156 500 2208 «opportuna
536 2154 866 2195 immutatione»
914 2154 1018 2204 (ean.
1065 2150 1108 2207 6)
1153 2151 1277 2194 retert
1319 2163 1409 2192 caiz.
1456 2150 1589 2192 1507.
1623 2150 1650 2205 ᾗ
1684 2151 1718 2191 1.

94 2221 218 2265 Salvo
248 2222 514 2280 praescripto
548 2236 638 2265 cao.
674 2224 808 2278 1056,
856 2235 938 2279 quo
990 2222 1220 2265 «locorum
1270 2218 1481 2265 Ordinarii
1515 2232 1719 2263 eorumve

92 2292 288 2336 officiales
336 2298 562 2350 nequeunt,
613 2295 831 2336 occasione
877 2305 1098 2336 concessae
1141 2292 1460 2348 dispensationis
1493 2290 1720 2347 (matrimo-

93 2363 228 2418 nialis,
263 2369 304 2407 ut
339 2363 482 2420 regula
517 2363 757 2421 generalis),
790 2363 1115 2407 emolumentum
1153 2362 1281 2406 ullum
1317 2363 1544 2418 exigere»,
1568 2366 1607 2403 et
1631 2374 1719 2402 ean.

95 2436 213 2478 1234
245 2435 381 2493 quoad
421 2451 442 2475 «
466 2435 644 2478 indicem
679 2434 928 2478 funeralium
974 2439 1166 2478 taxarum
1205 2446 1276 2476 seu
1312 2432 1718 2489 eleemosynarum»

96 2505 399 2549 conficiendum
425 2519 500 2560 per
534 2505 717 2549 locorum
753 2502 999 2550 Ordinarios
1037 2505 1131 2548 «de
1165 2503 1336 2548 consilio
1375 2502 1549 2559 Capituli
1585 2501 1721 2545 cathe-

94 2575 222 2619 dralis
243 2591 284 2631 »,
310 2575 546 2634 praefinire
585 2589 656 2619 seu
702 2577 873 2632 praevie
906 2580 1087 2619 statuere
1135 2574 1351 2631 generales
1385 2578 1509 2615 laras
1541 2572 1718 2615 scillcet:

96 2649 313 2704 pecuniam
348 2646 663 2690 occasionaliter
695 2645 938 2689 solvendam
974 2645 1015 2703 a)
1047 2659 1125 2704 pro
1146 2644 1722 2693 variiscieti'b2e3,se11eorum

95 2716 310 2761 effectibus
327 2716 602 2773 suscipiendis
620 2714 932 2759 iurisdictionis
948 2715 1217 2759 voluntariae
1239 2728 1310 2757 seu
1336 2729 1355 2754 <‹
1377 2711 1681 2756 non-iudicialis
1698 2728 1719 2752 »

216 2872 227 2892 1
256 2871 300 2904 10
325 2870 413 2904 Iun.
445 2869 547 2904 1896.
574 2869 674 2903 Acta
701 2867 739 2902 S.
770 2867 882 2901 Sedis
907 2867 1060 2911 XXIX⁷
1089 2868 1170 2901 433.
