1965 3240
151 133 218 167 188
528 132 611 166 LIB.
639 132 709 166 111.
736 152 749 157 -
776 132 886 166 PARS
911 131 982 166 ΠΙ.
1008 152 1020 156 -
1047 132 1104 166 De
1129 133 1240 166 cultu
1265 132 1400 166 divino

149 256 306 296 constet
338 265 409 293 eus
441 250 581 308 salsas
614 252 782 294 forsitan
817 253 904 294 sine
939 251 1083 294 fraude
1119 249 1179 293 vel
1210 249 1507 307 supposititias
1530 264 1630 293 esse.
1664 250 1780 294 Tunc

149 325 258 367 enim
298 324 620 378 «praesumptio
655 322 775 365 cedat
810 324 1012 365 veritati»
1051 326 1325 377 serveturque
1358 333 1447 364 can.
1486 321 1609 364 1284.

270 393 363 436 155.
391 394 720 445 Quaestiones
743 407 839 438 non
863 395 1134 449 agitandae
1156 395 1218 438 de
1241 394 1555 449 reliquiarum
1578 394 1779 438 authen-

146 466 349 510 ticitate.
371 462 432 506 Ex
459 468 570 506 motu
596 476 654 518 pr.
681 464 737 505 Pii
761 462 798 505 Χ
837 478 856 503 c(
875 462 1097 505 Sacrorum
1122 462 1362 504 Antistitum
1383 477 1401 502 J)
1429 462 1440 483 ¹
1475 475 1514 505 n.
1544 460 1589 504 vt
1614 462 1778 504 desum·

150 539 241 590 ptus
273 538 333 577 est
365 533 671 590 ampliatusque
705 547 794 575 eun.
833 535 962 576 1280.
1012 531 1215 575 Locorum
1269 531 1494 575 Ordinarii
1536 546 1586 575 ne
1618 532 1780 587 sinant7

147 609 346 662 quantum
384 604 603 660 prudentia
636 617 729 647 cum
765 603 849 647 zelo
883 606 941 646 eis
964 607 1173 659 suggeret.
1200 602 1394 656 ntaoeime,
1417 605 1511 660 quia
1536 604 1594 646 eis
1618 603 1782 646 facilius

148 677 226 718 erit
258 675 442 729 obtentu,
477 674 517 731 a)
554 675 593 717 in
629 675 765 717 saeris
800 673 1081 727 concionibus,
1114 686 1220 731 quae
1268 686 1411 716 omnes
1453 673 1504 717 ab
1538 675 1636 729 ipsis
1680 687 1777 730 pen-

148 745 258 800 dent,
309 750 351 788 ut
400 745 554 801 patebit
587 747 625 787 in
670 744 744 788 Tit.
796 743 868 787 XX
926 759 946 785 ((
965 743 1022 787 De
1071 744 1201 787 divini
1254 743 1370 787 verbi
1413 744 1781 800 praedicatione»,

148 815 189 872 b>
221 815 355 867 libris,
395 829 536 873 «quos
569 816 693 858 edere
714 831 732 855 ³>
771 817 844 871 ipsi
881 815 1090 858 licentiam
1124 813 1322 867 tribuunt,
1367 815 1407 870 c)
1431 813 1780 872 ephemeridibus,

147 899 253 944 quae
289 888 325 929 in
361 886 449 929 dies
485 885 748 942 publicantur
781 889 852 928 aut
885 887 1027 941 paucis
1060 889 1249 928 constant
1272 884 1390 940 toliis,
1416 884 1460 941 d)
1484 890 1559 927 aut
1582 898 1781 928 cominen-

149 956 274 999 turiis
309 957 434 1001 idest:
472 956 619 999 libellis
655 957 876 1013 periodicis
908 946 1113 1013 fovendae
1143 956 1298 1013 pietali
1331 955 1573 1010 destinatis,
1607 958 1703 1013 quia
1738 959 1778 999 in

147 1026 210 1070 llis
243 1028 496 1084 trequentior
529 1028 651 1069 datur
684 1029 861 1081 occasio,
895 1031 935 1069 et
971 1041 991 1066 «
1012 1028 1049 1068 in
1099 1025 1251 1083 quibus
1298 1026 1481 1069 scribere
1527 1026 1589 1069 vel
1631 1026 1778 1069 eadem

149 1098 353 1141 moderari
392 1102 583 1140 vetantur
615 1097 755 1140 clerici
789 1096 1024 1140 saeculares
1055 1099 1143 1139 sine
1177 1110 1379 1140 consensu
1412 1110 1580 1140 suorum
1606 1094 1781 1141 Ordina-

148 1171 319 1222 riorum,
353 1169 533 1224 religiosi
571 1182 669 1211 vero
703 1168 847 1225 (etiam
882 1167 1082 1224 exempti)
1117 1169 1205 1210 sine
1240 1167 1404 1211 licentia
1447 1169 1509 1211 sui
1548 1168 1783 1224 Superioris

149 1242 316 1282 maioris
350 1244 387 1282 et
422 1237 635 1283 Ordinarii
671 1238 746 1282 loci
770 1255 789 1279 ))
830 1239 938 1296 (can.
978 1239 1100 1293 1386,
1125 1239 1153 1296 ξ
1180 1238 1243 1295 1);
1277 1251 1324 1282 ac
1347 1241 1535 1295 sequitur
1559 1241 1596 1281 in
1621 1251 1781 1282 canone

149 1310 294 1353 modus
331 1313 482 1353 vetitus
515 1311 554 1366 a)
586 1324 636 1352 (ατ
668 1310 795 1352 meris
829 1309 1094 1363 coniecturis,
1121 1312 1202 1352 imo
1228 1309 1269 1366 b)
1294 1323 1346 1351 em
1369 1309 1473 1352 solis
1491 1308 1781 1367 probabilibus

147 1380 409 1437 aryumentis
443 1380 482 1437 c)
520 1380 592 1435 vel,
627 1381 735 1438 quod
774 1383 904 1437 magis
941 1380 1154 1423 vitandum
1190 1385 1263 1435 est,
1286 1380 1598 1437 praeiudicatis
1622 1380 1781 1438 opinio-

148 1450 280 1505 nibus,
316 1465 485 1508 nempe:
522 1456 565 1495 ut
599 1451 675 1494 liae
711 1451 991 1508 praevaleant,
1022 1451 1277 1509 praesertim
1310 1451 1490 1508 quando,
1524 1454 1597 1494 etsi
1633 1451 1777 1494 sunda-

148 1527 332 1566 mentum
368 1522 568 1566 haberent
601 1523 864 1574 disserentes,
901 1523 937 1565 id
974 1527 1171 1566 exercent
1204 1522 1338 1565 verbis
1372 1521 1603 1566 ludibrium
1631 1535 1702 1565 seu
1729 1524 1780 1564 ir·

147 1596 340 1637 risionem
376 1599 450 1636 aut
482 1592 720 1651 despectum
752 1592 1027 1651 sapientibus,
1067 1593 1276 1636 obiectum
1314 1607 1411 1636 vero
1437 1593 1673 1650 praedictae
1696 1597 1776 1635 tra-

146 1667 336 1708 ctationis
369 1669 429 1707 est
461 1666 520 1708 sic
554 1665 840 1720 designatum:
887 1664 1154 1721 qztaestiones
1188 1663 1351 1720 aqituri
1383 1663 1433 1706 de
1464 1677 1685 1706 sacrarum
1718 1677 1780 1705 re-

146 1734 391 1792 liquiarum,
426 1740 631 1793 quatenus
664 1735 740 1778 bae
778 1735 840 1778 vel
877 1735 969 1778 illae
1003 1735 1138 1778 cultus
1171 1734 1379 1778 obiectum
1415 1737 1682 1783 constituunt,
1707 1748 1778 1776 uu-

146 1805 423 1850 tlientieitute.
456 1806 624 1849 Talibus
656 1808 765 1848 enim
800 1805 972 1861 artibus,
992 1808 1090 1863 quin
1126 1805 1252 1848 dubia
1286 1805 1562 1860 elucidentur,
1589 1804 1777 1848 fidelium

145 1876 290 1933 religio
324 1879 507 1934 quatitur
540 1882 579 1920 et
613 1890 756 1922 eorum
789 1876 985 1920 scandalo
1019 1876 1141 1919 datur
1175 1878 1352 1919 occasio.

266 1947 361 1990 156.
399 1949 470 1993 De
493 1962 747 1993 sacrarum
770 1949 1085 2004 reliquiarum
1114 1949 1443 2003 expositione.
1477 1945 1613 1989 lnnoo
1652 1945 1699 2006 lll
1737 1948 1776 1988 in

145 2016 268 2061 Conc.
302 2017 527 2061 (ὶθηθνὶιΙί2
562 2020 620 2061 sic
653 2018 866 2061 decrevit:
906 2033 925 2058 ((
944 2016 1045 2061 Cum
1080 2030 1128 2060 ex
1164 2030 1226 2073 eo,
1259 2017 1367 2074 quod
1403 2016 1570 2074 quidam
1615 2021 1775 2059 sancto⁴

146 2102 237 2132 rum
273 2088 467 2146 reliquias
490 2092 703 2144 exponunt
729 2088 907 2140 venales,
933 2093 973 2131 et
994 2101 1063 2131 eas
1088 2090 1236 2144 passim
1262 2087 1496 2140 ostendunt,
1519 2086 1778 2131 Christianae

147 2158 333 2214 religioni
369 2159 601 2201 detractum
636 2160 688 2201 sit
719 2161 896 2214 saepius.
936 2157 995 2201 Ne
1031 2161 1067 2201 in
1104 2163 1312 2214 posterum
1358 2148 1613 2212 detrahatur,
1659 2170 1773 2213 prae-

143 2231 247 2272 senti
281 2229 448 2272 decreto
482 2231 716 2283 statuimuS‚
750 2234 793 2272 ut
826 2231 1021 2286 antiquae
1057 2229 1255 2286 reliquiae
1289 2228 1437 2272 amodo
1467 2232 1583 2271 extra
1607 2240 1774 2284 capsam

144 2299 377 2343 nullatenus
411 2300 695 2353 ostendantur,
747 2313 821 2343 nec
869 2305 1131 2355 exponantur
1183 2299 1406 2342 venales».
1459 2298 1563 2342 Huic
1606 2298 1775 2342 decreto

144 2372 335 2426 congruit
367 2384 458 2414 cun.
493 2370 674 2427 1281}
699 2373 735 2413 1.
756 2369 989 2427 Reliquiae,
1029 2372 1299 2426 «antiquae»
1342 2369 1403 2412 vel
1430 2373 1631 2424 recentes,
1655 2381 1777 2425 quae-

145 2440 256 2495 libet7
291 2455 381 2482 eum
415 2446 697 2498 eoeponuntur,
729 2443 818 2483 sive
867 2441 1112 2493 adorationi,
1160 2443 1249 2483 sive
1292 2441 1513 2483 ostensioni
1558 2439 1599 2482 in
1645 2438 1776 2482 thecis

144 2512 249 2554 idest
281 2514 583 2568 cuiuscumque
617 2510 770 2554 metalli
806 2511 985 2567 capsulis
1018 2525 1112 2554 cum
1147 2511 1345 2567 operculo
1380 2513 1511 2553 vitreo
1540 2523 1612 2552 seu
1636 2509 1775 2567 capsis

143 2581 314 2624 clausae
348 2582 625 2638 undequaque
659 2586 698 2624 et
716 2581 961 2638 obsiqnutue
986 2582 1071 2624 sint
1093 2582 1228 2638 sigillo
1251 2581 1573 2624 autlienticantis
1595 2585 1771 2638 oportet.

262 2652 307 2696 D.
341 2652 518 2695 Thomas
552 2655 607 2695 ait
626 2651 664 2695 ³:
706 2657 960 2695 «creaturae
995 2651 1220 2696 insensibili
1248 2665 1325 2695 non
1350 2651 1525 2695 debetur
1550 2651 1681 2694 honor
1707 2650 1769 2693 vel

146 2725 395 2777 reverentia,
429 2725 502 2765 nisi
539 2724 697 2765 ratione
733 2722 943 2766 rationalis
976 2727 1160 2766 naturae.
1209 2722 1255 2765 Et
1301 2723 1376 2765 boc
1409 2722 1642 2778 dupliciter.
1684 2720 1771 2764 Uno

264 2829 274 2850 ¹
305 2829 320 2861 1
350 2828 455 2872 Sept.
488 2830 590 2871 1910,
634 2829 710 2863 CO.
753 2829 804 2869 Π,
834 2829 914 2862 664.
958 2849 997 2853 -
1038 2830 1051 2851 2
1091 2829 1181 2873 Cap.
1218 2831 1239 2862 2
1276 2830 1339 2863 tit.
1369 2830 1414 2862 45
1442 2830 1500 2862 De
1525 2827 1703 2872 reliquiis
1730 2832 1770 2862 et

144 2876 400 2909 veneratione
426 2883 666 2916 sanctorum,
697 2876 780 2910 Lib.
808 2876 879 2910 ΙΙΙ.
907 2897 953 2901 -
979 2877 992 2898 3
1017 2877 1077 2910 ΙΙΙ
1106 2878 1143 2909 Ρ.
1174 2888 1207 2920 q.
1238 2876 1350 2910 XXV
1376 2887 1408 2910 a.
1440 2878 1456 2907 1
1482 2887 1513 2908 c.
