1965 3240
451 158 536 193 Trr.
565 157 690 192 XXV.
720 178 732 183 -
759 157 816 192 De
841 158 1033 201 beneficiis
1058 157 1325 191 ecclesiasticis
1633 158 1700 191 441

73 278 180 334 (sive
213 279 388 333 patroni)
422 278 609 320 fecerunt
645 276 707 320 vel
744 277 896 320 facient
929 277 967 318 in
1002 276 1199 325 futurum,
1229 277 1309 317 vim
1344 274 1525 332 aliquam
1562 275 1702 319 decer-

74 350 209 391 nimus
242 361 321 390 non
356 347 510 391 habere
534 364 571 390 )).
607 347 694 391 Νοι]
728 360 848 391 secus
880 348 1022 390 statuit
1056 348 1079 399 g
1110 348 1152 388 3.
1195 344 1243 389 Ut
1279 345 1334 388 (ut
1366 345 1491 399 alios,
1527 345 1703 390 clericos

77 418 139 462 vel
175 418 312 464 laicos,
350 431 484 461 mares
510 418 571 462 vel
598 419 782 473 leminas,
809 417 986 474 puberes
1013 416 1075 459 vel
1103 416 1352 471 impuberes,
1380 429 1575 473 personas
1599 417 1699 474 phy-

73 492 180 533 sicas
217 489 277 532 vel
315 489 506 541 morales,
536 490 606 532 sed
642 502 720 532 non
756 487 959 532 inhabiles
992 500 1041 530 ex
1077 491 1102 541 ξ
1136 487 1194 541 1⁰,
1228 487 1294 529 ius
1322 492 1580 545 patronatus
1609 502 1704 546 per-

73 560 219 603 sonate
252 559 403 603 ibidem
440 559 695 603 declaratum
732 558 968 602 transmitti
1002 571 1075 615 per
1108 563 1366 601 contractum
1394 558 1532 601 valide
1550 559 1701 617 possit,

74 636 135 674 est
167 644 266 688 ergo
304 633 515 673 «irritans
550 630 657 673 lex»
697 631 804 686 (can.
846 629 929 686 ll),
962 628 1200 686 requiritur
1238 628 1278 685 a)
1313 642 1536 671 consensus
1575 628 1698 672 Ordo?-

76 702 191 744 καφ-η’
224 701 300 745 loci
335 715 382 744 ex
419 706 628 756 contextu,
665 714 742 744 non
777 714 897 744 secus
920 713 967 743 ac
992 702 1030 742 in
1057 702 1144 743 iure
1173 702 1310 754 citato,
1336 712 1410 743 nec
1433 700 1584 748 sufficit
1612 714 1703 743 ver-

74 772 262 826 botenus,
293 772 363 815 sed
404 774 718 828 «requiritur»
760 776 802 814 ut
848 783 972 827 supra
1020 769 1131 827 quod
1179 771 1230 813 sit
1274 769 1316 812 in
1354 769 1526 827 seriptis
1560 769 1700 823 datus,

73 842 203 886 salvis
236 841 395 900 leyibus
427 841 697 900 simulationis
730 854 836 899 quae
870 842 1054 885 fortassis
1088 839 1251 883 obstent
1280 840 1375 883 huic
1400 842 1701 883 transmissioni

77 914 140 957 vel
174 926 265 957 eam
300 927 372 970 per
415 913 594 970 aliquem
641 913 807 956 modum
854 912 1042 960 limitent,
1078 911 1257 968 itemque
1289 911 1405 954 salvo
1436 911 1702 969 praescripto

73 999 165 1028 can.
186 987 319 1039 1470,
350 984 379 1043 ξ
415 987 445 1033 t,
480 998 519 1026 n.
555 987 598 1036 4,
633 983 812 1027 scilicet:
843 985 912 1025 «si
937 985 1226 1039 exstinguatur
1259 982 1430 1036 familia,
1456 995 1570 1038 gens,
1596 981 1703 1025 linea

73 1057 139 1099 cui
172 1056 401 1099 secundum
437 1054 598 1098 tabulas
631 1055 881 1098 fundationis
905 1053 987 1111 (ius
1021 1053 1279 1110 patronatus)
1304 1058 1601 1107 reservatur,...
1627 1065 1702 1096 nec

73 1124 323 1171 Ordinarius
374 1126 509 1169 valide
559 1129 797 1181 permittere
839 1127 985 1182 poterit
1024 1125 1290 1168 donationem
1328 1126 1428 1168 iuris
1463 1129 1705 1180 patronatus

74 1198 141 1241 alii
177 1200 265 1242 lieri
290 1214 329 1238 )).

192 1271 216 1323 ἓ
247 1270 289 1313 3.
326 1269 371 1312 Sa·
405 1283 484 1320 res,
518 1269 586 1312 cui
618 1269 684 1312 ius
713 1274 969 1327 patronatus
1003 1267 1118 1311 reale
1140 1268 1371 1311 secundum
1407 1267 1529 1311 liuius
1561 1268 1706 1311 delini-

74 1342 227 1383 tionem
262 1338 469 1385 cohaeret.
504 1339 559 1382 ad
591 1339 781 1397 aliquam
808 1352 1034 1397 personam
1070 1337 1120 1381 de
1152 1352 1234 1396 qua
1268 1338 1311 1380 in
1343 1338 1388 1396 §⁰
1424 1337 1465 1381 1⁰
1498 1338 1591 1381 data
1629 1339 1705 1382 fuit
1752 1379 1756 1384 ,

74 1422 240 1468 quoque
271 1409 493 1466 explicatio
528 1415 732 1461 transeat,
751 1411 944 1467 quamvis
978 1409 1100 1452 modo
1134 1408 1333 1464 legitimo,
1362 1408 1428 1451 ius
1449 1413 1706 1465 patronatus

76 1494 154 1524 non
189 1486 336 1535 cessat,
370 1481 441 1524 sed
475 1480 527 1524 ob
560 1480 860 1524 inhabilitatem
896 1493 1094 1537 personae
1127 1480 1262 1537 quoad
1300 1482 1374 1534 ius,
1401 1479 1506 1522 istud
1532 1493 1705 1537 suspen-

75 1566 165 1594 sum
201 1557 342 1595 manet
375 1552 510 1610 quoad
546 1554 635 1595 eius
671 1553 932 1595 exercitium.

195 1623 293 1667 358.
327 1626 609 1670 Necessitas
643 1625 888 1680 probandi
922 1625 996 1669 ius
1029 1625 1324 1679 patronatus
1359 1622 1433 1664 fuit
1456 1623 1624 1664 omnino
1647 1634 1709 1664 as-

74 1698 182 1738 serta
218 1697 254 1737 in
291 1693 408 1739 Dee.⁰
442 1695 480 1738 S.
515 1693 654 1738 Conc.¹
688 1693 813 1736 Trid.¹
858 1693 920 1736 his
969 1693 1106 1737 verbis
1131 1694 1166 1736 ¹:
1208 1708 1228 1732 <r
1252 1693 1378 1736 Sicuti
1419 1692 1600 1749 legitima
1637 1705 1704 1749 pa-

75 1770 311 1809 tronatuum
348 1768 435 1808 iura
471 1765 630 1819 tollere,
666 1767 836 1823 piasque
862 1764 1046 1818 fidelium
1074 1764 1308 1807 voluntates
1341 1766 1379 1806 in
1414 1777 1556 1807 eorum
1594 1765 1704 1806 insti-

74 1838 232 1880 tutione
269 1835 439 1891 violare,
473 1849 651 1893 aequum
687 1849 767 1879 non
801 1841 883 1879 est:
918 1838 977 1879 sic
1010 1837 1147 1889 etiam,
1175 1839 1216 1878 ut
1242 1834 1317 1878 hoc
1342 1835 1480 1878 colore
1504 1833 1705 1878 beneticia

74 1906 355 1951 ecclesiastica
390 1909 429 1950 in
463 1909 725 1961 servitutem,
759 1906 866 1963 quod
903 1919 924 1950 a
961 1906 1100 1949 multis
1134 1906 1399 1962 impudenter
1433 1907 1490 1959 tit,
1515 1906 1705 1961 redigan-

74 1982 155 2032 tur,
188 1991 268 2021 non
303 1982 363 2021 est
397 1977 736 2034 permittendum.
771 1976 822 2021 Ut
856 1979 982 2034 igitur
1013 1977 1151 2020 debita
1187 1979 1225 2019 in
1270 1975 1463 2020 omnibus
1498 1978 1600 2019 ratio
1634 1975 1707 2019 ob-

75 2053 280 2102 servetur,
314 2048 502 2092 decernit
533 2049 681 2092 Sancta
715 2048 922 2104 SynoduS,
955 2052 998 2091 ut
1030 2047 1173 2091 titulus
1198 2049 1299 2090 iuris
1323 2051 1563 2103 patronatus
1586 2049 1637 2090 sit
1655 2060 1706 2090 ex

77 2118 332 2174 fundatione,
369 2118 431 2162 vel
467 2119 688 2162 dotatione.
732 2121 802 2176 qui
836 2132 884 2163 ex
920 2118 1158 2162 authentico
1192 2119 1454 2162 documento.
1489 2123 1528 2161 et
1560 2118 1651 2162 aliis
1684 2130 1705 2160 a

77 2191 166 2232 iure
199 2192 408 2247 requisitis
441 2190 704 2244 ostendatur3
738 2192 828 2233 sive
861 2192 984 2233 etiam
1020 2203 1069 2233 ex
1106 2189 1389 2245 multiplicatis
1415 2190 1709 2245 praesentatio-

78 2259 198 2304 nibus
215 2273 288 2317 per
310 2262 645 2318 antiquissimum
681 2262 879 2317 temporis
911 2274 1095 2316 cursum,
1121 2262 1189 2317 qui
1213 2259 1429 2303 hominum
1461 2261 1704 2303 memoriam

77 2330 264 2385 excedat,
288 2330 446 2374 aliasve
468 2330 698 2375 secundum
734 2333 834 2374 iuris
867 2333 1195 2388 dispositionem.
1232 2331 1270 2373 ln
1295 2330 1357 2373 liis
1381 2344 1480 2373 vero
1506 2332 1707 2387 personis,

76 2414 148 2445 seu
183 2401 565 2455 communitatibus,
589 2401 652 2445 vel
688 2401 1045 2457 universitatibus,
1070 2404 1109 2445 in
1134 2401 1285 2459 quibus
1309 2401 1347 2444 id
1373 2404 1435 2445 ius
1460 2401 1706 2458 plerumque

78 2485 126 2515 ex
163 2474 430 2529 usurpatione
464 2475 598 2529 potius
630 2474 863 2530 quaesitum
900 2475 1106 2529 praesumi
1131 2472 1249 2527 solet,
1274 2472 1432 2528 plenior
1455 2477 1495 2516 et
1522 2473 1708 2515 exactior

80 2542 267 2599 probatio
300 2543 349 2586 ad
384 2543 618 2586 docendum
655 2555 803 2587 verum
837 2543 1001 2587 titulum
1036 2545 1293 2601 requiratur:
1330 2556 1403 2586 nec
1439 2545 1704 2585 immemora-

79 2612 172 2657 bilis
204 2616 403 2670 temporis
436 2613 623 2670 probatio
646 2613 766 2656 aliter
788 2616 847 2657 eis
869 2614 1133 2671 suffragetur,
1153 2626 1277 2671 quam
1301 2615 1333 2656 si
1359 2618 1522 2670 praeter
1546 2612 1704 2668 reliqua

77 2684 128 2727 ad
163 2696 253 2727 eam
289 2686 534 2739 necessaria,
573 2687 924 2740 praesentationes
965 2686 1088 2728 etiam
1129 2686 1409 2736 continuatae,
1440 2696 1519 2726 non
1558 2683 1705 2725 minori

78 2754 223 2798 saltem
257 2766 381 2812 quam
416 2756 715 2812 qninquaginta
760 2767 962 2798 annorum
1006 2757 1151 2811 spatio,
1186 2767 1292 2812 quae
1335 2767 1478 2797 omnes
1511 2754 1704 2796 ellectum

197 2909 208 2930 1
236 2908 326 2953 Cap.
356 2907 391 2951 9,
421 2918 514 2942 sess.
543 2906 654 2941 XXV
681 2906 726 2940 de
753 2906 842 2941 Ros.
