1965 3240
470 167 554 202 Trr.
580 167 706 203 XXV.
734 189 746 194 -
773 168 829 204 De
855 170 1048 214 beneficiis
1074 172 1340 206 ecclesiasticis
1649 174 1718 208 417

91 297 173 341 que
208 297 280 340 per
313 283 421 327 bunc
453 284 524 343 §.¹¹²
557 286 784 341 derogatur
817 288 894 330 iuri
931 288 1342 343 Metropolitanorum
1379 292 1416 333 in
1446 302 1536 347 cap.
1562 291 1585 334 2
1623 306 1642 332 α
1667 290 1717 334 de

88 357 357 398 concessione
393 355 654 411 praebendae
687 362 725 400 et
759 357 959 401 ecclesiae
992 371 1071 400 non
1110 362 1295 403 vacantis
1318 377 1338 401 ))
1377 374 1585 417 expresso

213 424 309 467 334.
347 426 419 471 De
453 428 784 474 Coadiutoriis
821 442 917 474 non
951 431 1279 476 concedendis
1327 431 1441 474 adest
1474 446 1563 474 can.
1601 434 1719 475 1433

93 496 273 539 referens
306 496 518 539 decretum
555 498 676 541 Cone.
712 497 822 542 Trid.
856 501 1068 556 sequentis
1103 503 1255 543 tenoris
1279 501 1306 545 ¹.
1347 502 1489 545 «Cum
1533 505 1569 545 in
1601 502 1719 546 bene·

91 567 195 610 liciis
228 566 520 611 ecclesiasticis
553 581 612 623 ea,
648 582 754 626 quae
779 569 1080 614 haereditariae
1108 574 1382 615 successionis
1406 575 1628 630 imaginem
1656 587 1716 617 re-

91 637 237 685 ferunt,
273 640 401 681 sacris
434 639 799 683 constitutionibus
820 643 901 684 sint
924 641 1079 694 odiosa,
1103 645 1142 685 et
1167 641 1331 686 Pati-um
1357 643 1536 687 decretis
1560 649 1718 688 contra-

90 709 192 751 ria...
228 707 269 751 In
304 709 616 754 coadiutoribus
649 724 814 768 quoque
847 726 940 756 cum
976 714 1112 757 futura
1135 716 1397 758 successione
1417 715 1524 758 idem
1548 715 1717 771 posthac

86 777 349 835 observetur,
385 785 425 823 ut
460 784 612 824 nemini
649 785 686 825 in
721 783 1055 842 quibuscumque
1091 785 1302 829 beneticiis
1320 785 1612 830 ecclesiasticis
1632 800 1718 843 per-

89 852 303 893 mittantur
326 866 364 891 ›>.
400 850 615 909 Reliquam
652 858 808 909 partem
834 857 1170 912 transcripsimus
1190 858 1227 899 in
1247 855 1553 900 Commentario
1572 856 1657 901 Lib.
1685 857 1716 900 ll

85 920 137 963 ad
173 933 263 964 can.
301 921 397 969 350,
433 924 457 976 g
487 923 519 965 1.

207 991 436 1035 Praesentis
469 996 638 1037 canonis
674 998 974 1051 praescriptum
1000 1001 1088 1040 est:
1127 995 1416 1053 s'oadz'zelor'es,
1441 1011 1489 1041 eo
1512 998 1621 1055 quod
1648 998 1715 1042 be-

87 1062 324 1105 neficiarius
366 1063 601 1121 aliqualiter
646 1066 884 1122 impeditur,
920 1066 959 1109 in
1004 1066 1214 1124 benefieiis
1246 1067 1515 1125 quibuslibet,
1549 1069 1590 1126 a)
1626 1083 1716 1112 cum

85 1133 174 1175 iure
205 1133 456 1177 succedendi
493 1137 530 1177 in
557 1134 654 1179 illud
692 1135 954 1191 beneficium,
991 1136 1029 1192 b)
1062 1137 1126 1180 vel
1162 1138 1253 1181 sine
1284 1138 1434 1196 futura
1457 1140 1717 1184 successione

81 1215 133 1245 ex
167 1203 335 1247 decreto
368 1204 477 1249 illius
509 1209 788 1250 concessionis
821 1207 870 1250 ab
905 1222 987 1251 mea
1021 1208 1132 1252 Sede
1162 1209 1404 1267 Apostoliea
1438 1224 1532 1254 cum
1557 1212 1715 1268 signiti-

82 1275 245 1318 catione
289 1288 459 1319 normae
497 1283 604 1320 can.¹⁵
637 1278 676 1331 7,
711 1279 913 1322 constitui
952 1285 1142 1337 possunt,
1178 1286 1432 1338 quapropter
1479 1281 1715 1326 excluditur

86 1348 264 1400 potestas
283 1347 321 1388 in
341 1346 431 1389 aliis
452 1347 648 1391 Praelatis
668 1367 675 1400 ς
701 1348 817 1391 salvo
837 1354 973 1392 tarnem
1000 1349 1203 1394 limitante
1224 1351 1491 1409 praescripto
1509 1366 1600 1394 ran.
1620 1355 1714 1396 475

80 1414 134 1458 de
170 1417 325 1460 vicario
349 1418 570 1473 paroeciali
595 1420 798 1474 adiutore,
832 1425 871 1463 et
903 1423 998 1464 476
1020 1421 1071 1465 de
1089 1421 1212 1465 simili
1241 1424 1395 1466 vicario
1428 1428 1712 1480 cooperatore,

81 1485 152 1528 sed
188 1490 362 1544 uterque
389 1501 511 1532 verus
533 1494 593 1532 est
616 1491 832 1533 coadiutor
880 1506 900 1531 «
923 1493 1011 1535 sine
1038 1494 1173 1535 lutura
1198 1495 1461 1536 successione
1487 1509 1506 1534 »
1544 1495 1594 1537 ad
1619 1507 1711 1537 nor-

84 1568 191 1600 mam
227 1559 294 1602 cit.
329 1561 475 1615 capitis
507 1558 752 1604 Tridentini.

201 1627 298 1670 335·
335 1630 624 1676 Reservatio
657 1633 1012 1679 beneficiorum
1048 1635 1085 1676 in
1127 1636 1214 1677 iure
1248 1637 1418 1692 antiquo
1451 1637 1617 1691 proprie
1650 1635 1710 1679 di·

78 1700 215 1741 citur:
257 1714 277 1739 (c
302 1698 490 1743 beneficii
531 1701 799 1746 ecclesiastici
845 1704 979 1761 quoad
1025 1717 1168 1748 omnes
1213 1707 1340 1761 ipsius
1376 1707 1624 1754 vacationes,
1659 1706 1709 1750 ad

78 1769 229 1813 Sedem
265 1770 543 1827 Apostolicam
580 1773 686 1816 facta
725 1776 915 1817 avocatio
947 1777 1257 1831 provisionis».
1292 1775 1448 1830 Quodsi
1485 1790 1556 1832 pro
1592 1779 1712 1820 unico

78 1844 172 1883 actu
209 1843 458 1896 provisionis
497 1848 699 1886 avocetur
745 1843 992 1888 beneficium
1036 1850 1295 1897 vacaturum,
1332 1847 1368 1889 id
1404 1852 1513 1890 esset
1547 1850 1710 1903 proprie

80 1910 243 1954 affectio
276 1911 386 1955 illius
420 1911 623 1957 beneficii.
647 1914 786 1958 Codex
825 1929 923 1958 vero
957 1921 1181 1974 utrumque
1215 1917 1461 1973 simpliciter
1497 1923 1615 1962 vocat
1648 1931 1711 1962 re-

77 1984 374 2037 servationem,
409 1984 640 2042 eodemque
677 1987 832 2041 pariter
864 1987 1027 2030 effectu.
1046 1989 1114 2044 qui
1140 1990 1389 2044 exprimitur
1414 1991 1450 2031 in
1476 2003 1565 2033 rav.
1592 1991 1711 2032 1434

81 2065 154 2108 per
178 2053 309 2109 legem
347 2056 589 2098 irritantem.
628 2055 836 2113 Beneficia
870 2058 1080 2115 quaelibet
1114 2057 1212 2101 Sede·
1244 2059 1512 2117 Apostolirae
1544 2061 1592 2103 ad
1621 2074 1709 2103 uor-

79 2135 188 2166 mam
222 2135 312 2166 can.
347 2124 370 2167 7
406 2130 636 2177 reservata,
671 2126 768 2169 dum
805 2127 898 2171 talia
942 2134 1034 2171 sunt
1079 2129 1213 2186 quoad
1254 2143 1396 2173 eorum
1438 2132 1601 2174 unicam
1647 2131 1709 2174 vel

81 2192 218 2248 plures
235 2198 493 2239 successivas
530 2200 779 2250 vacationes,
813 2198 862 2241 ab
895 2198 1173 2257 inferioribus
1196 2200 1488 2257 Superioribus
1513 2201 1708 2245 ecclesia-

76 2265 192 2307 sticis
223 2264 275 2308 ob
309 2271 550 2322 potestatem
596 2268 981 2325 administrationis,
1014 2270 1203 2314 invalide
1225 2271 1514 2329 conseruntur.
1550 2272 1598 2315 Et
1631 2272 1708 2317 hoc

82 2335 364 2380 insanabiliter
396 2336 448 2381 ob
473 2338 659 2394 regulam
684 2341 786 2382 iuris
812 2340 863 2383 18
898 2343 936 2383 in
962 2342 1020 2387 6⁰.
1061 2358 1082 2382 c<
1105 2341 1191 2384 Non
1234 2344 1422 2386 firmatur
1446 2347 1579 2387 tractu
1605 2348 1706 2387 tem-

82 2407 203 2460 poris,
237 2408 345 2464 quod
381 2408 431 2452 de
456 2411 544 2452 iure
568 2409 619 2452 ab
644 2412 758 2453 initio
783 2424 860 2453 non
885 2411 1069 2455 subsistit
1093 2429 1131 2455 ».

199 2475 296 2519 336·
332 2480 713 2527 Reservationes
734 2483 1086 2529 beneficiorum
1107 2486 1348 2540 vigentes.
1373 2484 1622 2540 Praecipuae
1647 2499 1705 2528 re-

78 2549 360 2591 servationum
395 2549 623 2594 divisiones
658 2553 952 2597 memorandae
990 2559 1103 2601 sunt:
1143 2555 1183 2597 1O
1219 2557 1256 2597 in
1292 2554 1521 2611 generaleS,
1555 2555 1705 2613 quibus

79 2617 196 2673 plura
234 2617 431 2663 beneficia
467 2623 504 2664 in
539 2625 764 2666 communi.
798 2629 835 2666 et
877 2626 913 2667 in
947 2625 1150 2681 speciales
1173 2625 1324 2682 quibus
1357 2631 1514 2669 certum
1553 2627 1704 2670 beneti-

75 2690 187 2731 cium
223 2688 339 2732 Rom.
377 2690 561 2734 Pontifex
596 2691 672 2736 sibi
707 2700 919 2748 reservat,
952 2721 1008 2726 -
1044 2696 1086 2738 20
1122 2699 1159 2738 in
1198 2696 1328 2739 reales
1361 2710 1466 2754 quae
1499 2702 1590 2740 sunt
1625 2702 1704 2740 sta-

78 2763 191 2802 tutae
224 2759 276 2803 ob
312 2759 499 2804 beneficii
534 2763 790 2819 qualitatem,
824 2769 862 2808 ei
888 2767 925 2808 in
953 2767 1203 2822 personales,
1244 2779 1349 2824 quae
1383 2769 1540 2810 ratione
1567 2782 1703 2824 perso-

196 2915 207 2936 1
236 2913 327 2959 Cap.
356 2915 391 2959 7,
421 2926 515 2949 sess.
545 2915 655 2950 XXV
682 2916 727 2950 de
754 2917 840 2952 Ret.

161 2991 258 3020 BLAT
281 3008 299 3014 -·
327 2991 449 3021 Comm.
478 2994 561 3022 Teoet.
588 2994 663 3023 Cod.
688 2995 760 3024 [nr.
786 2995 867 3025 Can.
