1965 3240
151 171 197 205 74
386 168 470 202 Lus.
497 167 567 203 III.
599 187 608 192 -
634 168 744 204 PARS
771 169 822 203 ΙΙ.
851 190 863 195 -
889 170 947 204 De
973 169 1070 204 locis
1095 171 1131 203 ec
1156 166 1393 210 temporibus
1418 171 1542 204 saeris

150 288 291 341 (laver,
327 299 432 344 quae
467 289 505 329 in
539 286 724 331 Ecclesia
758 293 819 331 est
850 301 898 331 ae
942 292 1116 331 vocatur
1148 285 1412 338 inhumatio;
1444 292 1659 343 praeterea
1694 289 1776 332 ele-

149 362 285 401 menta
318 357 548 414 spiritualia
581 358 818 414 sepulturae
851 359 1151 403 catholicorum
1183 360 1362 414 propria,
1390 357 1608 403 videlieet:
1638 359 1776 417 quoad

149 429 298 483 locum,
335 428 665 472 benedictionem
713 429 892 486 sepulcri
927 434 997 473 aut
1044 430 1301 482 coemeterii,
1335 432 1375 471 et
1408 431 1518 472 eirea
1552 430 1777 486 sepeliendi

149 501 669 552 actionem,caeremonias
702 513 749 544 ac
783 503 884 543 ritus
918 492 1023 557 quae
1047 499 1298 543 adhibentur
1331 512 1382 542 ex
1418 499 1627 543 Ecclesiae
1661 514 1778 557 prae-

149 571 322 626 scrip103
357 570 523 627 quando
570 583 592 613 e-
640 571 819 614 desuncti
870 560 993 613 domo
1041 570 1210 613 effertur
1248 569 1432 613 cadaver
1467 572 1505 613 in
1540 570 1778 624 ecclesiam,

148 639 303 683 ibidem
339 653 480 696 preces
527 653 575 684 ae
623 640 742 684 Missa
786 641 1018 695 solvuntur,
1053 643 1283 683 associatur
1316 641 1355 682 in
1390 642 1704 695 coemeterium,
1739 645 1778 684 et

146 715 362 767 postquam
396 710 633 767 sepulturae
668 712 741 754 fuit
774 711 986 761 traditum,
1016 713 1055 753 in
1080 710 1300 754 ecclesiam
1326 710 1468 753 fideles
1494 715 1775 754 revertuntur.

147 779 278 824 Locus
310 786 478 838 propter
510 781 841 825 benedictionem
877 784 966 825 eins
999 794 1117 824 sacer
1150 786 1223 836 est,
1258 783 1340 824 imo
1365 783 1514 824 ceteris
1541 781 1779 837 sepulturae

147 852 353 895 adiunctis
402 853 809 909 praesupponendus,
845 852 941 895 hine
979 851 1115 909 Caput
1148 850 1178 895 I.
1213 851 1273 895 De
1315 851 1588 894 coemeteriis.
1632 850 1777 904 Quoad

146 925 431 967 caeremonias
464 937 562 966 vero
595 936 642 967 ac
676 924 925 966 elementum
961 922 1188 979 spirituale,
1229 925 1444 980 ipsamque
1490 923 1673 966 defuncti
1711 922 1779 966 de-

147 996 393 1048 positionem
428 999 488 1037 est
525 993 658 1051 Caput
692 993 743 1037 II.
782 993 839 1037 De
872 992 1091 1036 cadaveris
1124 992 1408 1035 translatione
1452 994 1507 1036 ad
1546 992 1778 1038 ecelesiam,

149 1062 300 1121 funere
331 1078 380 1107 ae
411 1063 683 1122 depositione.
717 1064 801 1108 Sub
834 1064 897 1107 his
930 1063 1135 1120 capitibus
1168 1062 1581 1119 comprehenduntur
1615 1066 1704 1107 iura
1738 1067 1778 1106 et

146 1133 421 1191 obligationes
454 1148 737 1191 personarum,
770 1148 875 1192 quae
920 1147 1047 1177 unum
1092 1134 1325 1177 alterumve
1370 1136 1597 1190 respiciunt
1636 1134 1774 1177 diver-

147 1219 275 1263 soque
325 1206 446 1248 modo
495 1205 760 1261 elementum,
806 1207 859 1248 ita
904 1209 947 1248 ut
984 1203 1118 1261 Capul
1152 1203 1224 1247 Ill.
1261 1207 1381 1248 unice
1421 1209 1592 1248 tractet:
1633 1204 1692 1248 De
1723 1204 1777 1247 iis

147 1275 295 1333 quibus
327 1276 547 1334 sepultura
580 1276 865 1319 ecelesiastica
899 1274 1159 1318 concedenda
1193 1280 1254 1317 est
1288 1280 1363 1318 aut
1397 1274 1605 1331 neqanda.

862 1449 1007 1486 CAPUT
1035 1450 1059 1485 1.

788 1535 844 1569 De
870 1534 1127 1569 coemeteriis.

195 1650 278 1687 CAN.
323 1649 422 1685 1205.
466 1671 482 1676 -
523 1655 542 1693 ς
572 1651 600 1685 1.
628 1650 805 1686 Cadavera
844 1651 924 1686 fide-

150 1698 234 1733 lium
276 1698 475 1744 sepelienda
512 1702 594 1732 sunt
643 1697 680 1732 in
723 1698 926 1733 coemeterio

1047 1656 1065 1694 ξ
1092 1650 1124 1685 2.
1167 1651 1203 1685 ln
1243 1651 1397 1687 eeclesiis
1423 1651 1592 1686 cadavera
1617 1662 1661 1686 ne
1686 1661 1778 1696 sepe—

1000 1698 1144 1739 liantur,
1194 1698 1262 1732 nisi
1305 1703 1428 1743 agatur
1469 1699 1511 1733 de
1552 1698 1778 1733 cadaveribus

149 1745 257 1791 quod,¹
278 1746 470 1780 seeundum
497 1745 584 1780 ritus
604 1744 639 1779 in
660 1744 814 1791 probatis
834 1745 928 1780 litur-

147 1793 233 1838 gicis
248 1792 345 1827 libris
364 1792 520 1836 traditos,
541 1792 584 1826 sit
602 1791 836 1833 benedictum,
855 1793 926 1828 sive

149 1840 308 1875 sollemni
337 1839 409 1875 sive
435 1839 584 1885 simplici
616 1839 857 1875 benedictione
881 1839 925 1875 ab

150 1887 312 1969 111515ἒᾶῐᾶ
355 1887 397 1922 de
435 1887 561 1932 quibus
600 1886 635 1921 in
675 1897 780 1922 cann.
825 1886 923 1928 1155,

1000 1745 1247 1791 Episeoporum
1274 1745 1566 1786 residentiaiium,
1601 1745 1777 1780 Abliatum

1001 1793 1051 1828 vel
1081 1792 1313 1828 Praelatoru'm
1340 1792 1469 1827 nullius
1496 1792 1531 1826 in
1560 1792 1698 1838 propria
1727 1802 1776 1827 ee-

999 1840 1103 1875 clesia
1128 1839 1347 1885 sepeliendis,
1378 1839 1429 1874 vel
1458 1839 1602 1874 Romani
1637 1838 1776 1873 Pontifi-

999 1887 1061 1922 eis.
1090 1887 1257 1931 regalium
1286 1897 1514 1933 personarum
1540 1891 1600 1922 aut
1625 1885 1660 1922 S.
1679 1885 1718 1921 R.
1737 1885 1773 1920 E.

1000 1933 1253 1969 Cardinalium.

789 2085 828 2090 -—
855 2064 898 2099 ad
927 2063 1081 2099 fidelium
1109 2074 1252 2110 corpora
1277 2063 1479 2109 sepelienda
1569 2062 1656 2098 Can.
1686 2061 1775 2098 1205

420 2179 463 2183 -
499 2158 534 2192 in
570 2169 697 2204 genere
728 2180 770 2183 -—
789 2178 829 2183 --
856 2157 968 2203 quoad
996 2157 1198 2193 exercitium
1226 2157 1311 2192 iuris
1337 2168 1415 2201 erga
1441 2167 1481 2192 ea
1615 2169 1630 2188 »
1687 2153 1774 2191 1206

787 2274 829 2278 ——
856 2263 896 2288 ae
920 2252 1075 2288 eeclesiis
1100 2262 1304 2287 communes
1332 2262 1484 2287 canones
1614 2264 1630 2283 »
1685 2248 1774 2285 1207

787 2367 829 2371 -
856 2346 1002 2381 diversis
1028 2346 1064 2380 in
1092 2345 1240 2381 Ecclesia
1612 2359 1627 2378 »
1685 2343 1774 2380 1208

197 2392 307 2439 Caput
334 2393 356 2428 1.
421 2416 464 2420 —
505 2395 541 2429 in
581 2394 693 2440 specie
728 2414 770 2418 —

174 2440 218 2475 De
249 2452 382 2494 coeme-
787 2461 829 2465 —
856 2440 968 2486 quoad
997 2439 1234 2486 sepulcrorum
1263 2439 1506 2476 distinctiones
1566 2456 1568 2459 v
1614 2454 1629 2473 »
1686 2437 1774 2474 1209

230 2492 326 2523 tems
361 2508 404 2514 -
787 2557 829 2560 -
857 2534 1081 2571 materialiter
1108 2511 1111 2513 ”
1614 2547 1628 2566 »
1684 2531 1773 2567 1210

422 2603 464 2607 ——
480 2581 715 2617 custodiendis
733 2603 769 2607 —

786 2651 831 2655 —
856 2629 947 2665 eirca
973 2628 1176 2673 religionem
1203 2639 1242 2663 ac
1270 2628 1432 2674 pietatem
1613 2641 1627 2660 »
1683 2625 1770 2661 1211

420 2744 465 2748 -—
491 2723 700 2769 specialibus
726 2734 765 2759 ac
791 2735 862 2759 non
889 2721 1136 2758 benedicendis
1613 2734 1627 2753 n
1684 2719 1773 2755 1212

929 2837 972 2842 -
998 2816 1032 2850 in
1060 2816 1237 2851 cadaveris
1262 2816 1479 2862 depositione
1612 2828 1627 2846 1>
1682 2812 1771 2848 1213

425 2885 466 2889 —
482 2865 594 2910 quoad
613 2875 731 2900 eorum
751 2875 852 2899 usum
869 2885 910 2889 -—

927 2932 971 2936 —
996 2911 1038 2946 de
1064 2910 1240 2946 cadaveris
1269 2910 1514 2945 exhumationc
1613 2922 1628 2941 »
1683 2908 1772 2944 1214
