1965 3240
101 143 171 178 270
362 142 445 176 Lm.
474 143 545 178 ΙΙΙ.
574 163 585 169 -
612 144 723 179 PARS
749 145 815 180 IV.
842 166 853 171 -
883 146 941 181 De
966 149 1190 191 mayisterio
1216 148 1468 183 ecclesiastico

223 262 318 306 224.
353 263 608 319 obligatio
641 267 969 321 parochorum
993 267 1124 312 circa
1146 268 1580 322 praedicationem.
1602 267 1726 312 Cone.

102 331 211 375 Trid.
248 333 259 354 1
300 347 320 372 ε(
344 332 525 389 mandat,
560 338 603 376 ut
636 336 673 376 in
707 334 894 378 ecclesiis
928 348 999 391 per
1038 335 1253 391 parochos,
1285 338 1389 392 sive,
1423 339 1472 380 iis
1504 338 1727 394 impeditis,

104 416 175 460 per
207 402 309 446 alios
341 403 392 446 ab
425 405 618 460 episcopo
652 407 848 461 impensis
891 419 1033 449 eorum
1083 408 1152 463 qui
1201 419 1270 450 eas
1319 412 1542 463 praestare,
1579 408 1642 452 vel
1674 413 1728 452 te-

102 478 265 527 nentur,
302 473 364 517 vel
397 474 543 529 solent,
577 476 834 532 deputandos
869 479 906 519 in
942 479 1125 532 civitate,
1160 482 1229 520 aut
1264 480 1301 521 in
1326 491 1588 536 quacumque
1613 484 1728 536 parte

102 545 316 599 dioecesis,
364 546 593 589 censebunt
639 547 851 602 expedire,
900 547 1044 590 saltem
1088 548 1280 592 omnibus
1327 549 1558 605 dominicis,
1599 555 1638 593 ot
1670 564 1730 593 so-

102 615 308 659 lemnibus
326 615 471 660 diebus
489 617 658 661 sestis...
692 630 831 661 sacras
854 618 1102 674 Scripturas,
1122 619 1393 677 divinamque
1416 620 1549 676 legem
1574 633 1730 664 annun—

101 689 203 730 tient
225 702 264 728 1).
289 713 343 718 —
367 686 455 731 Hoc
490 690 789 744 praescriptum
825 690 884 732 sic
916 689 1085 732 exhibet
1108 689 1366 733 moderatum
1387 705 1477 737 can.
1498 692 1629 736 1334.
1649 694 1674 746 ἓ
1691 695 1726 736 1.

107 756 256 800 Diebus
273 757 496 801 slomim'm's
515 759 747 816 ceterisque
762 772 839 816 per
857 773 1013 802 atinum
1025 759 1148 817 festis
1165 760 1216 803 cle
1230 767 1453 819 praecepto
1469 762 1518 805 ad
1539 775 1726 806 normam

102 841 192 871 can.
229 828 339 871 1247
375 828 432 872 ibi
467 829 729 885 explicatam,
753 829 975 887 propitum
999 844 1046 873 ex
1075 835 1294 888 praecepto
1318 832 1460 875 (livino
1484 833 1618 890 quoad
1637 832 1729 876 suli·

101 901 292 942 stantiam
330 901 485 942 ratione
519 912 644 943 curae
687 902 920 944 animarum
955 903 991 944 ei
1026 904 1285 956 commissae,
1325 903 1524 960 cuiusque
1551 903 1730 961 parochi

101 970 151 1013 ad
186 983 373 1013 normam
399 984 487 1014 can.
524 971 603 1013 451
642 970 819 1029 officium
842 977 918 1025 est,
950 985 1021 1015 seu
1053 972 1273 1016 habitualis
1296 973 1506 1030 obligatio,
1531 980 1728 1018 consueta

103 1039 292 1092 homilia,
325 1041 505 1084 scilicet:
540 1041 680 1085 brevis
713 1047 868 1086 tractus
900 1044 937 1087 S.
973 1044 1211 1099 Scripturae
1244 1057 1316 1087 seu
1350 1044 1565 1101 Evangelii
1588 1045 1727 1101 expla-

103 1113 280 1163 natione,
313 1117 351 1155 et
385 1112 517 1169 quoad
555 1117 717 1169 tempus
752 1114 926 1157 dicitur:
957 1114 1211 1171 praesertim
1255 1117 1371 1171 quasi
1412 1116 1728 1171 praeferendum

102 1181 218 1224 intra
251 1181 439 1237 Missam,
474 1196 646 1239 nempe:
684 1189 771 1240 post
804 1184 1021 1241 Evangelii
1052 1185 1285 1236 lectionem,
1319 1185 1360 1228 in
1395 1200 1490 1243 quo,
1515 1188 1589 1229 etsi
1612 1199 1633 1229 a
1658 1199 1726 1243 pa-

103 1252 228 1296 rocho
262 1266 339 1296 non
375 1253 596 1307 celebrata,
631 1255 770 1298 maior
801 1254 936 1298 soleat
968 1269 1057 1298 esse
1088 1255 1240 1313 populi
1276 1256 1532 1314 freqzcenlia.
1569 1259 1726 1300 ratione

103 1325 269 1366 maioris
303 1325 472 1371 tructus,
512 1323 677 1366 verbum
718 1324 794 1367 Dei
829 1324 984 1382 populo
1024 1325 1236 1379 mentiare,
1280 1326 1389 1383 quod
1427 1326 1599 1370 verbum
1635 1339 1729 1370 con-

101 1400 318 1449 gruentem
354 1395 545 1438 dictionis
578 1396 885 1452 simplicitatem
921 1397 1087 1440 indicat.
1566 1434 1570 1437 ,

218 1464 417 1522 Congruit
459 1466 626 1510 ‹lecreto
670 1467 881 1510 conciliari
926 1470 950 1521 ἓ
991 1470 1035 1510 9.
1082 1467 1297 1511 Paroclms
1341 1473 1383 1511 ut
1427 1470 1463 1510 in
1503 1468 1545 1522 §0
1592 1480 1726 1524 praec.

103 1534 199 1577 lmz'c
230 1535 480 1593 obliqalioni
512 1538 670 1594 nequit,
704 1541 896 1595 quamvis
929 1538 979 1581 (16
1015 1540 1121 1581 facto
1164 1553 1206 1582 se
1240 1544 1357 1595 gerat
1400 1541 1621 1590 contrarie,
1652 1552 1730 1596 per

102 1606 234 1649 alium
269 1606 557 1661 lmhilualiler,
592 1609 630 1651 id
656 1613 737 1652 est:
766 1610 1023 1666 frequentius
1046 1609 1308 1667 satisfacere,
1331 1610 1439 1653 unde
1462 1612 1730 1667 consequitur

104 1691 220 1732 posse
252 1678 515 1736 quandoque,
550 1679 635 1721 nisi
666 1679 712 1722 ob
745 1680 901 1722 iustam
934 1693 1005 1723 seu
1032 1683 1381 1736 proportionatam
1407 1694 1577 1723 eausam
1603 1694 1640 1721 v.
1665 1694 1724 1736 gr.

101 1750 299 1797 sanitatis,
333 1749 508 1792 aliarum
543 1752 862 1806 occupationum
898 1753 1095 1804 muneris,
1132 1764 1210 1794 non
1244 1763 1266 1794 a
1301 1751 1479 1806 parocho
1522 1753 1728 1794 existima-

103 1825 184 1862 tam
229 1833 317 1863 esse
360 1820 614 1874 huiusmodi,
655 1821 725 1864 sed
761 1821 810 1863 ab
854 1820 1087 1865 Orclinari0
1126 1821 1221 1879 (loci
1270 1835 1319 1865 ex
1368 1822 1583 1879 contextu)
1628 1835 1725 1879 pro-

101 1890 254 1934 batam.

222 1962 261 2004 ln
297 1962 373 2006 hac
408 1976 450 2006 re
483 1963 510 2020 ξ
539 1966 582 2006 3.
618 1962 758 2006 Potest
791 1963 927 2007 adhuc
961 1963 1071 2006 licite
1093 1962 1352 2006 Ordinarius
1378 1963 1636 2020 permittere,
1663 1976 1728 2005 vc-

104 2032 173 2075 luti
209 2032 317 2076 hunc
351 2046 550 2076 canonem
586 2034 805 2077 moderans
829 2036 866 2076 in
894 2036 1024 2090 praxi,
1050 2039 1093 2076 ul
1116 2033 1453 2077 sollemnioribzcs
1475 2032 1722 2091 quibusdam

101 2102 222 2160 festis
259 2118 294 2144 v.
330 2118 389 2160 gr.
427 2104 646 2155 l'aschatis,
680 2104 835 2148 Natalis
871 2104 1044 2159 Domini,
1070 2110 1143 2147 aa!
1166 2104 1308 2158 etiam,
1332 2105 1574 2165 dispensans
1597 2106 1634 2146 in
1659 2116 1725 2146 ca-

104 2187 207 2216 none
242 2177 353 2217 iuxta
389 2166 488 2218 6311.ἱ
514 2176 582 2230 81,
617 2176 685 2229 84,
719 2175 758 2232 a)
794 2189 844 2217 (ἢν
883 2175 995 2218 iusta
1034 2189 1176 2228 caiisa,
1224 2189 1297 2218 suo
1345 2175 1512 2232 quidem
1557 2174 1724 2222 iudicio,

103 2244 314 2302 aliquibus
347 2245 490 2288 ‘liebus
522 2245 759 2300 dominicis,
793 2249 915 2289 etiam
950 2249 1198 2300 successiyis
1221 2251 1260 2289 et
1283 2251 1480 2303 quantun*¹
1517 2250 1623 2288 esset
1655 2258 1728 2300 per

102 2329 144 2358 se
178 2318 318 2372 gravis
350 2319 529 2370 omissio,
564 2318 703 2360 concio
737 2319 776 2359 in
811 2318 853 2371 ἕο
893 2317 934 2359 1²
968 2319 1220 2373 praescripta
1255 2316 1489 2360 omittatur.
1523 2315 1629 2358 Hinc
1669 2328 1728 2358 se-

102 2388 244 2443 quitur
278 2400 354 2429 non
404 2388 640 2431 satisfacere
687 2400 785 2431 suae
829 2387 1068 2443 obligationi
1118 2387 1358 2443 parochum,
1392 2389 1460 2444 qui
1506 2386 1728 2442 praedIctis

103 2456 248 2500 (liebus
281 2460 488 2500 omitteret
517 2473 536 2498 «
559 2463 797 2501 consuetam
821 2458 1032 2501 homiliam
1059 2474 1078 2498 >)
1109 2461 1272 2514 proprio
1295 2457 1465 2500 arbitrio
1489 2459 1610 2499 etiam
1632 2468 1723 2499 cum

105 2530 207 2570 iusta
241 2541 377 2576 causa,
411 2541 516 2585 quae
550 2533 686 2572 tamen
722 2531 854 2585 ipsum
890 2534 1109 2572 excusaret
1140 2528 1265 2571 semel
1307 2533 1375 2571 aut
1410 2531 1570 2571 iterum.

224 2600 319 2642 2233.
355 2601 530 2646 Brevis
563 2602 808 2656 evangelii
843 2602 1128 2656 explanatio
1162 2602 1209 2644 in
1233 2602 1399 2645 Missis
1432 2601 1626 2656 publice
1648 2613 1724 2644 ce-

104 2672 324 2716 lebratis.
360 2670 471 2713 luxta
507 2671 783 2727 quarumdam
820 2673 1033 2726 regionum
1078 2670 1418 2713 consuetudinem
1454 2669 1549 2713 hinc
1581 2682 1710 2726 appro

106 2741 239 2784 halam
276 2742 399 2784 edicit
449 2755 538 2783 ean.
581 2743 709 2783 1:345.
765 2740 1002 2798 Oplamlum
1050 2746 1215 2796 propter
1265 2743 1486 2784 maximam
1522 2740 1616 2783 inde
1649 2741 1723 2782 ori-

230 2894 235 2914 ¹
266 2895 356 2938 Cap.
386 2896 406 2927 4
433 2905 525 2928 sess.
556 2894 689 2928 XXIV
715 2894 760 2928 de
787 2894 875 2928 Rei.
