1965 3240
485 168 567 203 TIT.
594 168 683 204 XX.
711 189 723 195 -
750 168 806 204 De
832 170 934 204 verbi
960 170 1086 204 divini
1108 172 1397 214 praedicatione
1681 171 1747 205 247

136 286 399 330 invenienda.
434 311 487 317 —
524 286 665 330 Postea
704 286 852 329 «tides
883 288 1068 342 gignitur
1100 300 1148 329 ex
1184 287 1340 329 auditu.
1375 286 1590 339 Quomodo
1613 293 1748 331 autem

133 357 301 401 audient
333 358 421 399 sine
456 357 762 413 praedicante?
786 372 806 397 1)
837 358 864 397 ¹.
899 356 1003 399 Hinc
1047 356 1157 399 aliud
1204 356 1409 400 Ecclesia«¹
1455 372 1615 411 munus,
1648 361 1751 401 sicut

134 429 333 481 scriptum
368 432 449 471 est:
491 443 509 467 «
534 427 688 471 Euntcs
710 440 809 483 ergo
834 427 979 470 docete
1013 440 1156 469 omncs
1180 432 1324 483 gentes
1348 446 1366 468 »
1397 430 1425 481 ²,
1449 434 1485 470 et
1515 444 1533 467 «
1561 429 1750 484 praedica

77 540 79 543 .
136 497 323 553 verbum,
359 500 463 542 insta
502 503 745 555 opportune,
784 500 1018 554 importune
1044 514 1062 538 1)
1092 499 1119 552 ³,
1155 503 1278 555 atque
1317 515 1335 538 «
1361 499 1555 541 docontes
1589 513 1750 541 omnem

134 569 360 619 hominem,
395 571 432 612 in
468 572 578 612 omni
603 571 802 626 sapientia
827 585 847 610 1)
876 569 905 609 ⁴.
930 569 1165 626 Sequemur
1189 582 1288 624 ergo
1312 583 1490 612 canones
1517 570 1567 611 de
1594 570 1751 625 praedi-

134 642 295 684 catione
317 639 439 684 Verbi
464 640 552 693 Dei,
576 654 623 684 ac
646 641 697 684 dc
719 640 872 684 scholis
894 645 1098 697 quatenus
1122 639 1273 683 ibidem
1299 640 1498 683 catholica
1534 641 1756 683 edoccatur

136 711 293 768 religio,
328 711 391 754 vel
426 711 569 754 saltem
595 715 795 755 caveatur
817 711 1003 754 eiusdem
1038 710 1346 754 detrimentum.
1374 737 1425 740 -
1452 711 1515 753 Ait
1543 716 1753 766 practerea

133 781 354 838 Apostolus
378 783 415 825 5:
455 797 474 822 «
500 794 605 838 quae
638 781 788 825 audisti
812 794 834 824 3
860 795 924 824 mc
959 795 1030 837 per
1055 781 1205 824 multos
1228 785 1363 835 testes,
1390 781 1488 824 1136(-
1512 781 1754 823 commenda

136 851 328 896 tidelibus
360 852 611 907 hominibus,
643 855 712 910 qui
748 852 883 895 idonei
917 857 1039 895 erunt
1071 856 1107 895 et
1143 851 1244 894 alios
1267 852 1417 895 docere
1442 868 1490 901 »ς
1523 852 1630 909 quod
1668 864 1755 907 per-

134 926 219 980 agit
261 924 299 966 S.
334 923 462 967 Mater
504 923 688 967 Ecclesia
732 922 891 980 legibus
924 923 975 967 de
1008 924 1263 970 Seminariis,
1296 923 1347 965 de
1390 921 1594 978 Magistris
1627 935 1673 964 ac
1707 921 1757 964 (16

135 995 384 1038 academicis
417 999 594 1051 quatuor
628 994 867 1037 facultatum
902 992 1113 1050 gradibus.
1141 1019 1192 1023 ——
1218 992 1305 1035 Non
1340 992 1465 1036 oblita
1491 993 1657 1036 demum
1684 991 1756 1034 Ec-

135 1065 258 1109 clesia
296 1064 518 1109 verborum
554 1064 738 1121 Apostoli
763 1065 802 1107 ⁵:
843 1065 1077 1108 «devitans
1116 1064 1306 1120 profanas
1351 1077 1498 1107 vocum
1545 1065 1759 1112 noxitates,

136 1141 175 1180 et
207 1138 486 1194 oppositiones
519 1135 606 1179 {alsi
642 1138 820 1179 nominis
852 1137 1063 1187 scientiae,
1097 1148 1220 1192 quam
1257 1135 1423 1191 quidam
1461 1136 1758 1190 promittentes,

136 1209 246 1251 circa
282 1206 404 1250 fidem
440 1206 749 1258 exciderunt»,
784 1210 823 1249 et
846 1206 885 1249 ⁷:
925 1221 944 1246 α
968 1206 1046 1260 Qui
1082 1218 1103 1248 a
1141 1207 1315 1248 veritate
1338 1204 1641 1251 excidemur...
1666 1203 1759 1246 suh-

141 1281 355 1321 vertcrunt
388 1276 665 1334 quorumdam
700 1276 823 1319 tidem
845 1292 893 1330 »ς
927 1276 1055 1320 Sedes
1088 1275 1322 1332 Apostolica
1349 1275 1460 1331 leges
1482 1274 1572 1317 tulit
1596 1274 1646 1317 de
1671 1286 1760 1330 pro-

138 1347 337 1392 hibitione
371 1360 419 1391 ac
451 1360 626 1391 censura
660 1346 878 1402 librorum,
913 1360 1079 1390 normas
1113 1346 1283 1389 tradidit
1315 1346 1542 1389 servandas
1566 1348 1602 1387 in
1628 1344 1763 1388 catho-

139 1419 227 1462 licis
260 1417 612 1475 ephemeridibus,
636 1430 684 1461 ac
718 1418 896 1474 denique
933 1420 1061 1461 vetuit
1090 1433 1110 1458 <t
1133 1419 1220 1460 sine
1254 1417 1468 1473 disciplina
1503 1418 1764 1474 quaestiones

138 1493 248 1533 circa
285 1489 591 1546 religionem»,
623 1491 1130 1546 communicationemque
1174 1487 1368 1544 operibus
1412 1487 1616 1542 malignis,
1651 1490 1762 1529 iuxta

140 1563 439 1617 praescriptum
488 1560 648 1603 loannis
679 1559 743 1614 (lt,
780 1560 874 1615 1072:
915 1562 991 1602 «si
1025 1561 1117 1616 quis
1164 1561 1273 1602 venit
1313 1559 1363 1601 ad
1411 1572 1494 1601 vos.
1533 1563 1572 1600 et
1613 1557 1761 1601 Christi

139 1632 371 1675 doctrinam
407 1644 484 1674 non
518 1631 650 1687 alleri,
684 1630 809 1674 nolite
844 1633 1029 1687 recipere
1063 1644 1156 1673 eum
1194 1632 1231 1672 in
1275 1630 1461 1682 domum,
1495 1642 1569 1672 nec
1603 1628 1693 1671 Ave
1727 1630 1762 1671 ei

141 1701 330 1745 dixeritis
352 1717 390 1745 )).

258 1771 345 1816 Hoc
371 1772 560 1815 ultimum
587 1771 777 1829 probibet
800 1771 940 1816 Codex
966 1771 1144 1814 (liversis
1169 1774 1207 1814 in
1233 1771 1345 1819 locis,
1370 1773 1632 1828 quaestiones
1655 1773 1764 1813 circa

143 1842 383 1900 religionem
422 1846 549 1886 vetuit
582 1856 673 1887 can.
709 1843 836 1897 1325,
868 1843 896 1901 ξ
930 1843 966 1886 3.
1004 1843 1140 1886 Restat
1177 1845 1302 1898 igitur
1335 1855 1513 1899 sequens
1535 1841 1763 1884 Titulorum

141 1914 373 1957 distinctio:
404 1930 423 1955 ι(
442 1913 603 1958 Titulus
621 1913 712 1958 XX.
740 1914 795 1957 De
820 1914 950 1957 divini
980 1912 1102 1957 Verbi
1128 1913 1458 1970 praedicatione:
1483 1912 1640 1955 Titulus
1661 1910 1765 1954 XXl.

143 1984 200 2028 De
232 1987 466 2029 seminariis
489 2001 529 2040 »‚
563 1991 767 2042 quatenus
802 1987 1049 2042 praecipuae
1083 1990 1175 2028 sunt
1201 1984 1379 2039 scholae,
1405 1989 1527 2040 atque
1551 1997 1599 2026 ex
1624 1995 1764 2026 earum

143 2062 288 2099 natura
309 2056 539 2112 peculiares
558 2056 791 2111 Ecclesiae3
821 2055 1013 2099 «Titulus
1034 2055 1157 2101 xxti.
1181 2055 1238 2099 De
1257 2055 1426 2102 scholis;
1447 2054 1604 2097 Titulus
1626 2053 1766 2097 XXlll.

144 2125 201 2169 De
226 2129 394 2183 praevia
418 2139 592 2170 censura
627 2126 826 2171 librorum
862 2139 1090 2184 eorumque
1115 2126 1390 2182 prohibitione
1410 2142 1449 2168 1).
1469 2151 1509 2154 —
1543 2125 1768 2167 Prudenter

148 2196 268 2240 valde
300 2197 480 2254 complet
512 2197 618 2241 hanc
653 2202 809 2254 partem
855 2213 874 2238 <1
899 2196 1058 2240 Titulus
1083 2195 1227 2241 xxiv,
1254 2196 1311 2239 De
1337 2197 1430 2239 tidei
1459 2197 1710 2251 professione
1733 2212 1767 2243 »,

144 2279 266 2322 quam
302 2267 485 2312 Ecclesia
520 2271 649 2325 exigit
683 2268 735 2312 ab
768 2268 843 2322 his,
879 2270 948 2326 qui
987 2270 1270 2323 magisterium
1306 2270 1393 2310 eius
1433 2269 1692 2322 participant,
1729 2270 1768 2308 ut

143 2343 341 2394 quantum
379 2339 466 2382 lieri
502 2341 640 2395 possit,
677 2338 876 2382 moralem
912 2340 1147 2381 cautionem
1183 2337 1364 2381 obtineat
1388 2337 1439 2380 de
1464 2337 1641 2379 tiliorum
1677 2349 1767 2377 suo·

146 2421 236 2450 rum
271 2408 365 2452 tidei
400 2421 448 2452 ac
482 2422 643 2452 morum
678 2411 914 2453 securitate.

265 2479 363 2522 ⁶202.
398 2482 654 2537 Inscriptio
686 2480 834 2525 Tituli
871 2494 931 2525 ac
968 2481 1072 2525 eius
1106 2481 1203 2524 duo
1236 2491 1465 2524 canones.
1496 2475 1656 2519 Titulus
1698 2473 1773 2517 XX

147 2551 456 2606 inscriptionem
505 2553 674 2593 sortitus
721 2557 781 2593 est
832 2552 1065 2606 propriam:
1105 2548 1162 2592 De
1194 2547 1328 2591 (lirini
1363 2547 1485 2596 rei-hi,
1525 2560 1695 2602 nempe:
1731 2548 1767 2587 in

146 2622 275 2664 sacris
309 2619 424 2664 libris
455 2633 504 2664 ac
536 2623 624 2664 sine
657 2623 811 2677 scripto
836 2619 1125 2663 traditionibus
1148 2621 1342 2663 contenti.
1381 2622 1636 2673 «111111116163
1661 2616 1766 2672 quod

146 2689 300 2747 Spiritu
333 2691 482 2735 Sancto
521 2693 746 2748 inspirante
779 2690 876 2747 (illi)
911 2692 1131 2746 conscripti
1178 2689 1306 2732 Deum
1353 2688 1501 2731 hahent
1545 2692 1769 2730 auctorem.

266 2820 276 2841 ¹
304 2818 415 2853 Rom.
444 2819 496 2862 X,
528 2821 581 2853 14.
613 2840 655 2844 —
681 2820 695 2842 '2
721 2819 865 2853 Matth.
894 2819 1082 2857 XXVIII.
1115 2819 1168 2852 19.
1199 2838 1241 2842 --
1270 2819 1282 2838 ³³
1310 2817 1345 2851 11
1372 2816 1418 2850 ed
1447 2816 1544 2849 Tim.
1576 2815 1641 2853 IV,
1670 2816 1704 2847 2.
1728 2835 1769 2839 —

146 2866 162 2888 ⁴
189 2864 336 2900 coloss.
366 2866 394 2905 Ι,
420 2866 477 2901 28.
505 2887 547 2891 —
574 2867 588 2889 5
614 2866 665 2908 Π,
695 2866 742 2900 ad
769 2866 941 2900 Timoth.
971 2866 1022 2906 II,
1047 2868 1080 2899 2.
1112 2886 1153 2890 —
1180 2866 1193 2886 ἢ
1220 2865 1237 2898 Ι
1263 2864 1310 2899 ad
1338 2862 1509 2897 Timoth.
1530 2863 1595 2902 Vl,
1625 2864 1681 2896 ⁸2⁴).
1711 2864 1767 2894 21.

154 2931 194 2937 —
223 2912 237 2934 '⁷
262 2913 302 2947 II
327 2913 375 2947 ad
401 2913 576 2948 Timoth.
596 2913 648 2956 11,
670 2914 725 2948 18.
