1965 3240
169 117 236 151 132
404 115 488 150 LIB.
515 115 586 150 III.
613 135 625 141 -
653 115 764 150 PARS
789 116 840 150 Π.
871 136 885 142 -
910 117 967 152 De
992 118 1086 152 locis
1111 120 1146 152 et
1171 119 1408 163 temporibus
1433 121 1559 154 saeris

168 237 288 279 unica
324 236 536 289 comesti0,
556 248 629 291 per
661 248 787 292 quam
822 235 945 279 homo
969 241 1102 293 potest
1124 244 1297 281 naturae
1319 239 1570 295 satisfacere,
1596 244 1635 283 et
1657 244 1794 284 tamen

170 307 530 349 mortificationem
566 311 747 362 exercet,
780 319 829 350 ac
864 310 1013 351 mentis
1046 308 1319 352 elevationem
1365 310 1492 364 fovet,
1525 310 1796 355 diminuendo

168 379 471 420 comestionum
506 379 619 420 vices
652 393 671 418 ))
712 377 739 417 ¹.
789 376 909 430 Quod
944 383 1005 422 est
1037 379 1251 423 inductum
1300 381 1600 424 consuetudine
1648 395 1795 438 appro-

169 448 291 492 batur
338 450 376 490 in
419 461 577 491 canone
619 450 678 492 sie
728 454 1027 506 prosequente:
1077 449 1150 493 sed
1187 464 1269 493 non
1318 456 1430 493 vetat
1476 451 1578 496 haec
1617 468 1637 494 ((
1671 452 1790 496 lex»

169 518 336 576 aliquid
369 518 460 573 eibi,
494 521 553 562 sic
587 519 685 563 dicti
721 524 888 576 propter
930 522 1167 564 nutritionis
1209 535 1381 577 scopum
1426 524 1500 565 etsi
1534 536 1614 566 non
1659 537 1796 568 come-

169 590 305 645 datur,
338 590 408 633 sed
447 589 625 633 bibendo
659 596 861 645 sumatur,
894 605 1016 633 mane
1048 597 1085 633 el
1110 605 1278 650 vespere
1299 606 1464 635 sainere
1484 593 1612 637 semel
1638 596 1676 637 in
1701 608 1799 638 uno-

170 673 335 718 quoque
370 666 554 717 tempore
578 666 750 718 propter
779 661 992 718 singulare
1026 675 1252 718 pronomen
1291 678 1311 704 c(
1344 663 1499 721 aliquid
1534 664 1615 708 cibi
1650 680 1689 720 i),
1712 679 1797 708 ser-

169 738 269 775 vata
304 737 440 774 tamen
474 731 588 774 eirea
624 731 807 775 ciborum
841 732 1004 787 horum,
1038 746 1118 776 non
1153 736 1431 789 comestionis,
1455 735 1737 792 quantitatem
1760 742 1798 780 el

172 803 422 861 qualitatem
456 805 579 846 etiam
614 803 804 847 diversas
852 819 873 845 «
917 817 1036 846 inane
1069 817 1117 847 ae
1153 817 1326 860 vespere
1359 821 1399 860 )),
1441 805 1620 864 probata
1652 807 1796 851 saltem

171 877 293 918 tacite
327 887 399 930 per
432 874 756 918 ecclesiasticam
791 876 1080 918 anctoritatem
1114 874 1295 918 locorum
1332 877 1593 920 diversorum
1629 879 1797 923 forsitan

172 945 352 1002 plurium
388 945 654 1000 dioecesium,
692 945 754 988 vel
790 947 912 988 unius
945 945 1147 989 dioecesis
1182 948 1375 1002 partium,
1417 948 1717 992 consuetudine
1748 949 1799 993 de

173 1017 277 1060 facto
312 1015 560 1072 regulariter
593 1028 615 1059 a
649 1015 841 1060 fidelibus
874 1021 1052 1059 servata.
1098 1016 1239 1074 Itaque
1273 1017 1372 1061 salsa
1415 1024 1600 1062 remanet
1649 1033 1797 1077 propo-

171 1089 263 1131 sitio
296 1086 347 1130 ab
381 1086 620 1130 Alexandro
654 1085 723 1129 Vll
757 1087 975 1131 damnata:
1005 1102 1025 1127 ((
1051 1087 1092 1129 ln
1127 1087 1194 1130 die
1228 1090 1383 1143 ieiunii,
1418 1091 1486 1146 qui
1520 1092 1685 1147 saepius
1719 1080 1802 1135 mo-

171 1158 310 1201 dicum
337 1157 434 1214 quid
469 1158 662 1214 comedit,
697 1160 771 1201 etsi
806 1157 1029 1201 notabilem
1064 1161 1335 1215 quantitatem
1372 1162 1410 1202 in
1444 1160 1525 1203 fine
1558 1162 1801 1217 comederit,

173 1242 252 1271 non
289 1230 441 1284 frangit
475 1230 673 1272 ieiunium
710 1245 747 1273 ».

292 1299 355 1342 Ad
389 1298 500 1343 hunc
534 1299 669 1343 locum
706 1303 883 1356 pertinet
915 1301 1024 1359 quod
1061 1301 1212 1358 legitur
1245 1304 1283 1345 in
1308 1301 1614 1347 Commentario
1637 1304 1800 1348 officiali

174 1369 414 1427 (X1‚480):
455 1371 723 1414 ‹(Pa1·imenti
757 1371 778 1415 e
811 1376 915 1415 stato
948 1377 1173 1429 sottoposto
1206 1373 1284 1416 alla
1318 1373 1618 1418 Commissione
1666 1375 1801 1418 Ponti-

173 1442 267 1485 ficia
304 1454 375 1497 per
423 1441 460 1485 la
504 1444 850 1498 interpretazione
888 1443 953 1486 del
998 1442 1150 1487 Codice
1183 1445 1225 1487 di
1260 1445 1400 1488 diritto
1443 1448 1642 1489 canonico
1681 1446 1706 1488 il
1740 1460 1801 1489 se—

173 1517 326 1569 guente
359 1512 536 1556 dubbio:
576 1511 659 1556 Pao'
691 1513 893 1556 riteiiersi
915 1519 1001 1557 tuta
1025 1517 1276 1559 conscientia
1301 1515 1344 1558 la
1366 1515 1557 1559 dotlriiza
1580 1516 1802 1574 iiiseyaala

173 1582 230 1626 da
263 1582 408 1626 alcuni
440 1584 596 1629 autori.
631 1583 705 1626 elie
737 1584 843 1642 dopo
878 1584 921 1628 la
951 1584 1266 1642 pubblieaziowe
1287 1585 1355 1629 del
1381 1585 1531 1630 Codice
1552 1585 1572 1630 ef
1588 1601 1802 1645 permesso

173 1654 243 1697 nei
263 1654 409 1711 qiorni
441 1654 486 1697 di
518 1654 607 1698 solo
641 1655 816 1712 cliyimio
850 1655 1047 1712 maayiai·
1080 1670 1208 1699 carae
1235 1655 1311 1714 pia
1344 1657 1453 1700 volte
1479 1657 1513 1701 il
1532 1658 1715 1714 yiorao?
1748 1684 1800 1689 -—

174 1724 338 1769 L’E.mo
374 1725 611 1769 presidente
634 1725 742 1769 della
766 1726 1065 1770 Commissione
1104 1726 1154 1770 ha
1195 1726 1368 1784 risposto
1411 1728 1436 1770 il
1476 1730 1621 1785 giorno
1661 1729 1713 1772 29
1748 1734 1803 1772 ot-

174 1796 293 1840 tobre
327 1797 467 1839 1919:
503 1795 761 1854 Neqalive».

294 1867 429 1923 Quod,
453 1872 555 1911 teste
578 1868 729 1912 Bened.
755 1868 861 1925 XIV,
886 1872 1041 1913 iussum
1067 1875 1127 1914 est
1155 1876 1349 1928 tanquam
1375 1872 1556 1915 conditio
1580 1873 1727 1916 indulti
1751 1873 1801 1916 ad
1858 1906 1861 1908 -

175 1950 323 1982 carnes
345 1939 625 1983 comedendas
649 1942 898 1984 ieiuniorum
922 1945 1123 1998 tempore,
1148 1955 1256 1986 nunc
1281 1943 1354 1985 luit
1386 1942 1673 2000 abrogandum
1708 1957 1804 1988 con-

175 2014 397 2067 sequenter
435 2010 629 2054 inductae
674 2013 890 2055 mutationi
929 2014 1039 2055 eirca
1078 2013 1211 2069 legem
1251 2012 1537 2068 abstinentiae,
1577 2015 1702 2072 idque
1744 2018 1803 2060 sic

176 2082 427 2138 expressit{
459 2083 501 2124 ἓ.
536 2080 620 2126 Nee
652 2082 825 2124 vetitam
848 2088 909 2125 est
933 2083 1024 2140 lege
1058 2085 1200 2127 ieiunii
1243 2083 1281 2140 a)
1319 2098 1467 2127 earnes
1505 2099 1554 2127 ac
1589 2085 1725 2143 pisces
1760 2087 1803 2130 ia

176 2150 321 2195 eadem
343 2150 573 2209 refectione
605 2154 726 2195 unica
751 2155 1037 2209 ieiunantium,
1076 2154 1138 2197 vel
1174 2154 1355 2211 qualibet
1395 2168 1474 2197 non
1515 2157 1803 2213 ieiunantium,

174 2222 454 2280 permiscere;
485 2237 559 2265 aec
583 2222 624 2280 b)
649 2223 881 2266 serotinam
913 2223 1196 2283 refectiooiem,
1221 2238 1301 2282 qua
1324 2225 1481 2269 dictum
1506 2231 1565 2269 est
1603 2242 1621 2267 (ι
1647 2226 1802 2285 aliquid

177 2292 257 2336 cibi
291 2295 456 2347 sumi»,
481 2307 571 2335 eam
602 2293 802 2351 prandio,
836 2295 944 2351 quod
971 2297 1086 2351 prius
1108 2295 1266 2339 dictum
1290 2297 1363 2338 fuit
1392 2299 1629 2340 «comestio
1652 2312 1690 2352 )),
1713 2312 1806 2355 per-

177 2369 355 2418 mutare,
389 2366 498 2420 quod
526 2363 700 2407 verbum
722 2367 853 2407 innuit
876 2366 1126 2409 servandam
1152 2379 1241 2410 esse
1280 2365 1507 2410 «ciborum
1531 2370 1803 2424 quantitatem

177 2438 215 2476 et
253 2433 539 2490 qualitatem»
594 2436 707 2477 iuxta
749 2435 1090 2479 consuetudinem
1133 2436 1345 2492 probatam
1386 2438 1552 2480 forsitan
1592 2438 1804 2494 amplioris

178 2503 478 2561 aliquantulum
514 2507 766 2562 quantitatis

296 2575 668 2618 Animadvertatur
691 2589 784 2618 cum
826 2575 870 2619 D.
896 2575 1052 2619 Thema
1077 2577 1090 2598 ²
1130 2581 1168 2619 et
1211 2580 1550 2621 communiSSima
1587 2580 1802 2633 sententia,

179 2645 287 2701 quod
319 2646 469 2688 «istud
496 2648 696 2689 ieiunium
731 2645 942 2690 Ecclesiae
976 2660 1053 2690 non
1078 2647 1255 2691 solvitur
1278 2650 1354 2691 nisi
1388 2662 1462 2705 per
1504 2661 1551 2691 ea
1589 2661 1695 2705 quae
1728 2648 1803 2692 Ec-

179 2715 303 2758 clesia
329 2716 576 2760 interdicere
604 2717 778 2760 intendit.
800 2718 1052 2761 instituendo
1077 2721 1290 2762 ieiunium.
1326 2719 1413 2762 Non
1453 2723 1591 2762 autem
1631 2719 1805 2762 intendit

300 2868 311 2889 ¹
339 2867 385 2901 D.
407 2868 477 2901 Th.
499 2868 596 2902 11-11
614 2880 649 2913 q.
672 2868 864 2910 CXLVII,
885 2881 917 2903 a.
940 2870 973 2904 6.
995 2881 1025 2905 c.
1055 2891 1096 2896 —
1121 2871 1135 2892 ‘2
1162 2871 1258 2905 11-11
1276 2883 1311 2916 q.
1333 2872 1398 2905 cit.
1425 2883 1459 2905 a.
1488 2871 1509 2905 6
1534 2870 1582 2905 ad
1608 2872 1657 2904 2¹¹¹
1684 2876 1724 2905 et
1741 2872 1805 2906 31¹³.
