1965 3240
187 110 256 143 450
330 107 413 141 Lm.
442 106 511 140 111.
541 126 552 131 -
580 106 690 139 PARS
715 105 760 140 V.
787 125 798 130 -
826 105 883 140 De
907 104 1031 147 benef.
1059 107 1094 139 et
1119 105 1246 138 instit.
1275 104 1400 138 eccles.
1430 113 1510 137 non
1535 103 1665 147 colleg.

189 230 226 269 in
261 238 340 283 qua
373 227 436 268 ius
469 223 626 267 obtinet
658 227 911 280 patronatus,
944 225 1123 279 seipsum
1159 221 1209 278 (si
1233 225 1294 266 est
1316 220 1506 278 idoneus)
1532 220 1670 265 valeat
1693 233 1808 277 prae-

187 301 361 340 sentare.
395 293 498 339 Cum
532 296 658 351 igitur
689 293 827 337 nullus
858 307 902 337 se
934 296 1124 349 ingerere
1147 291 1296 335 debeat
1319 290 1624 335 ecclesiasticae
1657 291 1812 348 praela-

187 369 309 410 tionis
341 366 507 409 ossiciis:
542 364 869 421 Respondemus,
903 364 1013 421 quod
1049 361 1186 405 nullus
1217 375 1260 405 se
1295 366 1427 418 potest
1457 361 1507 405 ad
1543 367 1808 418 personatum

189 438 363 482 31160105
396 436 597 480 666165136
630 440 918 492 praesentare,
953 438 1339 491 quantumcumque
1371 433 1546 476 idoneus
1577 434 1643 486 sit,
1666 437 1706 475 et
1727 434 1812 490 qui-

191 509 448 565 buscumque
480 506 628 550 studiis
660 510 700 549 et
733 507 893 549 meritis
925 505 1205 548 adiuvetur».
1240 503 1354 546 Sicut
1387 516 1487 559 ergo
1520 507 1717 545 statutum
1753 507 1814 546 est

190 582 229 622 in
262 592 352 623 630.
387 578 469 621 170
493 577 544 621 (16
567 577 770 620 electione
808 589 856 620 ac
881 576 1126 632 praesertim
1151 577 1190 617 in
1215 587 1305 617 can.
1331 573 1430 625 172,
1453 573 1481 631 ξ
1504 573 1544 628 4,
1569 572 1815 629 praescribit

191 664 282 695 can.
317 651 442 692 1461.
477 647 605 692 Nemo
654 649 760 690 inter
808 646 981 690 clericos
1031 648 1238 701 patronos,
1286 646 1479 702 quamvis
1518 647 1562 686 ut
1593 642 1814 700 collegium

194 720 433 777 procedant,
462 723 599 776 potest
631 717 672 774 a)
700 722 980 775 praesentare
1012 715 1122 759 licite
1156 714 1350 772 seipsam,
1385 727 1461 757 nec
1493 727 1587 757 cum
1623 726 1813 770 praesen-

192 793 357 835 tationis
389 786 577 833 iuri‘dicis
610 787 836 840 ettectibus,
873 800 1001 844 neque
1048 787 1205 842 pariter
1252 784 1353 828 aliis
1388 784 1585 843 patronis
1617 786 1741 828 etiam
1774 788 1818 827 ut

190 860 470 919 singularibus
504 861 689 916 personis
721 857 930 913 accedere,
950 856 1213 900 solummodo
1239 855 1491 913 prohibitum
1517 857 1570 899 ita
1594 859 1638 898 ut
1669 854 1818 912 saffra-

189 932 357 989 qim-um
388 943 606 973 numeram
640 927 695 972 ad
724 926 1110 986 praesentationem
1158 925 1440 968 neeessariam
1488 925 1703 968 diversum
1746 937 1818 981 pro

194 1001 363 1046 casibus
376 1014 455 1059 pro
479 1014 521 1042 se
539 998 757 1057 compleat,
776 1012 857 1055 quo
880 1010 978 1041 casu
1002 1011 1050 1040 ex
1076 998 1342 1050 consequenti
1362 1000 1423 1039 est
1447 997 1608 1038 irritum
1632 994 1817 1038 eiusdem

196 1074 409 1130 proprium
441 1071 685 1126 suffragium
720 1069 855 1127 quoad
891 1068 1090 1111 juridicos
1124 1068 1466 1124 praesentationis
1499 1066 1682 1110 effectus.

315 1143 411 1186 366.
450 1143 866 1198 Praerequisitum
900 1142 965 1185 ad
998 1140 1239 1196 quasdam
1278 1139 1711 1195 praesentationes
1733 1141 1821 1179 erat

195 1215 499 1272 praescriptum
535 1214 573 1254 in
608 1224 696 1267 cap.
734 1211 787 1254 18
820 1223 918 1253 sess.
954 1208 1085 1252 xxiv
1121 1208 1171 1251 (16
1204 1207 1290 1252 Res.
1340 1220 1464 1251 causa
1507 1219 1633 1250 60136
1666 1208 1821 1250 anima-

197 1298 288 1328 rum
321 1282 622 1339 suscipiendae.
657 1281 838 1338 ldipsum
873 1280 943 1324 sed
978 1280 1238 1323 moderatum
1274 1291 1323 1322 ex
1358 1290 1438 1321 una
1463 1281 1577 1332 parte
1600 1290 1648 1320 ac
1671 1277 1721 1320 ad
1745 1275 1823 1319 alia

198 1355 397 1399 beneficia
431 1358 648 1396 extensum
683 1352 808 1395 tradit
841 1366 930 1394 ean.
968 1352 1100 1394 1462.
1135 1349 1180 1393 Si
1213 1348 1413 1391 eeclesiae
1446 1361 1485 1390 v.
1520 1362 1580 1404 gr.
1601 1346 1823 1404 paroeciali
1884 1336 1891 1343 ”

200 1426 260 1469 cel
292 1425 484 1481 beneficio
522 1438 558 1465 v.
592 1438 654 1480 gr.
689 1422 954 1479 praebendae
986 1420 1209 1477 theologali
1231 1419 1448 1478 provideri
1470 1418 1615 1462 debeat
1634 1431 1712 1476 per
1732 1431 1823 1460 con-

198 1511 365 1540 eursum
398 1496 447 1539 ad
483 1494 647 1539 Codicis
680 1506 850 1537 normas
888 1507 924 1535 v.
957 1506 1020 1549 gr,
1055 1506 1104 1535 ex
1139 1504 1230 1535 can.
1268 1491 1306 1540 3,
1340 1503 1434 1534 can.
1469 1490 1569 1543 459,
1598 1488 1626 1547 ἓ
1657 1489 1696 1540 4,
1735 1500 1824 1533 can.

201 1569 299 1624 399,
333 1570 358 1621 ἓ
393 1568 431 1623 2,
463 1571 672 1624 patronus
705 1567 969 1622 originarius,
1007 1563 1067 1606 vel
1102 1576 1150 1606 ex
1186 1563 1458 1616 derivatione,
1508 1560 1634 1603 etiam
1678 1559 1827 1611 laicas,

199 1642 258 1683 516
291 1639 499 1695 derogato
524 1639 562 1679 in
597 1636 674 1680 hac
709 1641 823 1692 parte
857 1634 973 1679 Dec.⁰
1016 1634 1126 1677 Trid.
1162 1635 1245 1688 cit,
1278 1646 1360 1676 non
1390 1637 1526 1690 potest
1560 1631 1669 1674 licite
1703 1643 1826 1688 prae-

201 1715 384 1764 sentare,
419 1721 494 1751 nec
527 1720 623 1750 cum
657 1707 805 1749 effectu
842 1705 1031 1759 iuridico,
1051 1704 1135 1746 nisi
1168 1703 1208 1760 a)
1243 1702 1440 1745 clericam
1475 1701 1527 1745 ob
1560 1714 1652 1745 can.
1676 1701 1759 1744 118
1783 1700 1826 1757 b)

203 1780 387 1838 leyitime
419 1778 648 1822 secundum
691 1776 962 1833 particulares
1006 1776 1120 1831 leges
1163 1788 1214 1816 eoe
1256 1786 1459 1816 concursu
1494 1775 1574 1816 iam
1605 1771 1827 1829 probatam

205 1851 317 1895 vetut
349 1851 558 1893 idoneum.

323 1921 420 1964 367.
472 1921 718 1966 Idoneitas
766 1919 1072 1975 praesentati
1120 1916 1467 1972 praesupponitur
1514 1915 1747 1956 necessaria
1792 1914 1831 1955 in

204 2006 291 2050 cap.
332 1992 381 2034 13
415 2005 513 2035 sess.
552 1989 617 2033 Vll
650 1988 789 2033 Conc.¹
820 1987 969 2032 T1·iu.1;
1019 1987 1330 2039 «ΡΙ-3656111311,
1372 1998 1444 2028 seu
1488 1983 1622 2039 electi,
1668 1982 1731 2026 vel
1764 1996 1831 2025 no-

206 2066 348 2106 minati
373 2076 395 2106 a
419 2061 637 2119 quibusvis
660 2060 953 2103 ecclesiasticis
971 2059 1171 2114 personis,
1189 2059 1312 2100 etiam
1332 2056 1449 2100 Sedis
1466 2054 1634 2111 Aplcae.
1657 2053 1832 2107 Nuntiis,

205 2135 254 2178 ad
289 2135 463 2191 quaevis
496 2131 776 2175 ecclesiastica
812 2129 1012 2173 beneficia
1046 2141 1125 2171 non
1160 2130 1439 2181 instituantur,
1476 2138 1551 2168 066
1583 2124 1829 2168 confirmen-

205 2210 284 2260 tur,
319 2217 452 2261 neque
501 2202 787 2256 admittantur,
830 2203 952 2244 etiam
1003 2203 1219 2256 praetextu
1268 2198 1453 2241 cuiusvis
1502 2195 1726 2252 privilegii,
1759 2207 1830 2237 seu

207 2274 531 2324 consuetudinis,
567 2275 691 2316 etiam
725 2271 776 2314 ab
811 2269 1130 2313 immemorabili
1180 2274 1367 2324 tempore
1416 2268 1711 2323 praescriptae,
1754 2267 1831 2307 nisi

208 2348 360 2389 tuerint
393 2346 506 2401 prius
539 2356 560 2387 3
594 2343 778 2386 locorum
812 2339 1048 2386 Ordinariis
1081 2341 1321 2392 examinati,
1355 2342 1394 2380 et
1432 2337 1567 2380 idonei
1593 2337 1760 2392 reperti.
1784 2334 1833 2378 Et

211 2415 346 2459 nullus
385 2414 672 2471 appellationis
704 2412 889 2456 remedio
923 2425 964 2454 56
997 2413 1103 2454 10611
1137 2412 1276 2467 possit,
1311 2410 1532 2466 quominus
1569 2419 1743 2449 examen
1768 2419 1834 2448 su-

211 2486 297 2530 bire
331 2490 532 2528 teneatur.
584 2484 856 2527 praesentatis
904 2486 1054 2536 tamen,
1104 2480 1258 2535 electis,
1303 2493 1372 2522 seu
1408 2479 1629 2521 nominatis
1661 2476 1711 2520 ab
1747 2478 1832 2519 uni-

214 2555 490 2610 versitatibus,
524 2568 594 2598 seu
627 2554 814 2609 collegiis
847 2552 1102 2608 generalium
1137 2551 1370 2594 studiorum
1405 2550 1648 2605 exceptis».

329 2626 416 2670 Hac
449 2627 691 2681 exceptione
730 2625 912 2666 fortassis
946 2622 997 2665 ob
1031 2621 1293 2664 inutilitatem
1331 2622 1495 2673 omissa,
1525 2618 1712 2662 decernit
1744 2631 1832 2659 can.

213 2698 343 2739 1463.
380 2695 563 2738 Persona
596 2695 733 2738 clerici
756 2697 1040 2750 'praesentata
1074 2705 1146 2748 per
1178 2695 1398 2747 patronum
1429 2687 1544 2732 debet
1561 2701 1650 2730 esse
1671 2686 1836 2738 idonea,

215 2766 334 2817 idest,
369 2766 455 2824 ipso
487 2763 847 2823 praesentationis
882 2762 942 2805 rel
974 2761 1123 2804 saltem
1157 2765 1247 2818 post
1290 2760 1524 2803 idoneitatis
1561 2770 1736 2801 examen
1769 2771 1834 2799 ae-

214 2836 463 2893 ceptationis
496 2849 568 2892 per
599 2832 870 2879 Ordinarium
906 2834 1102 2889 praeviae
1136 2831 1185 2875 ad
1210 2830 1389 2874 dandam
1416 2830 1717 2872 institutionem
1756 2825 1837 2878 die,
