1965 3240
166 106 239 140 368
432 103 516 138 Lm.
542 103 614 137 ΙΙΙ.
644 123 656 128 -
683 102 794 136 PARS
819 102 887 136 IV.
916 122 929 127 -
955 102 1013 136 De
1038 103 1264 146 nzayisterz'o
1290 101 1542 135 ecclesiastico

171 223 383 268 consecuti
400 228 498 266 sunt
520 222 781 266 solummodo
804 220 971 279 leyendi
988 226 1026 264 et
1046 219 1258 263 retinendi
1276 219 1404 263 libros
1421 233 1542 263 sensu
1562 233 1654 264 can.
1675 220 1801 264 1384.

174 299 199 349 5
233 296 255 338 2
284 293 521 352 prohibitos
560 305 952 351 «quoscumque»,
986 296 1195 349 nequeunt
1229 290 1322 333 ideo
1361 290 1499 348 leyere
1529 296 1568 333 et
1604 290 1803 344 retinere,

174 370 316 422 utpote
350 367 387 407 in
423 364 490 407 illa
525 364 647 407 huius
681 365 721 406 vi
755 366 925 421 canonis
959 376 1037 405 nou
1072 361 1408 418 comprehensos,
1443 360 1572 404 libros
1601 360 1803 418 quoslibet

162 449 296 497 *sensu
329 435 583 491 supradicto,
619 434 793 491 proinde
826 447 901 477 nec
942 432 1336 489 «ephemerides»,
1371 444 1451 474 non
1486 433 1566 474 iam
1606 447 1627 472 ‹<
1649 431 1700 475 ab
1724 428 1801 475 Or-

175 507 348 550 dinariis
381 505 611 549 locorum»
650 504 917 562 quibuslibet,
951 504 1021 547 sed
1056 517 1080 545 a
1113 501 1202 545 suis
1240 501 1488 545 Ortlinoriis
1525 503 1692 545 forsitan
1726 500 1803 545 sub

171 577 220 634 5⁰
255 577 302 620 3²²
334 582 443 620 can.S
477 576 590 619 1395
624 577 845 619 nominatis
882 574 1157 632 proscriptos,
1190 572 1276 615 nisi
1298 573 1339 615 in
1375 572 1606 630 apostolico
1638 571 1802 615 indulto

174 662 245 692 seu
280 649 548 692 concessione
582 648 761 703 gratiosa
796 645 1000 689 facultatis
1032 657 1231 702 cmpresso
1255 643 1405 686 iisdem.
1437 642 1555 700 facta
1577 642 1710 701 (uerit
1730 656 1801 700 po-

176 724 304 762 testas
347 719 510 775 legendi
554 723 593 761 et
642 717 847 761 retinendi
892 715 1020 758 libros
1062 729 1087 757 a
1130 713 1379 772 quibuslibet
1424 713 1675 771 prohibitos,
1706 726 1799 756 nam

175 789 275 833 illud
313 789 502 845 verbum,
536 802 587 831 ne
624 800 774 831 vanum
809 789 874 840 sit,
908 785 1031 829 debet
1063 785 1282 828 ostendere
1333 787 1640 841 propensiorem
1677 786 1803 840 grati-

177 861 326 904 licandi
374 859 540 903 subdito
593 858 860 906 voluntatem,
916 869 1021 914 quae
1063 855 1194 899 solum
1231 855 1280 898 ad
1326 854 1644 911 prohibitionem
1680 852 1801 899 Ordi-

175 933 386 975 nariorum
421 933 453 973 si
488 943 607 973 casus
636 930 738 972 serat
771 929 914 972 referri
950 931 1093 984 potest.

296 1001 335 1043 ln
372 1000 484 1044 Dec.s
517 1006 674 1056 gener.S
708 999 783 1043 loc.
819 1001 886 1042 cit.
921 998 1097 1054 legitur:
1136 1013 1157 1037 α
1180 995 1444 1040 Meminerint
1491 998 1561 1053 qui
1596 996 1801 1040 licentiam

178 1072 338 1128 legendi
380 1071 506 1114 libros
546 1069 774 1126 prohibitos
807 1068 1138 1123 obtinuerunt»,
1174 1079 1280 1124 quae
1313 1065 1496 1110 clausula
1542 1069 1716 1110 inuuere
1752 1068 1807 1107 vi-

175 1143 297 1186 detur
332 1144 431 1185 iuris
464 1141 664 1184 naturalis
697 1139 1010 1196 obligationem,
1033 1138 1103 1181 sed
1141 1137 1329 1181 absolute
1352 1139 1376 1191 5
1397 1139 1440 1179 9.
1465 1136 1645 1194 Insuper
1677 1137 1803 1180 idest:

175 1227 300 1271 supra
335 1214 432 1257 dicti
468 1212 606 1256 adhuc
636 1211 760 1268 yram?
788 1215 1013 1268 praecepto
1047 1212 1169 1252 etiam
1205 1208 1488 1252 ecclesiastico
1533 1213 1728 1250 tenentur
1761 1207 1807 1249 li-

177 1284 271 1328 bros
302 1283 536 1342 prohibitos
570 1284 764 1340 quamvis
787 1284 846 1324 eis
879 1294 1097 1324 concessos
1130 1280 1192 1322 itu.
1226 1269 1491 1322 custodiendi
1525 1280 1639 1321 iuxta
1663 1291 1804 1321 eorum

177 1355 410 1399 arbitrium.
446 1360 489 1396 ut
522 1353 566 1396 lu·
599 1352 653 1395 od
686 1351 883 1407 aliorum,
908 1353 977 1409 qui
1002 1351 1126 1394 simili
1160 1355 1301 1394 carent
1324 1349 1530 1403 facultate,
1554 1363 1703 1391 nimius
1725 1362 1804 1392 non

177 1425 427 1484 perveniant
456 1425 507 1468 de
541 1425 661 1467 facto.

299 1496 395 1540 293.
433 1498 504 1542 De
538 1498 774 1541 librorum
808 1496 1163 1540 venditoribus.
1194 1492 1316 1537 Num.
1351 1492 1403 1534 46
1449 1491 1599 1535 Decr.¹³1
1637 1496 1806 1547 gener.In

185 1581 279 1611 «ex
315 1570 474 1623 integro
510 1567 677 1609 refert»
716 1565 824 1623 (cau.
861 1567 898 1620 6,
933 1564 995 1622 ⁴2⁰)
1031 1579 1120 1609 con.
1156 1566 1288 1607 1404.
1319 1562 1539 1606 Librorum
1573 1561 1808 1604 venditores

181 1641 434 1696 quicumque
468 1651 517 1680 ex
553 1638 702 1687 officio,
740 1638 1009 1693 «praecipue
1044 1635 1105 1693 (ut
1140 1634 1268 1691 patet)
1302 1636 1371 1691 qui
1404 1633 1608 1677 catholico
1643 1634 1808 1675 nomine

183 1710 471 1766 gloriantur»,
492 1707 621 1751 libros
644 1708 692 1750 ad
729 1720 916 1751 normam
953 1720 1041 1750 can.
1074 1706 1197 1759 1384,
1229 1706 1256 1737 e
1289 1705 1327 1758 62,
1352 1704 1402 1747 de
1434 1704 1619 1747 obscenis
1642 1718 1693 1746 ex
1713 1716 1807 1760 pro-

182 1780 293 1838 fesso
328 1784 574 1830 tractantes,
613 1781 682 1836 qui
727 1778 925 1821 declarati
959 1782 1053 1820 sunt
1087 1777 1136 1820 ad
1170 1789 1259 1820 can.
1302 1776 1427 1829 1399,
1459 1774 1517 1820 11.ο
1551 1774 1609 1829 9⁰,
1643 1788 1693 1816 ne
1725 1776 1809 1830 qui-

185 1853 443 1908 buscumque
475 1850 516 1907 a)
553 1849 746 1893 cendant.
781 1848 824 1906 b)
858 1847 1128 1897 commodent,
1163 1849 1198 1901 c)
1231 1860 1367 1904 neque
1400 1846 1509 1902 apud
1543 1859 1586 1888 se
1609 1850 1679 1888 aut
1711 1844 1812 1887 alios

183 1923 410 1971 retineant,
444 1926 484 1965 et
531 1921 633 1964 haec
678 1920 898 1977 probibitio
933 1918 1081 1975 triplex
1117 1923 1177 1961 est
1210 1917 1419 1969 absoluta;
1454 1918 1642 1974 sequitur
1684 1915 1812 1959 altera

185 1997 242 2038 uti
278 2006 419 2036 norma
453 1992 682 2049 generalis:
718 1997 875 2034 ceteros
904 1989 1139 2048 prohibitos
1173 1991 1261 2046 ipso
1292 1992 1379 2031 iure
1403 1993 1474 2031 aut
1506 1988 1674 2031 decreto
1696 1986 1814 2030 Sedis

186 2065 461 2121 Apostolicae,
497 2063 537 2120 a)
573 2062 736 2106 venales
769 2076 820 2105 ne
853 2061 1033 2104 habeant
1067 2061 1192 2104 idest:
1220 2060 1448 2103 venditioni
1481 2060 1703 2115 expositos,
1729 2057 1813 2100 nisi

186 2136 367 2179 debitam
401 2136 450 2178 ad
496 2135 573 2178 hoc
607 2139 646 2177 et
682 2133 860 2176 validam
907 2132 1121 2175 licentiam
1156 2146 1180 2173 a
1215 2130 1319 2174 Se'dc
1350 2128 1592 2188 Apostolicu
1625 2128 1733 2185 (can.
1768 2128 1812 2185 Ἴ)

187 2220 258 2262 per
291 2205 551 2262 supradictas
569 2203 932 2260 Congregationes,
973 2215 1091 2258 «per
1123 2199 1393 2246 Ordiuarium
1417 2215 1439 2240 ))
1477 2201 1550 2242 etsi
1586 2212 1666 2241 non
1701 2210 1814 2254 prae-

188 2279 364 2334 ceptivo,
400 2274 732 2331 impetraverint,
758 2273 800 2330 b)
826 2287 923 2315 neve
946 2273 1140 2330 cuiquam
1174 2271 1330 2328 absque
1350 2272 1595 2326 exceptione
1618 2268 1813 2324 vendant,

189 2348 272 2391 nisi
302 2346 534 2405 prudenter
568 2345 823 2402 proindeque
857 2346 1033 2400 positive
1066 2342 1313 2385 existimare
1352 2341 1529 2399 possint,
1563 2345 1624 2383 ast
1669 2339 1814 2382 modus

187 2419 505 2462 existimationis
546 2429 653 2471 quae
686 2428 735 2458 ex
770 2416 1094 2458 circumstantiis
1138 2424 1337 2469 personae
1381 2413 1556 2454 ementis
1598 2422 1646 2453 ac
1690 2411 1816 2465 ipsius

189 2494 305 2532 actus
338 2487 592 2531 desumenda
627 2488 716 2541 erit,
751 2499 830 2528 non
869 2485 1195 2535 dete1·minatui·;
1229 2496 1278 2525 an
1313 2481 1568 2525 exhibitione
1612 2480 1814 2534 licentiae,

190 2573 239 2603 an
273 2573 323 2603 ex
357 2557 665 2602 conditionibus
697 2568 897 2612 personae
931 2558 1134 2611 cognitae,
1157 2567 1206 2597 an
1232 2567 1279 2597 ex
1316 2553 1550 2596 testimonio
1583 2551 1817 2603 sufficienti,

194 2630 486 2686 obiectumque
510 2633 571 2671 est
603 2627 652 2669 ab
676 2632 859 2684 emptore
892 2626 1078 2682 lcyitime
1104 2624 1208 2683 peti,
1235 2628 1425 2680 respectu
1445 2622 1585 2665 habito
1609 2621 1658 2664 ad
1686 2619 1817 2677 probi-

196 2701 391 2745 bitionem
427 2699 641 2743 librorum.

312 2771 411 2813 ⁶294-
449 2773 526 2816 lus
565 2771 790 2815 naturale
836 2770 967 2814 circa
1003 2768 1385 2824 prohibitionem
1423 2766 1660 2809 librorum
1694 2775 1817 2818 expo-

194 2844 305 2884 nitur
351 2844 388 2883 111
424 2855 518 2883 can.
554 2842 685 2883 1405.
720 2842 743 2893 5
777 2842 811 2882 1.
850 2837 1038 2881 Licentia
1072 2852 1096 2879 a
1140 2836 1282 2894 quovis
1324 2834 1489 2878 obtenta
1537 2833 1586 2877 ad
1632 2844 1817 2875 normam
