1965 3240
167 137 236 171 580
354 136 441 169 LJB.
468 135 541 169 ΙΙΙ.
570 155 583 160 -
610 135 721 168 PARS
747 133 812 168 VI.
841 155 854 159 -
879 134 937 169 De
961 135 1071 168 bonis
1096 124 1301 168 Ecclesiae
1318 135 1600 178 temporalibus

283 254 412 296 Immo
444 253 525 296 duo
572 251 809 295 authentica
852 251 1106 308 exemplaria
1155 255 1250 294 sunt
1292 251 1563 307 conficienda,
1599 265 1646 295 eo
1679 252 1789 310 quod

166 324 279 368 iubet
309 327 329 377 ἓ
359 326 401 366 2.
436 322 626 366 Alterum
675 321 929 374 tabularum,
963 324 1057 379 quia
1092 335 1142 365 ex
1186 321 1357 364 historia
1405 321 1483 365 hoc
1528 321 1702 366 verbum
1737 322 1789 366 ad

161 397 312 451 scripta
349 393 512 450 publica
545 393 596 436 de
619 393 901 436 contractibus
934 392 1188 449 designanda
1215 394 1450 435 restrictum
1473 397 1548 447 est,
1572 391 1790 446 eoeemplar
1833 422 1836 426 ⁴
1890 418 1894 425 -

162 465 207 508 in
243 464 396 509 Curiae
428 462 598 507 archivo
634 477 706 520 per
738 476 828 507 can.
855 463 1046 508 375-378
1082 462 1308 519 moderato,
1333 461 1515 505 alterum
1547 462 1590 506 in
1615 461 1787 507 archivo

162 534 450 579 constituendo
498 536 537 576 vi
582 539 689 578 can.·
722 533 805 576 383
846 547 1054 591 personae
1095 532 1285 585 moralis,
1320 532 1376 576 ad
1417 547 1541 590 quam
1573 532 1785 591 fundatio,

161 608 280 650 cuius
313 604 476 648 tabulae
508 609 615 660 sunt,
639 608 801 661 spectat
832 604 967 662 quoad
990 603 1207 646 utilitatem
1242 616 1290 646 ac
1323 617 1463 659 onera,
1498 609 1599 655 tuto,
1633 617 1684 647 ne
1720 617 1788 647 vo-

164 676 339 720 luntates
385 676 569 719 fidelium
621 677 740 727 l'urto,
778 675 840 718 vel
889 674 1130 718 animalium
1180 674 1441 732 climatisque
1484 679 1733 718 nocumento
1765 688 1788 718 e

163 749 362 790 memoria
396 746 605 800 excidant,
637 750 893 790 asservetur.
1736 740 1739 743 ’

280 817 377 860 467.
412 818 484 863 De
515 818 703 862 tabella
726 821 775 862 et
807 818 933 862 libro
968 817 1323 862 conservandis
1356 820 1469 859 extat
1502 817 1564 858 ius
1597 820 1714 858 vetus
1746 817 1786 858 in

162 887 290 933 Dec.is
322 889 360 931 S.
395 887 436 931 C.
470 886 511 931 C.
547 891 631 930 tum
672 885 889 943 «Nuper»
927 885 1003 930 sub
1036 885 1175 929 Innoc.
1201 885 1288 941 Xll,
1324 890 1409 929 tum
1448 902 1470 927 ((
1487 885 1538 930 Ut
1570 885 1748 929 debita»
1773 885 1786 907 1

160 958 237 1002 sub
272 959 340 1001 Pio
372 957 408 1001 X
442 971 472 1001 s.
501 971 552 1002 m.
577 958 643 1001 Sic
676 956 828 1013 legitur
862 959 900 1000 in
936 957 1003 1000 illo
1036 957 1085 1000 ad
1122 970 1234 1001 num.
1270 956 1344 999 lll:
1374 972 1396 998 (ε
1416 956 1547 1014 thue
1571 957 1609 1000 id
1636 959 1786 1013 ipsum,

160 1029 354 1087 (scilicet:
389 1033 433 1072 ut
464 1028 615 1084 singuli
650 1032 845 1082 rectores,
873 1030 1110 1084 superiores
1143 1032 1183 1071 et
1216 1029 1391 1071 ministri
1425 1040 1787 1085 quarumcumque

159 1105 246 1143 tum
270 1099 545 1143 saecularium
580 1103 663 1142 tum
691 1099 944 1155 regularium
980 1098 1268 1154 ecclesiarum,
1295 1112 1343 1141 ne
1376 1111 1503 1141 onera
1531 1111 1603 1141 seu
1629 1101 1787 1150 missas,

160 1176 248 1214 tum
283 1175 513 1227 perpetuas,
547 1174 633 1212 tum
668 1169 930 1225 temporales,
965 1174 1050 1212 tum
1096 1170 1222 1212 etiam
1258 1169 1483 1224 manuales,
1518 1182 1694 1226 quarum
1728 1181 1787 1212 sa-

160 1242 381 1285 tisfactioni
415 1243 594 1297 impares
628 1241 794 1295 fuerint,
828 1240 1121 1298 quoquomodo
1154 1240 1413 1297 suscipiant),
1440 1240 1575 1298 quoad
1601 1240 1688 1283 lieri
1715 1253 1786 1296 po·
1834 1277 1838 1281 .

160 1315 266 1369 terit,
303 1316 449 1368 pateat,
485 1316 702 1354 teneantur
749 1311 874 1354 iidem
918 1312 1140 1364 conticere,
1171 1323 1419 1368 semperque
1453 1313 1492 1353 in
1532 1310 1621 1354 loco
1657 1313 1787 1367 magis

160 1386 311 1438 patenti
346 1387 385 1425 et
417 1382 541 1425 obvio
582 1384 760 1424 retinere
794 1381 988 1425 tabellam
1023 1394 1196 1424 onerum
1232 1386 1528 1438 perpetuorum
1562 1386 1602 1424 et
1635 1386 1788 1438 tempo-

159 1454 306 1497 ralium
342 1453 487 1496 litteris
521 1453 751 1508 perspicuis
794 1456 834 1495 et
881 1451 1212 1508 intelligibilibus
1245 1452 1571 1508 descriptorum:
1606 1464 1785 1508 quorum

158 1523 426 1581 implemento
458 1525 492 1566 si
526 1522 737 1565 moraliter
778 1527 817 1565 et
865 1524 970 1566 intra
1007 1525 1306 1579 praescriptum
1341 1535 1413 1565 seu
1462 1521 1590 1566 breve
1624 1527 1786 1578 tempus

155 1597 394 1638 satisfacere
427 1607 506 1637 non
542 1607 673 1650 posse,
696 1606 769 1636 seu
803 1593 871 1636 illa
905 1593 1121 1636 dumtaxat
1154 1598 1194 1636 et
1216 1606 1295 1636 non
1330 1593 1526 1636 ulteriora
1556 1592 1786 1649 adimplere

157 1679 275 1722 posse
309 1665 576 1719 crediderint,
610 1677 683 1707 seu
716 1664 888 1707 credere
921 1663 1198 1720 debue1·int‚...
1236 1666 1274 1707 in
1313 1664 1457 1707 eadem
1494 1663 1643 1707 tabella
1675 1666 1786 1707 simi-

157 1737 249 1780 liter
271 1738 507 1793 exprimant
538 1748 628 1778 sese
653 1739 872 1791 propterea
905 1734 995 1778 aliis
1020 1737 1153 1778 missis
1175 1735 1440 1791 acceptandis
1463 1740 1502 1778 et
1525 1734 1786 1778 celebrandis

157 1810 337 1864 impares
370 1820 518 1850 esse».
1449 1812 1451 1815 ·

278 1876 382 1920 «IV.
418 1877 630 1935 iidemque
663 1881 883 1920 teneantur
915 1878 1069 1933 pariter
1103 1879 1141 1919 in
1175 1878 1357 1920 sacrario
1390 1877 1494 1920 duos
1528 1875 1654 1920 libros
1687 1878 1782 1920 reti-

155 1960 267 2003 nere,
300 1960 348 1991 ac
381 1950 420 1990 in
455 1961 597 1990 eorum
631 1947 761 1991 altero
793 1947 953 2004 singula
988 1960 1113 1990 onera
1147 1951 1344 2004 perpetua
1376 1952 1417 1990 et
1450 1947 1706 2003 temporalia,
1741 1949 1781 1990 in

154 2018 283 2061 altero
316 2023 453 2061 autem
478 2021 623 2061 missas
657 2017 881 2073 manuales,
906 2022 946 2061 et
978 2022 1060 2061 tam
1095 2017 1276 2073 illorum,
1299 2030 1423 2075 quam
1458 2020 1629 2061 istarum
1654 2018 1784 2061 adim-

153 2088 409 2145 plementum
441 2093 480 2132 et
513 2088 799 2145 eleemosynas
831 2088 1023 2132 distincte
1071 2094 1111 2131 et
1153 2088 1376 2144 diligenter
1408 2092 1607 2132 annotare
1639 2094 1679 2132 et
1712 2101 1783 2132 an-

153 2159 352 2202 notandas
384 2172 456 2202 seu
500 2159 736 2215 annotanda
778 2171 941 2213 curare,
976 2159 1235 2216 singulisque
1277 2161 1396 2202 annis
1440 2160 1490 2202 de
1531 2159 1783 2215 supradictis

152 2230 499 2288 adimplementis,
533 2231 809 2288 eleemosynis
852 2235 892 2273 et
924 2230 1120 2274 oneribus
1155 2233 1310 2287 pariter
1352 2235 1541 2274 exactam
1577 2233 1780 2274 rationem

153 2303 240 2344 suis
271 2301 555 2357 superioribus
589 2301 778 2356 reddere,
808 2313 856 2344 ac
889 2314 1032 2343 omnes
1054 2306 1093 2344 et
1124 2300 1308 2357 singulas
1341 2303 1519 2344 rationes
1541 2300 1781 2345 huiusmodi

155 2373 195 2414 in
231 2372 423 2427 praefatis
456 2374 690 2428 respective
737 2371 867 2425 libris,
900 2371 1023 2413 simili
1067 2371 1330 2414 distinctione
1362 2376 1402 2414 et
1433 2372 1660 2428 diligentia,
1693 2376 1777 2415 tam

155 2442 328 2497 praefati
362 2454 384 2484 a
416 2441 567 2499 quibus
610 2444 790 2484 rationes
832 2440 983 2500 debent
1026 2441 1158 2495 reddi,
1191 2453 1315 2499 quam
1358 2444 1594 2497 superiores
1627 2440 1777 2498 quibus

155 2511 393 2555 reddendae
440 2516 572 2567 erunt,
608 2511 846 2555 describere
877 2524 951 2554 seu
993 2515 1192 2555 annotare
1238 2513 1328 2554 sive
1371 2510 1665 2555 describendas
1711 2511 1776 2556 vel

153 2582 410 2625 annotandas
441 2585 673 2638 respective
706 2595 913 2625 curare».

274 2655 358 2695 Hoc
394 2655 454 2695 ius
489 2657 606 2695 vetus
638 2652 688 2696 ad
722 2652 801 2695 alia
834 2664 1001 2709 quoque
1034 2665 1160 2695 onera
1194 2655 1354 2709 piarum
1389 2652 1676 2695 fundationum
1711 2666 1779 2696 ex-

155 2727 314 2765 tensum
350 2736 421 2779 per
453 2735 632 2766 canones
664 2735 715 2765 ex
755 2725 914 2778 integro
959 2723 1118 2776 referri,
1153 2722 1343 2779 indigitat
1385 2736 1474 2768 can.
1510 2724 1644 2778 1549,
1677 2723 1775 2766 dum

274 2877 285 2897 ¹
313 2877 350 2909 ll
382 2875 479 2910 Maii
508 2876 608 2909 1904.
637 2876 739 2909 Acta
765 2875 800 2909 S.
828 2874 953 2919 Sedis,
983 2875 1170 2916 XXXVI,
1201 2875 1282 2910 762.
