1965 3240
165 162 235 195 ‘294
426 159 511 192 Lm.
540 158 611 192 III.
641 178 652 184 -
681 158 790 192 PARS
815 156 881 192 IV.
909 177 921 182 -
947 156 1003 191 Dc
1028 158 1253 200 magisterio
1278 131 1530 190 ecclesiastico

166 280 327 324 addidit
374 291 480 336 quae
528 278 577 321 ad
627 290 718 322 can.
754 277 866 320 1355
901 266 1051 319 inserta
1088 276 1267 329 fuerunt,
1310 286 1357 317 ac
1401 278 1538 331 postea
1578 273 1787 317 decrevit:

171 351 339 394 «iidem
374 349 565 406 Episcopi
600 362 694 392 cum
728 347 899 392 consilio
933 347 1111 389 duorum
1155 345 1205 388 de
1248 344 1442 401 capitulo,
1477 357 1653 401 quorum
1687 343 1790 387 alter

165 420 215 464 ab
249 422 455 476 episcopo,
488 418 592 462 alter
632 417 684 461 ab
727 420 825 474 ipso,
858 416 1037 473 capitulo
1081 415 1278 471 eligatur,
1314 417 1495 472 itemque
1529 414 1706 457 duorum
1739 414 1790 457 de

165 491 276 535 clero
309 492 504 544 civitatis,
538 502 714 547 quorum
750 487 919 546 quidem
955 487 1124 530 alterius
1157 485 1303 529 electio
1335 485 1525 528 similiter
1548 485 1598 528 ad
1623 484 1789 540 Episco-

167 575 277 618 pum,
311 560 484 604 alterius
519 573 617 603 vero
656 559 705 602 ad
752 558 910 602 clerum
946 559 1191 613 pertineat»
1232 555 1310 599 illis
1342 554 1658 599 necessitatibus
1689 560 1790 598 tem-

168 631 378 689 poralibus
411 631 633 688 providere
657 629 904 673 debuerunt.
928 654 984 659 —-
1012 643 1032 668 <t
1056 627 1250 670 Rationes
1273 631 1411 670 autem
1436 627 1644 669 redituum
1670 625 1792 669 huius

165 704 383 748 Seminarii
418 704 636 759 episcopus
669 702 787 744 annis
819 698 992 756 singulis
1025 700 1214 754 accipiat,
1248 696 1534 754 praesentibus
1576 696 1738 740 duobus
1771 708 1790 738 a

167 773 347 830 capitulo
380 778 420 816 et
452 773 624 816 totidem
668 784 688 814 a
733 771 843 814 clero
886 767 1066 813 civitatis
1104 769 1311 824 deputatis
1333 783 1372 809 )).
1407 767 1564 810 Harum
1598 769 1790 810 commis-

167 846 329 887 sionum
364 845 600 887 constitutio
643 841 768 885 subiit
813 852 1004 896 magnam
1051 841 1318 882 mutationem
1356 840 1394 880 vi
1428 838 1455 896 g
1489 838 1526 881 ἱ).
1568 836 1795 895 Utrumque

167 914 463 972 deputatorum
497 918 670 966 coelum,
705 912 799 955 hinc
833 914 955 954 etiam
992 909 1105 953 illum
1146 923 1263 966 «pro
1287 909 1644 952 administratione
1670 907 1792 951 bono-

168 999 258 1028 rum
294 985 650 1041 temporalium»,
683 996 763 1026 non
799 987 990 1040 quatuor,
1023 983 1129 1024 sicut
1160 994 1211 1023 ex
1246 980 1361 1023 Dec.0
1386 978 1524 1023 Conc.¹
1547 978 1687 1035 Trid.¹,
1721 981 1792 1022 sed

168 1056 428 1100 constituunt
446 1055 533 1098 bini
559 1068 630 1112 pro
651 1066 899 1111 unoquoque
918 1057 1036 1096 coetu
1062 1053 1100 1107 a)
1123 1050 1374 1105 sacerdotes,
1399 1064 1478 1093 non
1506 1063 1604 1093 vero
1634 1065 1654 1090 ((
1677 1062 1796 1093 cano-

167 1129 246 1170 nici
271 1129 454 1170 seniores
487 1130 526 1169 et
548 1127 764 1182 graviores
787 1140 826 1176 »,
854 1127 924 1166 aut
952 1138 971 1163 ((
995 1122 1046 1165 de
1069 1121 1249 1178 capitulo
1273 1134 1320 1164 ac
1345 1122 1395 1164 dc
1418 1120 1529 1164 clero
1553 1122 1733 1163 civitatis
1755 1136 1793 1173 »,

169 1198 239 1241 sed
274 1196 317 1254 b)
352 1196 400 1239 ab
432 1195 640 1254 Episcopo
675 1200 846 1248 tantum,
881 1193 1060 1237 exclusis
1093 1192 1273 1249 capitulo
1307 1197 1346 1235 et
1378 1191 1489 1235 clero
1522 1193 1716 1244 civitatis,
1749 1203 1795 1234 ac

172 1267 280 1310 illius
318 1283 338 1308 «
358 1270 523 1310 nomine
548 1269 585 1309 in
612 1269 699 1309 iure
727 1267 837 1308 venit
860 1263 1000 1308 Abbas
1026 1263 1088 1306 vel
1116 1263 1326 1306 Praelatus
1350 1262 1539 1305 nullius»
1568 1261 1796 1319 (ca11.⁶215,

171 1341 195 1392 ἓ
221 1338 277 1395 1),
297 1343 420 1396 atque
445 1350 553 1380 nunc
577 1350 720 1380 omnes
740 1335 842 1379 tales
871 1351 890 1376 ((
913 1334 1150 1378 sacerdotes
1174 1349 1213 1388 )›,
1236 1334 1277 1390 c)
1297 1332 1443 1376 (meiito
1472 1331 1667 1390 Capitale
1695 1348 1714 1373 «
1734 1344 1797 1375 ca-

170 1408 361 1462 thedrali,
394 1408 503 1466 quod
539 1408 834 1465 Episcopum...
868 1406 1082 1449 adiuvat...
1119 1407 1156 1447 iu
1191 1404 1393 1447 dioecesis
1415 1405 1618 1459 regimine
1643 1418 1661 1443 ›)
1691 1404 1796 1458 (can.

173 1480 269 1534 391,
304 1479 331 1511 Q
365 1478 420 1536 1),
456 1484 495 1522 et
527 1481 645 1522 cuius
683 1480 841 1521 «vices
884 1489 962 1534 qua
1004 1475 1195 1532 Episcopi
1239 1480 1419 1529 senatus,
1453 1474 1616 1530 supplet
1658 1478 1798 1517 coetus

171 1550 453 1594 consultorum
498 1550 886 1593 dioecesanorum»
926 1547 1034 1604 (can.
1070 1546 1166 1602 4⁶27,
1201 1548 1225 1600 ἓ
1259 1545 1316 1603 1),
1351 1544 1485 1601 electi,
1518 1544 1568 1588 ad
1608 1556 1796 1587 normam

175 1623 301 1678 igitur
335 1634 423 1666 can.
451 1621 549 1674 105,
584 1621 641 1663 10.

292 1692 333 1735 ln
367 1704 455 1735 can.
493 1691 592 1746 435,
623 1691 651 1749 ἓ
687 1692 700 1732 1
744 1690 916 1746 legitur:
957 1705 976 1730 ((
1000 1689 1113 1732 Sicut
1146 1689 1195 1732 ad
1230 1687 1465 1744 Capitulum
1498 1691 1593 1730 ante
1626 1686 1796 1742 deputa-

175 1766 327 1807 tionem
350 1762 498 1806 Vicarii
518 1762 780 1820 Capitularis,
799 1764 852 1805 ita
875 1761 1026 1804 deiude
1050 1761 1098 1803 ad
1123 1759 1332 1803 Vicarium
1352 1758 1629 1815 Capitularem
1655 1759 1799 1801 transit

174 1834 382 1877 ordinaria
417 1834 609 1890 Episcopi
646 1832 874 1875 iurisdictio
909 1834 946 1874 in
990 1829 1276 1888 spiritualibus
1323 1833 1362 1872 et
1409 1827 1798 1884 temporalibus»...

176 1904 269 1948 hinc
303 1904 439 1948 adhuc
476 1907 585 1961 viget
619 1903 844 1946 declaratio
879 1905 917 1944 in
942 1899 1130 1955 Oscensi,
1155 1914 1295 1943 mense
1317 1897 1488 1944 Octobri
1516 1899 1650 1943 1585:
1681 1897 1799 1942 «Du-

177 1975 329 2018 bitatur
363 1975 498 2027 1no‹l0‚
534 1979 695 2017 mortuo
728 1973 945 2030 EpiscopO,
979 1976 1018 2016 et
1052 1974 1089 2014 in
1115 1972 1220 2015 Sede
1256 1976 1441 2024 vacante,
1469 1970 1518 2014 ad
1553 1983 1676 2027 quem
1713 1982 1803 2026 per·
1843 1981 1850 1988 ·

176 2048 302 2089 tineat
333 2048 487 2089 erectio
521 2050 560 2088 et
592 2045 895 2088 administratio
929 2043 1027 2086 dicti
1061 2043 1294 2096 Seminarii,
1315 2046 1353 2084 et
1378 2041 1557 2095 videtur,
1577 2040 1685 2098 quod
1713 2053 1801 2096 per-

176 2120 277 2160 tinet
319 2117 367 2160 ad
412 2116 660 2173 Capitulum,
696 2117 791 2172 quia
839 2115 945 2158 Sede
996 2118 1182 2168 vacante,
1216 2112 1450 2169 Capitulum
1494 2113 1677 2168 fungitur
1713 2113 1802 2154 vico

176 2188 385 2245 Episcopi,
419 2192 499 2230 tam
535 2189 572 2229 in
606 2185 892 2242 spiritualibus
925 2198 1047 2242 quam
1074 2187 1111 2227 in
1137 2182 1448 2240 temporalibus.
1472 2183 1510 2227 S.
1534 2181 1683 2238 Congr.
1708 2195 1802 2225 cen-
1855 2220 1860 2229 Κ

177 2262 256 2302 suit
293 2261 499 2315 pertinere
532 2257 582 2300 ad
617 2256 914 2312 Capitulum».
950 2255 998 2298 Et
1043 2260 1209 2311 propter
1253 2254 1474 2297 adductam
1516 2255 1717 2295 rationem
1751 2251 1801 2295 ad

182 2329 388 2373 vicarium
431 2328 723 2385 Capitularein.
765 2353 816 2357 —
861 2326 965 2369 Sede
1008 2330 1144 2369 autem
1192 2324 1311 2381 plena
1355 2324 1391 2367 id
1436 2323 1699 2367 tribuendum
1744 2327 1801 2365 est

179 2400 286 2457 (can.
323 2400 420 2453 368,
453 2398 480 2456 ξ
514 2398 555 2455 1)
596 2414 615 2439 ((
639 2397 804 2441 vicario
837 2396 1036 2453 generali,
1070 2398 1136 2439 cui
1182 2398 1218 2437 vi
1264 2396 1402 2448 otlicii,
1436 2407 1483 2437 ea
1526 2395 1721 2450 competit
1765 2395 1801 2435 in

181 2472 374 2513 universa
408 2470 586 2512 dioecesi
624 2468 853 2511 iurisdictio
888 2469 925 2509 in
960 2465 1246 2523 spiritualibus
1279 2478 1326 2508 ac
1360 2463 1671 2521 temporalibus,
1699 2475 1804 2520 quae

180 2543 231 2585 ad
265 2540 515 2597 Episcopum
550 2541 638 2581 iure
670 2538 880 2581 ordinario
915 2539 1152 2593 pertinet»,
1188 2538 1264 2579 nisi
1299 2535 1397 2578 illud
1438 2534 1705 2590 «Episcopus
1728 2532 1802 2576 sibi

183 2613 461 2654 reservaverit
483 2626 521 2658 »,
545 2623 638 2652 cum
665 2608 841 2664 idipsum
873 2623 892 2648 ((
911 2621 959 2650 ex
987 2610 1074 2650 iure
1098 2620 1176 2649 non
1203 2608 1387 2664 requirat
1412 2604 1591 2661 speciale
1613 2603 1803 2660 Episcopi

184 2681 422 2724 mandatum
444 2696 481 2724 )).

299 2751 482 2794 Forsitan
517 2755 683 2807 propter
717 2749 793 2792 hoc
825 2752 883 2792 sic
918 2750 1180 2805 prosequitur
1224 2745 1530 2804 paragraphus:
1565 2744 1636 2788 sed
1669 2744 1804 2787 exclu-

181 2822 341 2864 dmum·
372 2821 423 2865 ab
457 2821 656 2864 electione
683 2822 843 2876 passiva
879 2821 917 2862 in
952 2819 1167 2875 deputatos
1192 2831 1263 2874 pro
1286 2817 1516 2861 Seminario
1545 2816 1585 2872 a)
1617 2814 1805 2858 Vicam'zts

181 2892 396 2948 ⁴‹Jeiieralis
432 2894 587 2935 ratione
620 2892 756 2945 otlicii,
793 2890 834 2946 b)
867 2889 1109 2947 sepultores
1141 2886 1356 2945 Episcopi,
1388 2900 1483 2930 cum
1513 2890 1648 2929 essent>
1671 2887 1806 2930 miuus
