1965 3240
148 126 217 162 564
339 127 424 160 LIB.
454 126 527 160 111.
555 146 566 152 -
594 127 704 161 PARS
729 127 795 161 VI.
824 147 837 152 -
863 127 920 161 De
944 127 1054 161 bonis
1079 127 1271 160 Ecclesiae
1295 126 1575 169 temporalibus

148 250 330 303 mentum
366 245 489 289 habet
522 248 559 288 in
593 245 791 303 qualitate
823 259 965 288 rerum
998 257 1236 298 sacrarum,
1271 259 1292 285 «
1317 257 1423 301 quae
1455 258 1603 301 nempe
1626 258 1768 288 couse-

146 319 329 360 cratione
365 316 427 360 vel
463 316 750 360 benedictione
783 316 833 360 ad
868 316 1057 359 divinum
1083 315 1240 358 cultum
1264 315 1467 359 destinata
1490 320 1622 359 sunt»
1660 316 1769 372 (can.
1823 329 1827 332 ⁴

148 387 274 441 1497,
308 389 333 441 ἓ
367 387 425 443 2),
457 386 576 429 millo
619 387 733 429 ratio
757 386 1098 430 “consecrationis
1131 385 1194 428 vel
1226 385 1541 440 benedictionis,
1572 399 1650 443 qua
1684 386 1770 429 elu-

145 463 348 508 centres,
383 457 427 500 iii
456 458 588 515 pretii
635 457 931 501 aestimatione
972 458 1022 501 ad
1068 456 1166 500 illud
1211 456 1505 513 adaugendum
1554 456 1769 501 habeatur.

145 529 272 572 Secus
310 544 330 569 (<
354 542 419 572 res
461 528 690 584 spiritualis
734 533 841 571 esset
883 527 1108 582 obiectum,
1142 529 1217 571 etsi
1249 527 1436 584 partiale,
1470 532 1707 571 contractus
1728 543 1768 583 ))7

145 599 253 656 quod
293 604 398 642 «est
429 601 601 642 simonia
638 601 739 642 iuris
771 599 947 642 divini»
989 599 1097 656 (can.
1132 598 1230 650 7⁶27,
1263 600 1288 652 ἓ
1323 597 1380 655 1).

263 669 363 714 Cum
389 673 563 727 pecunia
588 669 798 713 hodiernis
821 669 1078 726 temporibus
1096 682 1175 712 non
1195 669 1327 712 solum
1347 672 1529 713 nummis
1550 670 1621 713 sed
1645 671 1767 713 etiam

145 738 374 784 chartaceis
410 740 619 784 valoribus
651 746 908 790 numeratur,
949 743 1074 783 immo
1113 739 1241 783 titulis
1265 738 1428 796 publice
1462 742 1684 796 recognitis
1706 753 1769 783 re-

147 816 444 868 praesentatur,
491 811 716 855 venditioni
760 823 840 854 non
875 818 934 854 est
977 810 1190 854 dissimilis
1232 810 1380 853 horum
1426 813 1688 867 permutatio,
1719 811 1770 854 de

145 894 225 939 qua
258 886 455 925 statutum
491 883 614 925 tradit
644 882 734 940 §2
759 882 1142 925 Adminislralores
1166 881 1367 925 bonorum
1393 881 1768 925 ecclesiasticorum

142 958 318 1011 possunt
350 952 460 996 licite
498 969 520 994 «
542 953 742 996 ecclesiae
764 969 786 994 ›>
825 954 874 997 ad
911 966 1098 996 normam
1133 965 1222 996 can.
1260 953 1372 996 1498
1407 952 1552 996 titulos
1585 952 1641 996 ad
1663 952 1768 996 lato·

143 1037 229 1066 rem
264 1038 364 1081 quos
396 1026 454 1067 sie
486 1029 646 1076 vocant,
679 1027 774 1081 quia
809 1023 1009 1067 exhibens
1042 1037 1112 1067 eos
1146 1026 1291 1080 recipit
1333 1023 1491 1081 absque
1528 1023 1770 1067 difficultate

144 1095 301 1138 reditus
335 1096 470 1138 forsan
505 1095 767 1138 semestrales
800 1108 959 1149 eorum,
991 1099 1115 1151 atque
1153 1097 1211 1137 uti
1250 1095 1443 1138 dominus
1467 1094 1531 1138 vel
1562 1094 1770 1151 legitimus

144 1168 271 1222 ipsius
306 1165 586 1209 mandatarius
619 1171 848 1222 reputatur,
882 1171 1138 1209 commutare
1170 1165 1213 1208 in
1238 1165 1347 1209 alios
1371 1165 1517 1209 titulos
1539 1165 1665 1219 (nulla
1700 1178 1767 1221 po·

143 1239 219 1280 sita
253 1236 609 1288 determinatione,
644 1249 695 1279 an
728 1239 810 1280 sint
842 1250 1008 1295 quoque
1041 1236 1091 1280 ad
1127 1236 1312 1287 latorem,
1354 1236 1417 1280 vel
1452 1239 1666 1291 intestatis,
1692 1235 1771 1279 De-

144 1306 216 1350 biti
252 1305 402 1362 publici
439 1305 503 1349 vel
538 1305 811 1363 obligationes
843 1307 1018 1350 alicuius
1050 1297 1276 1364 societatis)
1311 1306 1538 1350 dummodo
1569 1305 1610 1363 a)
1634 1309 1769 1364 maqis

143 1382 217 1419 aut
235 1376 383 1419 saltem
403 1390 532 1434 oeque
567 1382 676 1420 lusos
709 1382 851 1420 contra
877 1376 1062 1434 pericula
1093 1389 1268 1433 magnae
1292 1377 1603 1434 depretiationis
1625 1390 1766 1420 eorum

142 1449 256 1490 iuxta
301 1449 453 1503 peritos
495 1447 545 1490 de
590 1447 652 1490 his
693 1447 917 1503 valoribus‚
952 1462 1000 1490 oe
1031 1446 1267 1506 fricyiferos
1310 1448 1445 1505 quoad
1481 1447 1769 1504 percipiendos

140 1518 237 1561 inde
272 1517 468 1566 redditus,
506 1517 545 1570 b)
570 1517 741 1561 eoeelicsa
775 1518 972 1576 qualibet,
1015 1521 1105 1561 sive
1139 1520 1177 1561 in
1214 1517 1290 1562 hac
1325 1520 1642 1575 permutatione,
1675 1520 1765 1561 sive

143 1589 277 1646 quoad
313 1594 470 1645 partem
505 1588 810 1632 habendam-in
845 1589 1124 1642 societatibuS‚
1158 1592 1277 1633 cuius
1309 1594 1404 1633 sunt
1438 1591 1606 1633 forsitan
1645 1591 1768 1632 actio-

142 1673 227 1708 nes,
262 1659 498 1703 commercii
530 1659 593 1702 vel
615 1660 930 1717 izeqoliatioizis,
965 1673 1072 1718 quae
1097 1663 1135 1704 in
1171 1661 1238 1703 illa
1267 1663 1570 1717 permutatione
1597 1664 1768 1703 vocatur

141 1732 288 1786 giuoco
321 1730 361 1773 di
397 1729 529 1781 boi-sa,
565 1732 603 1772 in
637 1729 905 1774 societatibus
941 1744 1052 1787 vero,
1087 1743 1192 1788 quae
1211 1733 1291 1773 sint
1318 1744 1415 1774 vere
1437 1729 1766 1784 commerciales,

139 1800 288 1858 specie,
321 1801 429 1844 unde
457 1801 622 1844 vitanda
645 1806 705 1843 est
728 1814 894 1858 quoque
919 1801 1028 1844 illius
1050 1801 1368 1844 verisimilitudo
1394 1800 1634 1857 probabilis,
1659 1800 1697 1856 c)
1718 1814 1768 1843 ac

141 1870 192 1914 de
223 1885 424 1914 consensu
456 1870 497 1928 a)
536 1870 764 1915 Orclinarii
797 1871 888 1927 loci,
922 1875 953 1915 si
994 1884 1171 1928 persona
1211 1872 1378 1915 moralis
1401 1872 1536 1915 eidem
1561 1874 1672 1915 circa
1695 1871 1765 1914 ad-

142 1944 483 1985 ministrationem
518 1942 703 1985 subiecta
736 1945 800 1995 sit⁷
825 1942 887 1985 vel
907 1942 1052 1986 saltem
1092 1959 1112 1984 ((
1137 1956 1209 1999 pro
1229 1945 1429 2000 pecuniae
1450 1942 1760 1986 collocatione»

142 2012 190 2056 ad
226 2026 412 2055 normam
447 2026 536 2056 can.
573 2013 672 2068 533,
706 2013 749 2066 b)
782 2013 1021 2057 dioecesani
1048 2013 1226 2057 Consilii
1244 2013 1647 2064 administrationis,
1670 2012 1766 2056 hinc

141 2084 479 2127 adnumerandus
502 2100 523 2124 «
537 2083 700 2127 casibus
718 2084 953 2141 specialiter
971 2087 1232 2141 expressis»,
1252 2098 1356 2142 quos
1375 2086 1626 2143 innuitcan.⁸
1643 2083 1765 2136 1520,

141 2156 167 2208 g
200 2154 238 2210 3,
272 2156 312 2207 c)
347 2153 610 2212 aliorumque
642 2168 818 2212 quorum
851 2155 1021 2197 intersit
1055 2156 1265 2211 profectus
1298 2155 1363 2199 vel
1398 2156 1595 2199 damnum
1621 2167 1671 2197 ex
1695 2153 1765 2197 tali

142 2226 445 2281 permutatione
469 2225 651 2267 fortassis
683 2224 977 2269 obventurum.

261 2294 383 2338 Recta
420 2297 702 2351 interpretatio
726 2295 848 2338 huius
872 2295 908 2349 {¹
933 2298 1062 2352 exigit
1081 2300 1124 2339 ut
1144 2295 1398 2352 intelligatur
1415 2298 1556 2339 stricte
1579 2295 1629 2339 de
1652 2308 1763 2353 com-

143 2367 370 2408 mutatione
404 2367 442 2407 in
476 2365 577 2408 alios
611 2365 750 2409 titulos
782 2379 874 2409 cum
911 2366 1122 2410 evidentia
1156 2366 1300 2409 saltem
1326 2379 1458 2424 aeque
1481 2371 1590 2409 tutos
1612 2378 1659 2409 ac
1682 2366 1763 2408 fru-

141 2436 307 2492 giferos,
341 2440 380 2479 et
412 2435 638 2479 dummodo
682 2436 895 2480 titulorum
940 2436 1163 2480 ecclesiae
1188 2437 1302 2480 valor
1336 2437 1458 2480 realis
1492 2450 1565 2493 per
1601 2441 1762 2480 contra·

139 2510 252 2549 ctum
287 2506 653 2562 pei-mutandorum
699 2520 778 2550 non
822 2507 999 2550 excedat
1039 2519 1244 2550 summam
1280 2507 1392 2550 mille
1426 2507 1657 2551 libellarum
1691 2520 1762 2550 seu

140 2577 393 2631 francorum,
427 2590 546 2621 secus
579 2580 687 2620 enim
724 2577 787 2621 vel
821 2581 853 2621 si
889 2578 957 2621 tiat
992 2580 1240 2634 permutatIO
1275 2580 1312 2620 in
1347 2578 1486 2621 titulos
1519 2580 1655 2621 minus
1685 2579 1765 2621 fru-

141 2647 307 2703 giferos,
343 2646 405 2690 vel
441 2661 512 2702 pro
538 2650 738 2704 pecuniae
773 2651 902 2704 pretio
928 2648 1032 2691 tituli
1058 2648 1291 2691 alienentur
1312 2651 1390 2691 erit
1411 2653 1648 2692 contractus
1672 2661 1764 2705 pro-

142 2718 230 2773 prie
263 2716 534 2772 alienationis,
571 2718 632 2762 vel
673 2732 797 2776 «quo
830 2719 1011 2762 conditio
1054 2717 1265 2762 Ecclesiae
1309 2721 1424 2775 peior
1466 2720 1553 2763 fieri
1590 2720 1758 2775 possit»

140 2789 245 2840 (can.
283 2788 422 2841 1533).
456 2788 568 2832 Tunc
601 2802 700 2845 ergo
734 2790 1001 2833 memoranda
1035 2794 1096 2833 est
1128 2788 1178 2833 ad
1215 2793 1375 2847 praxim
1409 2789 1549 2834 Codici
1572 2801 1761 2833 accomo-
