1965 3240
345 175 429 208 Trr.
458 173 625 209 XXVII.
654 194 668 199 -
693 174 749 208 De
773 174 883 208 bonis
908 174 1172 207 ecelesiasticis
1199 173 1450 217 acquirendis
1568 174 1580 187 ¹
1643 172 1712 206 509

88 298 221 350 posset
256 298 487 351 utramque.
524 293 778 341 Mandamus,
801 296 1005 349 quatenus
1036 294 1326 335 sententiam...
1353 305 1481 348 usque
1515 291 1564 334 ad
1599 293 1711 334 satis-

86 366 302 408 factionem
338 364 585 420 condignam
621 365 744 407 t'acias
776 362 1014 405 observari:
1049 364 1142 418 quia
1187 362 1416 405 secundum
1454 361 1709 417 Apostolum,

84 435 163 490 Qui
197 434 426 490 spiritualia
460 437 647 481 seminat,
684 447 761 477 non
807 437 865 476 est
901 445 1096 488 magnum
1150 435 1182 475 si
1220 437 1344 475 metat
1376 432 1580 475 carnalia:
1615 444 1708 474 cum

85 517 206 547 nemo
240 508 413 559 cogatur
445 506 530 546 suis
562 503 777 560 stipendiis
812 502 1047 545 militare».

202 574 378 618 Canonis
411 578 600 631 exceptio
634 574 710 618 sub
754 573 812 617 n.⁰
845 574 891 616 70
925 578 985 616 est
1018 572 1088 616 Ius
1124 573 1381 615 visitatiomls·
1420 586 1468 615 ex
1507 578 1620 629 parte
1656 573 1711 616 le-

83 648 214 704 gitimi
244 646 414 689 l'raelati
451 652 488 687 et
523 644 783 688 obedientiae
808 644 1078 701 praestandae
1101 646 1186 687 suis
1211 643 1383 700 legibus,
1410 646 1641 699 praeceptis
1664 656 1709 687 ac

83 715 427 771 ordinationibus,
452 730 528 758 non
549 716 806 772 simpliciter,
825 717 921 771 quia
947 728 1018 771 per
1041 714 1168 757 alium
1196 714 1426 757 Praelatum
1454 714 1551 756 illud
1577 719 1709 769 posset

84 789 407 844 praescriptione
441 786 681 829 translativa
717 786 906 840 obtineri,
941 785 1010 828 sed
1050 787 1298 828 exstinctiva
1335 787 1603 841 praescriptio
1640 798 1708 827 ex-

84 861 288 915 primitur,
323 871 493 914 nempe:
531 857 589 899 ita
625 863 667 899 ut
701 856 859 899 ‚subditi
885 859 942 899 sic
976 857 1073 899 dicti
1108 861 1313 913 quatenus
1346 860 1487 897 carent
1523 856 1708 898 iurisdic-

83 931 203 973 tione.
237 941 343 986 quae
378 930 415 970 in
451 930 638 985 sequenti
678 927 878 971 vocabulo
912 927 1152 980 includitur,
1186 929 1276 969 sive
1311 925 1417 975 laici,
1447 927 1535 968 sive
1570 926 1708 969 clerici

82 1004 151 1044 aut
186 999 365 1056 religiosi
392 1000 554 1047 luerint,
579 1013 602 1040 (ι
628 998 744 1041 nullo
773 997 967 1041 praelato
995 997 1208 1040 videlicet:
1240 1013 1261 1037 «
1280 996 1432 1039 clerico
1455 998 1543 1039 sire
1568 1010 1708 1039 saccu-

84 1071 155 1114 lari
192 1073 280 1113 sixe
329 1069 520 1125 religioso
555 1072 622 1127 qui
659 1070 983 1112 iurisdictionem
1029 1068 1280 1110 ordinariam
1323 1070 1360 1109 in
1407 1069 1494 1110 foro
1538 1072 1710 1109 externo

81 1142 275 1185 obtinet»
315 1142 420 1193 (can.
460 1142 571 1186 tto».
608 1140 777 1183 visitari
817 1140 981 1197 possim
1024 1140 1158 1196 ‹pioad
1195 1141 1372 1194 primum
1420 1141 1495 1190 ius,
1530 1144 1567 1180 et
1603 1137 1711 1180 nulli

85 1211 280 1255 Praelata
316 1213 419 1254 infra
446 1211 676 1255 Romanuin
713 1211 950 1254 Pontiticem
976 1211 1061 1253 iani
1084 1209 1245 1252 subsint
1269 1209 1403 1266 quoad
1431 1209 1707 1252 obedientiam

82 1284 347 1327 servandam.

198 1352 394 1407 Quaestio
428 1356 606 1410 emergit
637 1367 685 1397 ex
722 1354 850 1397 altero
886 1353 1161 1397 Decretalium
1199 1357 1311 1395 textu
1347 1354 1492 1395 citato:
1517 1364 1566 1394 an
1595 1364 1709 1407 prae-

81 1427 291 1481 scriptioni
328 1426 506 1468 obnoxia
539 1427 587 1467 sit
625 1427 874 1481 procuratio,
909 1438 1014 1481 quae
1051 1426 1207 1466 ratione
1245 1425 1488 1465 visitationis
1521 1421 1708 1466 debetur.

79 1495 281 1553 Negatixe
318 1497 529 1539 videretur
565 1495 897 1551 respondendum
932 1509 981 1538 ex
1019 1509 1103 1551 reg.
1140 1496 1239 1537 iuris
1283 1493 1335 1536 4³2
1372 1496 1408 1535 in
1445 1493 1527 1535 ‹‡0.;
1564 1493 1711 1536 Acces-

79 1569 233 1610 sorium
270 1573 457 1610 naturam
492 1569 608 1624 sequi
653 1568 843 1622 congruit
880 1566 1163 1623 principalis»
1202 1571 1244 1608 et
1277 1564 1328 1607 ol)
1375 1567 1552 1608 rationes
1585 1566 1708 1619 capiti

81 1641 266 1681 insertas.
305 1638 667 1694 Respondemlum,
701 1638 809 1694 quod
856 1639 930 1680 etsi
978 1641 1110 1693 posset
1155 1636 1256 1679 alias
1290 1637 1369 1678 dici
1416 1635 1613 1691 implicite
1649 1637 1709 1677 ius

83 1711 326 1751 visitationis
359 1711 570 1752 continere
605 1711 667 1751 ius
689 1709 738 1751 ad
775 1710 1123 1765 procurationem,
1149 1720 1226 1750 non
1252 1712 1310 1749 est
1347 1706 1422 1749 lioc
1452 1720 1594 1749 verunt
1621 1710 1710 1762 post

77 1778 288 1833 Codicem,
322 1782 416 1837 quia
454 1781 691 1836 procuratio
725 1793 803 1821 non
837 1784 897 1822 est
920 1778 1056 1822 debita
1087 1778 1337 1835 generaliter
1359 1791 1482 1821 causa
1512 1779 1706 1820 visitatio-

78 1853 153 1902 nis,
181 1850 487 1906 praescribente
511 1862 668 1893 canone
694 1850 800 1893 346:
830 1866 851 1891 «
870 1852 978 1893 circa
1002 1841 1100 1892 vero
1128 1849 1319 1892 victualia
1345 1849 1420 1892 sibi
1445 1851 1613 1906 suisque
1634 1851 1706 1891 ini-

78 1922 287 1965 nistranda
317 1921 379 1965 vel
404 1924 714 1978 procurationes
738 1926 777 1964 et
800 1934 1003 1977 expensas
1033 1923 1202 1967 itineris,
1227 1925 1419 1963 servetur
1443 1920 1625 1976 legitima
1652 1919 1705 1963 lo-

78 2006 220 2036 corum
241 1992 550 2043 consuetudo»,
574 1992 698 2035 veluti
721 1992 1014 2048 particularem
1038 2008 1058 2032 α
1075 1991 1204 2044 legem
1228 1991 1460 2033 inducens»
1486 1990 1592 2047 (can.
1616 1990 1705 2047 ⁰28),

79 2076 183 2120 quae
222 2076 333 2119 «per
366 2066 615 2106 contrariam
651 2063 782 2119 legem
823 2063 883 2105 vet
919 2063 1261 2106 consuettnlinem
1299 2067 1558 2105 revocatur»
1597 2061 1705 2119 (can.

81 2133 167 2190 30).
201 2133 317 2178 L'nde
360 2137 517 2176 constat
558 2136 736 2177 rationes
780 2135 926 2189 capitis
966 2132 1241 2177 Decretalium
1289 2146 1365 2175 non
1414 2145 1575 2188 urgere,
1611 2144 1704 2175 nam

79 2203 215 2247 Codex
253 2206 545 2260 praesupponit
570 2204 660 2247 aliis
695 2204 826 2247 modis
860 2218 932 2260 per
956 2207 1018 2247 ius
1051 2217 1272 2247 commune
1305 2217 1393 2247 esse
1425 2203 1703 2246 l'raelatorum

78 2277 365 2318 sustentationi
402 2277 630 2331 provisum.

196 2345 371 2402 Explicit
407 2358 537 2389 canon
572 2348 653 2389 sic:
688 2347 736 2389 8⁰
771 2345 933 2389 Solutio
967 2345 1260 2389 cathedratici.
1294 2348 1412 2389 cuius
1450 2347 1706 2401 exceptionis

60 2407 182 2461 'ratio
217 2417 366 2472 pendet
399 2430 419 2460 a
456 2417 854 2475 p1·aecetlenti,qi¹ia
888 2417 1064 2461 debetur
1091 2420 1169 2459 «in
1204 2419 1369 2473 signum
1393 2416 1700 2459 subiectionis»

82 2488 189 2544 (can.
230 2488 369 2545 1504).
406 2488 488 2532 Nec
523 2491 625 2532 ratio
661 2489 805 2532 eadem
842 2494 961 2546 urget
994 2489 1044 2532 de
1078 2489 1169 2532 aliis
1204 2488 1368 2532 tributis
1401 2490 1468 2544 qni
1504 2487 1580 2531 sul)
1613 2500 1701 2529 can.

81 2559 208 2605 1505,
234 2559 344 2601 1506
371 2564 650 2612 recensentur,
674 2562 769 2617 quia
794 2559 895 2603 haec
920 2562 957 2602 in
984 2562 1168 2603 t'avorein
1199 2559 1373 2602 alioruin
1399 2561 1705 2601 constituuntur

78 2634 221 2674 contra
255 2643 357 2687 quos
391 2629 614 2686 praescribi
651 2634 794 2687 potest,
833 2630 894 2673 vel
930 2631 1095 2688 quando
1127 2632 1283 2673 suntin
1310 2630 1511 2672 dioecesis
1537 2628 1700 2677 bonum,

79 2715 157 2744 non
184 2700 380 2757 praebent
408 2701 543 2744 locum
571 2703 883 2757 praescriptioni
919 2700 970 2745 ob
1004 2702 1210 2745 defectum
1237 2703 1446 2756 temporis,
1481 2702 1575 2755 quia
1610 2703 1702 2741 sunt

79 2772 422 2816 extraordinaria.

198 2842 295 2885 422.
333 2843 666 2894 Quorumdam
709 2846 950 2889 bonorum
993 2845 1201 2889 limitata
1243 2846 1319 2888 est
1353 2843 1703 2898 praescripti03

79 2913 297 2957 videlicet:
335 2911 434 2955 Can.
472 2914 598 2957 1510.
628 2914 653 2965 ἓ
686 2915 720 2955 1.
758 2911 835 2955 Res
867 2926 1016 2956 sacrae
1047 2927 1117 2957 seu
1149 2929 1170 2953 «
1189 2913 1498 2955 consecratione
1536 2910 1597 2953 vot
1635 2909 1701 2953 be-
