1965 3240
478 140 562 174 TIT.
590 139 714 174 XXV.

742 159 754 164 -
781 138 837 172 De
862 138 1054 182 beneficiis
1080 139 1344 172 ecclesiasticis
1654 137 1723 171 475

145 259 229 295 Cis.

99 318 174 341 rum
215 306 249 341 in
283 305 504 341 commodum
530 305 677 340 aliorum
718 304 768 339 vel
807 302 871 337 sub

97 354 216 400 aliqua
248 353 460 394 conditione,
496 363 585 398 quae
626 352 736 397 ipsam
772 351 874 386 hene—

101 401 166 437 ficii
201 400 431 447 provisionem
466 404 524 435 aut
558 400 731 435 redituum
758 409 875 442 eroga—

97 449 227 484 tionem
259 448 421 501 attingat
452 445 662 482 Ordinarins
693 445 875 481 admittere

100 496 233 541 nequit,
271 495 337 529 nisi
373 495 408 529 in
443 505 525 529 casu
560 506 627 539 quo
667 492 874 529 beneficium

99 543 143 578 sit
170 543 358 587 litigiosum
385 546 417 577 et
443 542 602 576 dimissio
630 541 688 576 fiat
712 540 756 576 al)
775 540 876 576 alter—

102 595 178 625 utro
203 601 242 625 ex
271 589 489 634 litigantibus
517 590 552 623 in
580 588 810 624 commodum
828 586 875 622 al-

102 637 221 673 terius

148 682 365 721 CAN.1487
441 684 519 726 §L
551 682 761 718 Permutatio
796 682 878 717 duo·

101 743 179 767 rum
206 731 456 767 beneficiorum
486 730 557 766 fieri
600 742 617 763 x
620 730 711 765 dide
746 729 878 775 nequit

102 779 168 814 nisi
198 784 334 825 propter
360 778 531 814 Ecclesiae
558 789 676 813 necess
681 778 798 812 itatem
826 776 878 810 vel

103 827 286 862 utilitatem
325 826 436 861 aliave
462 825 551 860 iusta
590 825 631 860 de
657 836 773 868 eausa,
803 824 880 859 sine

100 874 249 909 aliorum
280 874 502 915 detrimento
531 873 572 907 de
610 883 781 907 consensu
823 882 879 917 pa-

104 922 208 965 troni,
237 921 262 956 si
290 925 414 965 agatur
452 920 494 955 de
520 919 688 955 beneficio
715 920 799 954 iuris
827 930 881 964 pa-

105 974 274 1011 tronatus,
300 973 333 1004 et
359 966 538 1003 Ordinarii
568 967 646 1009 loci,
669 978 736 1001 non
764 971 880 1002 autem

107 1015 231 1052 Viearii
260 1016 441 1051 Generalis
479 1015 555 1050 sine
592 1014 754 1060 peculiari
785 1025 880 1048 man-

258 257 359 293 1486.
382 278 403 285 -
421 258 664 293 Diinissionem
694 256 871 292 beneficio-

944 255 1039 295 dato,
1062 266 1122 290 nec
1146 254 1268 290 Vicarii
1292 254 1513 300 Capitularis,
1531 259 1562 290 et
1590 259 1723 290 servato

946 303 1159 348 praescripto
1186 314 1261 337 can.
1294 301 1370 336 186.

995 353 1013 391 ξ
1041 349 1073 383 ἐὶ.
1104 349 1313 385 Ordinarius
1345 349 1436 384 intra
1465 360 1617 385 mensem
1646 360 1724 384 eon-

949 408 1090 432 sensum
1127 402 1275 443 praestet
1310 397 1361 432 vel
1397 396 1563 441 deneget:
1593 401 1625 431 et
1653 408 1725 442 per-

950 445 1095 479 mutatio
1122 444 1209 479 valet
1229 456 1249 479 a
1277 449 1454 479 momento
1473 455 1662 479 consensus
1681 444 1725 478 al»

950 490 1138 527 Ordinario
1167 492 1332 537 praestiti.

999 544 1014 578 ,ξ’
1036 538 1068 572 3.
1092 538 1342 574 Beneficiorum
1361 538 1567 584 permutatio
1588 538 1725 573 admitti

951 586 1071 631 nequit
1097 586 1140 620 ab
1169 584 1369 625 Ordinario,
1400 586 1425 619 si
1455 590 1642 630 utrumque
1667 591 1725 619 ant

950 633 1156 669 alterutrum
1185 633 1392 668 beneficium
1421 633 1463 666 sit
1491 631 1568 667 Sedi
1591 634 1731 677 Aposto-

952 681 1037 716 licae
1064 684 1289 716 reservatum.

999 726 1258 764 ΟΑΝ.1488.-
1289 732 1306 765 ,S
1336 727 1366 761 1
1397 726 1430 761 Si
1460 726 1627 761 beneficia
1656 737 1727 772 per·

954 775 1122 810 mutanda
1136 774 1336 820 inaequalia
1347 774 1429 813 sint
1449 779 1627 819 nequeunt
1642 784 1732 808 com-

954 823 1090 870 pensari
1112 822 1344 858 reserxatione
1363 822 1536 856 fructuum
1556 826 1615 856 aut
1636 831 1729 866 prae-

953 871 1100 905 statione
1117 870 1285 916 pecuniae
1299 880 1357 904 seu
1376 869 1544 914 cuiusque
1560 868 1605 903 rei
1624 867 1731 914 pretio

953 918 1193 953 aestimabilis.

1001 969 1020 1008 ξ
1055 965 1087 999 ⁸2.
1118 964 1330 1000 Permutatio
1369 964 1439 999 sieri
1482 963 1602 1008 nequit
1643 963 1732 997 inter

955 1013 1073 1059 plures
1099 1024 1205 1058 quam
1233 1012 1318 1047 duos
1345 1010 1599 1046 beneficiarios.

225 1111 323 1155 389.
358 1113 614 1168 Inscriptio
651 1111 854 1166 Capitis.
890 1108 972 1151 lam
1009 1113 1066 1151 est
1102 1107 1400 1151 transeundum
1435 1106 1484 1149 ad
1525 1119 1732 1161 exponen-

107 1183 206 1226 dum
247 1182 380 1240 Capul
420 1180 471 1224 VJ
489 1187 526 1225 et
552 1181 741 1235 ultimum
770 1179 891 1222 liuius
913 1178 989 1222 Tit.
1024 1177 1135 1221 XXV
1172 1194 1189 1218 ((
1217 1177 1274 1221 De
1299 1177 1509 1221 beneficiis
1542 1176 1734 1220 ecclesia-

106 1256 276 1298 sticis».
319 1252 405 1297 Hoc
447 1252 674 1308 partialiter
707 1253 891 1294 continet
925 1262 1092 1292 normas
1123 1249 1352 1292 servandas
1389 1247 1445 1291 De
1476 1247 1735 1290 dimissione.

107 1338 213 1383 quae
243 1325 351 1369 idem
382 1329 443 1367 est
465 1337 513 1367 ac
542 1324 814 1376 renunciatio,
839 1325 877 1364 et
901 1320 1086 1364 facienda
1108 1320 1367 1375 a‹l[11(›1·1nain
1402 1332 1490 1362 can.
1529 1318 1735 1365 isli-191,

110 1400 271 1453 praeter
312 1399 532 1452 sequentes
566 1396 604 1436 in
641 1393 715 1436 lioc
754 1394 887 1448 capite
926 1390 990 1443 vl,
1023 1404 1115 1434 nam
1156 1407 1177 1431 «
1202 1390 1450 1434 beneficium
1490 1388 1737 1432 ecclesiasti-

108 1479 203 1510 cum
238 1471 298 1509 est
330 1469 521 1509 constans
554 1465 689 1507 officio
722 1476 884 1507 sacro»
923 1463 1031 1519 (can.
1071 1462 1195 1515 1409)
1214 1467 1253 1505 et
1277 1463 1314 1503 in
1340 1474 1428 1504 can.
1452 1459 1533 1502 146
1557 1460 1736 1503 dicitnr:

113 1536 216 1580 «De
253 1535 562 1580 beneficialibus
595 1535 753 1589 ciliciis,
789 1538 952 1590 praeter
985 1546 1177 1585 canones,
1212 1534 1280 1589 qui
1324 1536 1570 1589 sequuntur,
1604 1535 1736 1573 custo-

109 1608 276 1650 diantur
311 1610 477 1663 insuper
512 1608 764 1662 praescripta
798 1617 888 1648 can.
926 1604 1035 1646 1409
1070 1609 1109 1647 et
1142 1616 1255 1660 seqq.
1281 1619 1335 1644 »ς
1371 1607 1409 1645 et
1444 1605 1611 1658 propter
1630 1600 1737 1644 hunc

109 1690 309 1721 canonem
345 1677 452 1720 idem
487 1678 650 1720 dicatur
683 1675 733 1718 de
763 1674 1079 1733 permutatione
1112 1673 1413 1730 beneficiorwn.
1447 1670 1563 1725 Quae
1598 1671 1742 1714 intelli-

110 1749 244 1806 genda
278 1753 373 1792 sunt
405 1750 528 1791 etiam
563 1746 863 1801 inamovibitia,
897 1746 968 1789 sed
995 1745 1281 1789 tantummodo
1301 1744 1350 1787 ad
1376 1741 1587 1788 Ordinarii
1622 1742 1743 1786 colla-

112 1821 262 1863 tionem
300 1821 558 1875 pertinentia,
593 1823 635 1861 ut
668 1819 828 1861 eruitur
861 1831 910 1860 ex
946 1830 1152 1860 canonum
1186 1815 1309 1858 huius
1342 1814 1497 1870 Capitis
1530 1818 1741 1857 contextu.

231 1888 383 1943 Quaeri
420 1894 578 1946 potest:
613 1889 710 1946 qnid
746 1888 1008 1932 sentiendum
1043 1887 1178 1945 quoad
1215 1887 1495 1930 dimissionem
1524 1885 1742 1928 beneticio-

115 1975 204 2004 rum
240 1960 601 2014 consistorialiuni,
626 1973 674 2003 ac
699 1961 1001 2015 permutatione
1038 1958 1334 2002 beneficiorum
1369 1956 1543 1999 Sanctae
1567 1955 1660 1999 Sedi
1687 1968 1743 1998 re-

113 2037 389 2076 servatorum.
425 2031 544 2088 Resp.
581 2030 743 2074 illorum
780 2031 1057 2084 dimissiones,
1100 2031 1219 2072 sicuti
1255 2032 1291 2071 et
1328 2026 1618 2070 translationes
1651 2025 1743 2082 Epi-

113 2104 240 2158 scopi,
275 2103 397 2145 etiam
433 2100 564 2144 solum
598 2102 846 2153 confirmati,
884 2104 1022 2155 utpote
1061 2100 1305 2142 auctoritate
1330 2097 1501 2140 Romani
1539 2096 1745 2138 l'ontiticis

115 2172 391 2229 acceptandus
424 2176 463 2214 ct
496 2171 705 2214 faciendas
730 2170 758 2224 ¹,
792 2172 861 2227 qui
894 2183 1019 2226 supra
1065 2172 1126 2212 ius
1169 2174 1227 2212 est
1265 2170 1432 2224 positus,
1468 2180 1546 2209 non
1581 2168 1742 2209 inerunt

120 2246 207 2287 inre
241 2243 402 2287 Codicis
439 2242 731 2285 moderandae.
767 2241 959 2284 Attamen
998 2241 1133 2284 valent
1169 2245 1209 2283 ut
1249 2252 1398 2283 causae
1438 2240 1566 2281 iustae
1595 2250 1743 2280 renun-

119 2316 320 2369 ciationis,
353 2326 459 2370 quae
476 2313 528 2357 ab
547 2312 684 2356 innoc.
723 2312 768 2355 lll
795 2312 1058 2368 explicantur
1082 2314 1119 2354 in
1140 2324 1230 2367 cap.
1269 2326 1290 2350 «
1313 2309 1396 2352 Nisi
1421 2323 1513 2352 cuni
1542 2308 1740 2364 pridem»

128 2385 174 2427 10
207 2387 266 2427 tit.
306 2385 401 2428 «de
436 2386 792 2427 renunciatione»
832 2383 878 2441 (l,
912 2382 955 2440 9>
990 2382 1040 2436 X,
1073 2387 1111 2426 et
1145 2382 1207 2424 his
1244 2380 1431 2424 versibus
1453 2381 1742 2423 continentur:

357 2492 376 2511 «
395 2477 537 2518 Debilis,
567 2478 722 2522 ignarus,
751 2477 840 2512 male
866 2477 1038 2519 conscius,
1068 2475 1291 2521 irregularis:

356 2536 467 2580 Quem
496 2536 588 2571 mala
616 2536 711 2582 plebs
737 2536 821 2573 odit,
852 2536 940 2571 dans
967 2535 1145 2575 scandala,
1174 2534 1293 2569 cedere
1322 2533 1478 2579 possit».

241 2620 282 2663 ln
319 2621 556 2664 dimissione
589 2633 636 2663 ac
682 2622 985 2676 permutatione
1029 2619 1342 2670 beneficiorum,
1377 2628 1481 2672 quae
1520 2628 1540 2658 a
1584 2614 1745 2657 Dataria

126 2691 360 2749 Apostolica
403 2691 702 2740 conceduntur,
735 2692 831 2747 quia
879 2690 917 2734 S.
952 2689 1047 2733 Sedi
1082 2691 1307 2740 reservata,
1351 2689 1514 2729 videtur
1557 2684 1744 2728 eamdem

125 2777 213 2807 esse
258 2763 490 2805 omissionis
534 2763 572 2803 in
616 2760 767 2804 Codice
813 2762 1039 2803 rationem:
1083 2764 1143 2802 est
1186 2760 1294 2801 enim
1335 2757 1506 2801 Romani
1544 2755 1748 2797 l'ontitieis

244 2892 255 2913 ¹
284 2890 402 2935 Capp.
434 2891 451 2923 1
479 2894 519 2923 et
545 2889 567 2922 2
597 2902 614 2922 «
632 2889 677 2923 de
705 2889 967 2923 translatione
994 2888 1208 2933 Episcopi»
1231 2886 1276 2929 (I.
1298 2885 1346 2928 7).
