<?xml version="1.0" encoding="UTF-8"?>
<!DOCTYPE html PUBLIC "-//W3C//DTD XHTML 1.0 Transitional//EN"
    "http://www.w3.org/TR/xhtml1/DTD/xhtml1-transitional.dtd">
<html xmlns="http://www.w3.org/1999/xhtml" xml:lang="en" lang="en">
 <head>
  <title>
</title>
<meta http-equiv="Content-Type" content="text/html;charset=utf-8" />
  <meta name='ocr-system' content='tesseract 3.04.00' />
  <meta name='ocr-capabilities' content='ocr_page ocr_carea ocr_par ocr_line ocrx_word'/>
</head>
<body>
  <div class='ocr_page' id='page_1' title='image "./commentariumtext03blatuoft_0041.png"; bbox 0 0 1965 3240; ppageno 0'>
   <div class='ocr_carea' id='block_1_1' title="bbox 669 119 1739 155">
    <p class='ocr_par' dir='ltr' id='par_1_1' title="bbox 669 119 1739 155">
     <span class='ocr_line' id='line_1_1' title="bbox 669 119 1739 155; baseline 0.002 -2"><span class='ocrx_word' id='word_1_1' title='bbox 669 120 754 153; x_wconf 83' lang='grc' dir='ltr'><strong>ΤιΤ.</strong></span> <span class='ocrx_word' id='word_1_2' title='bbox 784 119 854 153; x_wconf 84' lang='lat' dir='ltr'>IX.</span> <span class='ocrx_word' id='word_1_3' title='bbox 886 140 896 144; x_wconf 99' lang='lat'>-</span> <span class='ocrx_word' id='word_1_4' title='bbox 924 120 980 154; x_wconf 85' lang='lat' dir='ltr'>De</span> <span class='ocrx_word' id='word_1_5' title='bbox 1014 121 1179 155; x_wconf 71' lang='lat' dir='ltr'>ecclesiis</span> <span class='ocrx_word' id='word_1_6' title='bbox 1694 120 1739 155; x_wconf 78' lang='lat'>‘29</span> 
     </span>
    </p>
   </div>
   <div class='ocr_carea' id='block_1_2' title="bbox 247 176 1726 188">
    <p class='ocr_par' dir='ltr' id='par_1_2' title="bbox 247 176 1726 188">
     <span class='ocr_line' id='line_1_2' title="bbox 247 176 1726 188; baseline 0 0"><span class='ocrx_word' id='word_1_7' title='bbox 247 176 1726 188; x_wconf 95' lang='lat' dir='ltr'> </span> 
     </span>
    </p>
   </div>
   <div class='ocr_carea' id='block_1_3' title="bbox 94 237 1738 2780">
    <p class='ocr_par' dir='ltr' id='par_1_3' title="bbox 101 237 1738 1206">
     <span class='ocr_line' id='line_1_3' title="bbox 106 237 1738 297; baseline 0 -16"><span class='ocrx_word' id='word_1_8' title='bbox 106 252 208 297; x_wconf 77' lang='lat' dir='ltr'>quas</span> <span class='ocrx_word' id='word_1_9' title='bbox 240 243 279 282; x_wconf 85' lang='lat' dir='ltr'>et</span> <span class='ocrx_word' id='word_1_10' title='bbox 314 238 402 281; x_wconf 89' lang='lat' dir='ltr'>illas</span> <span class='ocrx_word' id='word_1_11' title='bbox 433 243 582 295; x_wconf 77' lang='lat' dir='ltr'>polest,</span> <span class='ocrx_word' id='word_1_12' title='bbox 618 238 731 280; x_wconf 66' lang='lat' dir='ltr'>iusta</span> <span class='ocrx_word' id='word_1_13' title='bbox 765 237 816 280; x_wconf 73' lang='lat' dir='ltr'>[le</span> <span class='ocrx_word' id='word_1_14' title='bbox 847 251 990 293; x_wconf 66' lang='lat' dir='ltr'>cama,</span> <span class='ocrx_word' id='word_1_15' title='bbox 1026 237 1461 294; x_wconf 86' lang='lat' dir='ltr'>idestproportionata</span> <span class='ocrx_word' id='word_1_16' title='bbox 1494 238 1738 296; x_wconf 75' lang='lat' dir='ltr'>praefinire,</span> 
     </span>
     <span class='ocr_line' id='line_1_4' title="bbox 104 308 1736 368; baseline -0.001 -16"><span class='ocrx_word' id='word_1_17' title='bbox 104 312 201 368; x_wconf 80' lang='lat' dir='ltr'>quin</span> <span class='ocrx_word' id='word_1_18' title='bbox 237 309 337 352; x_wconf 84' lang='lat' dir='ltr'>haec</span> <span class='ocrx_word' id='word_1_19' title='bbox 374 314 551 365; x_wconf 85' lang='lat' dir='ltr'>potestas</span> <span class='ocrx_word' id='word_1_20' title='bbox 589 310 937 364; x_wconf 80' lang='lat' dir='ltr'>«exemptionem</span> <span class='ocrx_word' id='word_1_21' title='bbox 974 308 1302 364; x_wconf 77' lang='lat' dir='ltr'>religiosorum»</span> <span class='ocrx_word' id='word_1_22' title='bbox 1334 309 1490 357; x_wconf 82' lang='lat' dir='ltr'>limitet,</span> <span class='ocrx_word' id='word_1_23' title='bbox 1526 324 1595 352; x_wconf 89' lang='lat' dir='ltr'>seu</span> <span class='ocrx_word' id='word_1_24' title='bbox 1622 309 1736 352; x_wconf 72' lang='grc'>(111111-</span> 
     </span>
     <span class='ocr_line' id='line_1_5' title="bbox 108 377 1738 436; baseline 0 -13"><span class='ocrx_word' id='word_1_25' title='bbox 108 379 224 424; x_wconf 76' lang='lat' dir='ltr'>modo</span> <span class='ocrx_word' id='word_1_26' title='bbox 251 394 299 422; x_wconf 78' lang='lat' dir='ltr'>ne</span> <span class='ocrx_word' id='word_1_27' title='bbox 332 385 488 436; x_wconf 73' lang='lat' dir='ltr'>‹tystlzer</span> <span class='ocrx_word' id='word_1_28' title='bbox 520 378 571 421; x_wconf 79' lang='lat' dir='ltr'>de</span> <span class='ocrx_word' id='word_1_29' title='bbox 604 377 779 421; x_wconf 69' lang='lat' dir='ltr'>eeclesia</span> <span class='ocrx_word' id='word_1_30' title='bbox 814 392 921 436; x_wconf 75' lang='lat' dir='ltr'>quae</span> <span class='ocrx_word' id='word_1_31' title='bbox 954 377 1009 421; x_wconf 77' lang='lat' dir='ltr'>ad</span> <span class='ocrx_word' id='word_1_32' title='bbox 1044 378 1304 435; x_wconf 68' lang='lat' dir='ltr'>reliqionem,</span> <span class='ocrx_word' id='word_1_33' title='bbox 1339 382 1411 422; x_wconf 85' lang='lat' dir='ltr'>etsi</span> <span class='ocrx_word' id='word_1_34' title='bbox 1453 383 1738 436; x_wconf 76' lang='lat' dir='ltr'>congregatio-</span> 
     </span>
     <span class='ocr_line' id='line_1_6' title="bbox 107 448 1737 508; baseline -0.001 -14"><span class='ocrx_word' id='word_1_35' title='bbox 107 451 297 502; x_wconf 80' lang='lat' dir='ltr'>nem‚sed</span> <span class='ocrx_word' id='word_1_36' title='bbox 318 456 551 508; x_wconf 71' lang='lat' dir='ltr'>eremplam</span> <span class='ocrx_word' id='word_1_37' title='bbox 574 449 803 507; x_wconf 72' lang='lat' dir='ltr'>pertineat,</span> <span class='ocrx_word' id='word_1_38' title='bbox 828 448 984 493; x_wconf 87' lang='lat' dir='ltr'>scilicet</span> <span class='ocrx_word' id='word_1_39' title='bbox 1000 448 1355 505; x_wconf 84' lang='lat' dir='ltr'>subexeinptione</span> <span class='ocrx_word' id='word_1_40' title='bbox 1380 451 1737 507; x_wconf 65' lang='lat' dir='ltr'>comprehensam,</span> 
     </span>
     <span class='ocr_line' id='line_1_7' title="bbox 105 520 1737 580; baseline -0.001 -15"><span class='ocrx_word' id='word_1_41' title='bbox 105 523 223 579; x_wconf 77' lang='lat' dir='ltr'>firmo</span> <span class='ocrx_word' id='word_1_42' title='bbox 255 522 522 580; x_wconf 76' lang='lat' dir='ltr'>praescripto</span> <span class='ocrx_word' id='word_1_43' title='bbox 556 535 648 564; x_wconf 79' lang='lat' dir='ltr'>ean.</span> <span class='ocrx_word' id='word_1_44' title='bbox 683 524 790 575; x_wconf 75' lang='lat'>609,</span> <span class='ocrx_word' id='word_1_45' title='bbox 826 523 850 574; x_wconf 58' lang='lat' dir='ltr'>g</span> <span class='ocrx_word' id='word_1_46' title='bbox 882 522 926 575; x_wconf 75' lang='lat'>3,</span> <span class='ocrx_word' id='word_1_47' title='bbox 964 520 1180 565; x_wconf 68' lang='lat' dir='ltr'>videlicet:</span> <span class='ocrx_word' id='word_1_48' title='bbox 1225 520 1275 563; x_wconf 90' lang='lat' dir='ltr'>de</span> <span class='ocrx_word' id='word_1_49' title='bbox 1319 522 1585 577; x_wconf 85' lang='lat' dir='ltr'>Superiorum</span> <span class='ocrx_word' id='word_1_50' title='bbox 1636 524 1737 579; x_wconf 72' lang='lat' dir='ltr'>vigi-</span> 
     </span>
     <span class='ocr_line' id='line_1_8' title="bbox 106 592 1737 648; baseline -0.001 -12"><span class='ocrx_word' id='word_1_51' title='bbox 106 593 242 642; x_wconf 83' lang='lat' dir='ltr'>lantia,</span> <span class='ocrx_word' id='word_1_52' title='bbox 283 606 370 636; x_wconf 85' lang='lat' dir='ltr'>«ne</span> <span class='ocrx_word' id='word_1_53' title='bbox 420 593 658 636; x_wconf 76' lang='lat' dir='ltr'>divinorum</span> <span class='ocrx_word' id='word_1_54' title='bbox 710 593 941 635; x_wconf 80' lang='lat' dir='ltr'>officiorum</span> <span class='ocrx_word' id='word_1_55' title='bbox 978 594 1015 634; x_wconf 91' lang='lat' dir='ltr'>in</span> <span class='ocrx_word' id='word_1_56' title='bbox 1053 594 1230 648; x_wconf 86' lang='lat' dir='ltr'>propriis</span> <span class='ocrx_word' id='word_1_57' title='bbox 1278 592 1464 635; x_wconf 86' lang='lat' dir='ltr'>ecclesiis</span> <span class='ocrx_word' id='word_1_58' title='bbox 1513 592 1737 636; x_wconf 74' lang='lat' dir='ltr'>celebratio</span> 
     </span>
     <span class='ocr_line' id='line_1_9' title="bbox 104 662 1735 719; baseline -0.001 -11"><span class='ocrx_word' id='word_1_59' title='bbox 104 664 385 708; x_wconf 86' lang='lat' dir='ltr'>catechetieae</span> <span class='ocrx_word' id='word_1_60' title='bbox 433 665 692 707; x_wconf 86' lang='lat' dir='ltr'>instructioni</span> <span class='ocrx_word' id='word_1_61' title='bbox 741 668 808 706; x_wconf 88' lang='lat' dir='ltr'>aut</span> <span class='ocrx_word' id='word_1_62' title='bbox 858 662 1077 718; x_wconf 77' lang='lat' dir='ltr'>Evangelii</span> <span class='ocrx_word' id='word_1_63' title='bbox 1127 662 1407 719; x_wconf 77' lang='lat' dir='ltr'>explanationi</span> <span class='ocrx_word' id='word_1_64' title='bbox 1456 666 1492 705; x_wconf 91' lang='lat' dir='ltr'>in</span> <span class='ocrx_word' id='word_1_65' title='bbox 1554 663 1735 707; x_wconf 85' lang='lat' dir='ltr'>Ecclesia</span> 
     </span>
     <span class='ocr_line' id='line_1_10' title="bbox 106 733 1734 792; baseline 0.001 -15"><span class='ocrx_word' id='word_1_66' title='bbox 106 736 325 792; x_wconf 78' lang='lat' dir='ltr'>paroeciali</span> <span class='ocrx_word' id='word_1_67' title='bbox 361 735 589 779; x_wconf 74' lang='lat' dir='ltr'>tradendae</span> <span class='ocrx_word' id='word_1_68' title='bbox 614 739 909 777; x_wconf 82' lang='lat' dir='ltr'>nocumentum</span> <span class='ocrx_word' id='word_1_69' title='bbox 945 734 1088 777; x_wconf 73' lang='lat' dir='ltr'>alferat</span> <span class='ocrx_word' id='word_1_70' title='bbox 1109 750 1148 787; x_wconf 73' lang='lat'>»3</span> <span class='ocrx_word' id='word_1_71' title='bbox 1183 739 1221 776; x_wconf 88' lang='lat' dir='ltr'>et</span> <span class='ocrx_word' id='word_1_72' title='bbox 1255 733 1377 777; x_wconf 87' lang='lat' dir='ltr'>huius</span> <span class='ocrx_word' id='word_1_73' title='bbox 1402 737 1458 777; x_wconf 91' lang='lat' dir='ltr'>rei</span> <span class='ocrx_word' id='word_1_74' title='bbox 1498 750 1517 775; x_wconf 74' lang='grc' dir='ltr'>(τ</span> <span class='ocrx_word' id='word_1_75' title='bbox 1539 736 1734 778; x_wconf 86' lang='lat' dir='ltr'>iudicium</span> 
     </span>
     <span class='ocr_line' id='line_1_11' title="bbox 104 804 1735 862; baseline 0 -13"><span class='ocrx_word' id='word_1_76' title='bbox 104 807 155 850; x_wconf 87' lang='lat' dir='ltr'>ad</span> <span class='ocrx_word' id='word_1_77' title='bbox 191 807 266 850; x_wconf 87' lang='lat' dir='ltr'>loci</span> <span class='ocrx_word' id='word_1_78' title='bbox 302 804 572 851; x_wconf 83' lang='lat' dir='ltr'>Ordinariuin</span> <span class='ocrx_word' id='word_1_79' title='bbox 611 808 844 862; x_wconf 82' lang='lat' dir='ltr'>pertinet».</span> <span class='ocrx_word' id='word_1_80' title='bbox 880 805 986 848; x_wconf 89' lang='lat' dir='ltr'>Huic</span> <span class='ocrx_word' id='word_1_81' title='bbox 1021 807 1168 849; x_wconf 87' lang='lat' dir='ltr'>canoni</span> <span class='ocrx_word' id='word_1_82' title='bbox 1204 818 1439 861; x_wconf 77' lang='lat' dir='ltr'>congruens</span> <span class='ocrx_word' id='word_1_83' title='bbox 1468 811 1603 849; x_wconf 87' lang='lat' dir='ltr'>manet</span> <span class='ocrx_word' id='word_1_84' title='bbox 1629 807 1735 862; x_wconf 80' lang='lat' dir='ltr'>quod</span> 
     </span>
     <span class='ocr_line' id='line_1_12' title="bbox 108 876 1736 933; baseline -0.001 -12"><span class='ocrx_word' id='word_1_85' title='bbox 108 896 128 921; x_wconf 87' lang='lat'>«</span> <span class='ocrx_word' id='word_1_86' title='bbox 148 880 187 923; x_wconf 87' lang='lat' dir='ltr'>S.</span> <span class='ocrx_word' id='word_1_87' title='bbox 207 878 253 922; x_wconf 87' lang='lat' dir='ltr'>R.</span> <span class='ocrx_word' id='word_1_88' title='bbox 274 878 332 930; x_wconf 89' lang='lat' dir='ltr'>C.,</span> <span class='ocrx_word' id='word_1_89' title='bbox 367 880 479 921; x_wconf 84' lang='lat' dir='ltr'>iuxta</span> <span class='ocrx_word' id='word_1_90' title='bbox 515 877 616 920; x_wconf 88' lang='lat' dir='ltr'>alias</span> <span class='ocrx_word' id='word_1_91' title='bbox 640 877 822 931; x_wconf 70' lang='lat' dir='ltr'>decreta,</span> <span class='ocrx_word' id='word_1_92' title='bbox 847 876 1117 933; x_wconf 72' lang='lat' dir='ltr'>respondit1:</span> <span class='ocrx_word' id='word_1_93' title='bbox 1154 876 1187 919; x_wconf 73' lang='lat' dir='ltr'><strong>A</strong></span> <span class='ocrx_word' id='word_1_94' title='bbox 1214 876 1393 933; x_wconf 88' lang='lat' dir='ltr'>parocho</span> <span class='ocrx_word' id='word_1_95' title='bbox 1415 876 1622 932; x_wconf 83' lang='lat' dir='ltr'>prohiberi</span> <span class='ocrx_word' id='word_1_96' title='bbox 1658 891 1736 920; x_wconf 90' lang='lat' dir='ltr'>non</span> 
     </span>
     <span class='ocr_line' id='line_1_13' title="bbox 101 945 1737 1007; baseline -0.002 -14"><span class='ocrx_word' id='word_1_97' title='bbox 101 963 218 1007; x_wconf 86' lang='lat' dir='ltr'>posse</span> <span class='ocrx_word' id='word_1_98' title='bbox 252 951 350 1006; x_wconf 82' lang='lat' dir='ltr'>quin</span> <span class='ocrx_word' id='word_1_99' title='bbox 376 948 522 992; x_wconf 78' lang='lat' dir='ltr'>Missae</span> <span class='ocrx_word' id='word_1_100' title='bbox 548 950 586 990; x_wconf 93' lang='lat' dir='ltr'>in</span> <span class='ocrx_word' id='word_1_101' title='bbox 611 947 798 991; x_wconf 74' lang='lat' dir='ltr'>Ecclesia</span> <span class='ocrx_word' id='word_1_102' title='bbox 825 947 1035 1004; x_wconf 86' lang='lat' dir='ltr'>praedicta</span> <span class='ocrx_word' id='word_1_103' title='bbox 1061 952 1218 999; x_wconf 82' lang='lat' dir='ltr'>(erecta</span> <span class='ocrx_word' id='word_1_104' title='bbox 1238 949 1484 991; x_wconf 86' lang='lat' dir='ltr'>auctoritate</span> <span class='ocrx_word' id='word_1_105' title='bbox 1508 945 1737 991; x_wconf 52' lang='lat' dir='ltr'>Ordinariii</span> 
     </span>
     <span class='ocr_line' id='line_1_14' title="bbox 101 1018 1736 1075; baseline -0.002 -11"><span class='ocrx_word' id='word_1_106' title='bbox 101 1020 249 1065; x_wconf 89' lang='lat' dir='ltr'>diebus</span> <span class='ocrx_word' id='word_1_107' title='bbox 282 1019 410 1063; x_wconf 85' lang='lat' dir='ltr'>Festis</span> <span class='ocrx_word' id='word_1_108' title='bbox 443 1025 537 1062; x_wconf 88' lang='lat' dir='ltr'>ante</span> <span class='ocrx_word' id='word_1_109' title='bbox 573 1019 635 1062; x_wconf 67' lang='lat' dir='ltr'>vel</span> <span class='ocrx_word' id='word_1_110' title='bbox 673 1024 759 1075; x_wconf 86' lang='lat' dir='ltr'>post</span> <span class='ocrx_word' id='word_1_111' title='bbox 796 1021 962 1061; x_wconf 86' lang='lat' dir='ltr'>missam</span> <span class='ocrx_word' id='word_1_112' title='bbox 1000 1018 1278 1075; x_wconf 87' lang='lat' dir='ltr'>parochialem</span> <span class='ocrx_word' id='word_1_113' title='bbox 1331 1018 1607 1070; x_wconf 65' lang='lat' dir='ltr'>celebrentur,</span> <span class='ocrx_word' id='word_1_114' title='bbox 1662 1021 1736 1061; x_wconf 88' lang='lat' dir='ltr'>nisi</span> 
     </span>
     <span class='ocr_line' id='line_1_15' title="bbox 101 1088 1736 1146; baseline -0.001 -12"><span class='ocrx_word' id='word_1_115' title='bbox 101 1091 247 1134; x_wconf 87' lang='lat' dir='ltr'>eadem</span> <span class='ocrx_word' id='word_1_116' title='bbox 285 1090 470 1134; x_wconf 85' lang='lat' dir='ltr'>Ecclesia</span> <span class='ocrx_word' id='word_1_117' title='bbox 506 1089 644 1146; x_wconf 79' lang='lat' dir='ltr'>aliquo</span> <span class='ocrx_word' id='word_1_118' title='bbox 677 1089 847 1145; x_wconf 87' lang='lat' dir='ltr'>speciali</span> <span class='ocrx_word' id='word_1_119' title='bbox 885 1091 973 1132; x_wconf 91' lang='lat' dir='ltr'>iure</span> <span class='ocrx_word' id='word_1_120' title='bbox 1008 1088 1292 1145; x_wconf 77' lang='lat' dir='ltr'>subiectionis,</span> <span class='ocrx_word' id='word_1_121' title='bbox 1327 1091 1400 1146; x_wconf 86' lang='lat' dir='ltr'>ipsi</span> <span class='ocrx_word' id='word_1_122' title='bbox 1438 1089 1663 1146; x_wconf 85' lang='lat' dir='ltr'>parochiali</span> <span class='ocrx_word' id='word_1_123' title='bbox 1688 1092 1736 1133; x_wconf 89' lang='lat' dir='ltr'>sit</span> 
     </span>
     <span class='ocr_line' id='line_1_16' title="bbox 101 1162 339 1206; baseline -0.004 -3"><span class='ocrx_word' id='word_1_124' title='bbox 101 1162 339 1206; x_wconf 74' lang='lat' dir='ltr'>obnoxia».</span> 
     </span>
    </p>

    <p class='ocr_par' dir='ltr' id='par_1_4' title="bbox 94 1229 1738 2625">
     <span class='ocr_line' id='line_1_17' title="bbox 221 1229 1738 1284; baseline 0 -10"><span class='ocrx_word' id='word_1_125' title='bbox 221 1233 286 1278; x_wconf 65' lang='grc'>22,</span> <span class='ocrx_word' id='word_1_126' title='bbox 325 1234 397 1278; x_wconf 90' lang='lat' dir='ltr'>De</span> <span class='ocrx_word' id='word_1_127' title='bbox 430 1234 700 1278; x_wconf 81' lang='lat' dir='ltr'>violatione</span> <span class='ocrx_word' id='word_1_128' title='bbox 735 1234 999 1278; x_wconf 83' lang='lat' dir='ltr'>Ecclesiae.</span> <span class='ocrx_word' id='word_1_129' title='bbox 1039 1229 1139 1274; x_wconf 72' lang='lat' dir='ltr'>Can.</span> <span class='ocrx_word' id='word_1_130' title='bbox 1177 1232 1407 1284; x_wconf 51' lang='lat'>117351.</span> <span class='ocrx_word' id='word_1_131' title='bbox 1445 1230 1634 1274; x_wconf 62' lang='lat' dir='ltr'>Evelesia</span> <span class='ocrx_word' id='word_1_132' title='bbox 1659 1230 1738 1274; x_wconf 67' lang='lat' dir='ltr'>cio-</span> 
     </span>
     <span class='ocr_line' id='line_1_18' title="bbox 102 1302 1736 1359; baseline -0.001 -13"><span class='ocrx_word' id='word_1_133' title='bbox 102 1303 233 1357; x_wconf 73' lang='lat' dir='ltr'>lalur,</span> <span class='ocrx_word' id='word_1_134' title='bbox 266 1317 336 1347; x_wconf 88' lang='lat' dir='ltr'>seu</span> <span class='ocrx_word' id='word_1_135' title='bbox 377 1305 469 1346; x_wconf 80' lang='lat' dir='ltr'>«ita</span> <span class='ocrx_word' id='word_1_136' title='bbox 506 1303 674 1359; x_wconf 83' lang='lat' dir='ltr'>indigne</span> <span class='ocrx_word' id='word_1_137' title='bbox 709 1308 909 1346; x_wconf 87' lang='lat' dir='ltr'>tractatur</span> <span class='ocrx_word' id='word_1_138' title='bbox 942 1305 1030 1345; x_wconf 90' lang='lat' dir='ltr'>eius</span> <span class='ocrx_word' id='word_1_139' title='bbox 1079 1302 1327 1354; x_wconf 76' lang='lat' dir='ltr'>sanctitudo,</span> <span class='ocrx_word' id='word_1_140' title='bbox 1381 1306 1419 1345; x_wconf 87' lang='lat' dir='ltr'>ut</span> <span class='ocrx_word' id='word_1_141' title='bbox 1464 1315 1541 1345; x_wconf 88' lang='lat' dir='ltr'>non</span> <span class='ocrx_word' id='word_1_142' title='bbox 1593 1302 1736 1345; x_wconf 86' lang='lat' dir='ltr'>deceat</span> 
     </span>
     <span class='ocr_line' id='line_1_19' title="bbox 101 1372 1737 1430; baseline -0.002 -14"><span class='ocrx_word' id='word_1_143' title='bbox 101 1377 188 1418; x_wconf 88' lang='lat' dir='ltr'>iure</span> <span class='ocrx_word' id='word_1_144' title='bbox 224 1376 261 1416; x_wconf 93' lang='lat' dir='ltr'>in</span> <span class='ocrx_word' id='word_1_145' title='bbox 296 1387 343 1417; x_wconf 92' lang='lat' dir='ltr'>ea</span> <span class='ocrx_word' id='word_1_146' title='bbox 377 1373 580 1417; x_wconf 88' lang='lat' dir='ltr'>celebrari</span> <span class='ocrx_word' id='word_1_147' title='bbox 615 1375 747 1416; x_wconf 85' lang='lat' dir='ltr'>otlicia</span> <span class='ocrx_word' id='word_1_148' title='bbox 784 1374 985 1420; x_wconf 66' lang='lat' dir='ltr'>divina»,</span> <span class='ocrx_word' id='word_1_149' title='bbox 1038 1377 1204 1429; x_wconf 79' lang='lat' dir='ltr'>propter</span> <span class='ocrx_word' id='word_1_150' title='bbox 1252 1373 1359 1430; x_wconf 78' lang='lat' dir='ltr'>quod</span> <span class='ocrx_word' id='word_1_151' title='bbox 1413 1372 1589 1416; x_wconf 88' lang='lat' dir='ltr'>habetur</span> <span class='ocrx_word' id='word_1_152' title='bbox 1637 1372 1737 1416; x_wconf 89' lang='lat' dir='ltr'>haec</span> 
     </span>
     <span class='ocr_line' id='line_1_20' title="bbox 103 1443 1736 1503; baseline 0 -17"><span class='ocrx_word' id='word_1_153' title='bbox 103 1445 269 1488; x_wconf 72' lang='lat' dir='ltr'>violatio</span> <span class='ocrx_word' id='word_1_154' title='bbox 303 1444 343 1502; x_wconf 83' lang='lat' dir='ltr'>a)</span> <span class='ocrx_word' id='word_1_155' title='bbox 381 1444 496 1503; x_wconf 76' lang='lat' dir='ltr'>infra</span> <span class='ocrx_word' id='word_1_156' title='bbox 534 1444 751 1487; x_wconf 67' lang='lat' dir='ltr'>recensitis</span> <span class='ocrx_word' id='word_1_157' title='bbox 786 1450 947 1486; x_wconf 73' lang='lat' dir='ltr'>lantum</span> <span class='ocrx_word' id='word_1_158' title='bbox 983 1443 1158 1492; x_wconf 64' lang='lat' dir='ltr'>actibus,</span> <span class='ocrx_word' id='word_1_159' title='bbox 1185 1457 1357 1499; x_wconf 85' lang='lat' dir='ltr'>nempe:</span> <span class='ocrx_word' id='word_1_160' title='bbox 1394 1449 1433 1486; x_wconf 90' lang='lat' dir='ltr'>ut</span> <span class='ocrx_word' id='word_1_161' title='bbox 1461 1443 1513 1487; x_wconf 87' lang='lat' dir='ltr'>ibi</span> <span class='ocrx_word' id='word_1_162' title='bbox 1542 1444 1736 1487; x_wconf 89' lang='lat' dir='ltr'>determi-</span> 
     </span>
     <span class='ocr_line' id='line_1_21' title="bbox 99 1515 1737 1572; baseline -0.002 -13"><span class='ocrx_word' id='word_1_163' title='bbox 99 1522 262 1559; x_wconf 88' lang='lat' dir='ltr'>nantur.</span> <span class='ocrx_word' id='word_1_164' title='bbox 297 1515 519 1559; x_wconf 74' lang='lat' dir='ltr'>dummodo</span> <span class='ocrx_word' id='word_1_165' title='bbox 553 1516 703 1571; x_wconf 75' lang='lat' dir='ltr'>singuli</span> <span class='ocrx_word' id='word_1_166' title='bbox 742 1515 782 1572; x_wconf 83' lang='lat' dir='ltr'>h)</span> <span class='ocrx_word' id='word_1_167' title='bbox 820 1515 925 1558; x_wconf 67' lang='lat' dir='ltr'>verli</span> <span class='ocrx_word' id='word_1_168' title='bbox 956 1515 1055 1567; x_wconf 66' lang='lat' dir='ltr'>sint,</span> <span class='ocrx_word' id='word_1_169' title='bbox 1090 1528 1137 1558; x_wconf 89' lang='lat' dir='ltr'>eo</span> <span class='ocrx_word' id='word_1_170' title='bbox 1172 1515 1279 1572; x_wconf 80' lang='lat' dir='ltr'>quod</span> <span class='ocrx_word' id='word_1_171' title='bbox 1323 1516 1374 1557; x_wconf 93' lang='lat' dir='ltr'>de</span> <span class='ocrx_word' id='word_1_172' title='bbox 1419 1518 1506 1558; x_wconf 92' lang='lat' dir='ltr'>iure</span> <span class='ocrx_word' id='word_1_173' title='bbox 1552 1517 1737 1572; x_wconf 74' lang='lat' dir='ltr'>‹praesito</span> 
     </span>
     <span class='ocr_line' id='line_1_22' title="bbox 100 1586 1737 1644; baseline -0.002 -14"><span class='ocrx_word' id='word_1_174' title='bbox 100 1587 280 1631; x_wconf 86' lang='lat' dir='ltr'>tollendo</span> <span class='ocrx_word' id='word_1_175' title='bbox 313 1590 462 1644; x_wconf 74' lang='lat' dir='ltr'>agitur,</span> <span class='ocrx_word' id='word_1_176' title='bbox 497 1588 534 1633; x_wconf 56' lang='lat' dir='ltr'>cl</span> <span class='ocrx_word' id='word_1_177' title='bbox 571 1587 744 1640; x_wconf 69' lang='lat' dir='ltr'>notorii,</span> <span class='ocrx_word' id='word_1_178' title='bbox 777 1589 872 1644; x_wconf 83' lang='lat' dir='ltr'>quia</span> <span class='ocrx_word' id='word_1_179' title='bbox 908 1587 1141 1630; x_wconf 89' lang='lat' dir='ltr'>indecentia</span> <span class='ocrx_word' id='word_1_180' title='bbox 1177 1591 1388 1629; x_wconf 81' lang='lat' dir='ltr'>contracta</span> <span class='ocrx_word' id='word_1_181' title='bbox 1424 1599 1444 1629; x_wconf 91' lang='lat' dir='ltr'>a</span> <span class='ocrx_word' id='word_1_182' title='bbox 1482 1586 1569 1629; x_wconf 83' lang='lat' dir='ltr'>loco</span> <span class='ocrx_word' id='word_1_183' title='bbox 1619 1599 1737 1629; x_wconf 87' lang='lat' dir='ltr'>sacro</span> 
     </span>
     <span class='ocr_line' id='line_1_23' title="bbox 98 1657 1737 1716; baseline -0.001 -15"><span class='ocrx_word' id='word_1_184' title='bbox 98 1663 159 1701; x_wconf 83' lang='lat' dir='ltr'>est</span> <span class='ocrx_word' id='word_1_185' title='bbox 191 1658 368 1716; x_wconf 80' lang='lat' dir='ltr'>qualitas</span> <span class='ocrx_word' id='word_1_186' title='bbox 401 1671 480 1701; x_wconf 91' lang='lat' dir='ltr'>non</span> <span class='ocrx_word' id='word_1_187' title='bbox 517 1657 702 1715; x_wconf 66' lang='lat' dir='ltr'>physica,</span> <span class='ocrx_word' id='word_1_188' title='bbox 736 1658 806 1701; x_wconf 86' lang='lat' dir='ltr'>sed</span> <span class='ocrx_word' id='word_1_189' title='bbox 845 1658 1012 1701; x_wconf 87' lang='lat' dir='ltr'>moralis</span> <span class='ocrx_word' id='word_1_190' title='bbox 1044 1671 1117 1700; x_wconf 87' lang='lat' dir='ltr'>seu</span> <span class='ocrx_word' id='word_1_191' title='bbox 1153 1660 1265 1700; x_wconf 79' lang='lat' dir='ltr'>iuxta</span> <span class='ocrx_word' id='word_1_192' title='bbox 1301 1657 1485 1700; x_wconf 84' lang='lat' dir='ltr'>tidelium</span> <span class='ocrx_word' id='word_1_193' title='bbox 1529 1660 1737 1700; x_wconf 81' lang='lat' dir='ltr'>existima-</span> 
     </span>
     <span class='ocr_line' id='line_1_24' title="bbox 99 1727 1736 1786; baseline -0.001 -15"><span class='ocrx_word' id='word_1_194' title='bbox 99 1731 268 1777; x_wconf 83' lang='lat' dir='ltr'>tionem,</span> <span class='ocrx_word' id='word_1_195' title='bbox 304 1728 347 1785; x_wconf 87' lang='lat' dir='ltr'>d)</span> <span class='ocrx_word' id='word_1_196' title='bbox 382 1735 421 1771; x_wconf 79' lang='lat' dir='ltr'>et</span> <span class='ocrx_word' id='word_1_197' title='bbox 454 1729 497 1771; x_wconf 67' lang='lat' dir='ltr'>in</span> <span class='ocrx_word' id='word_1_198' title='bbox 535 1729 625 1786; x_wconf 75' lang='lat' dir='ltr'>ipsa</span> <span class='ocrx_word' id='word_1_199' title='bbox 661 1727 1011 1786; x_wconf 64' lang='lat' dir='ltr'>ecclesia‘posili.</span> <span class='ocrx_word' id='word_1_200' title='bbox 1047 1728 1125 1772; x_wconf 86' lang='lat' dir='ltr'>Sed</span> <span class='ocrx_word' id='word_1_201' title='bbox 1162 1728 1389 1771; x_wconf 83' lang='lat' dir='ltr'>notandum</span> <span class='ocrx_word' id='word_1_202' title='bbox 1426 1727 1491 1771; x_wconf 91' lang='lat' dir='ltr'>hic</span> <span class='ocrx_word' id='word_1_203' title='bbox 1528 1727 1736 1770; x_wconf 84' lang='lat' dir='ltr'>Ecclesiae</span> 
     </span>
     <span class='ocr_line' id='line_1_25' title="bbox 99 1802 1734 1856; baseline -0.001 -14"><span class='ocrx_word' id='word_1_204' title='bbox 99 1803 265 1843; x_wconf 90' lang='lat' dir='ltr'>nomine</span> <span class='ocrx_word' id='word_1_205' title='bbox 300 1813 378 1843; x_wconf 89' lang='lat' dir='ltr'>non</span> <span class='ocrx_word' id='word_1_206' title='bbox 417 1802 557 1844; x_wconf 85' lang='lat' dir='ltr'>venire</span> <span class='ocrx_word' id='word_1_207' title='bbox 590 1802 835 1849; x_wconf 69' lang='lat' dir='ltr'>sacristiam,</span> <span class='ocrx_word' id='word_1_208' title='bbox 872 1813 947 1843; x_wconf 88' lang='lat' dir='ltr'>ncc</span> <span class='ocrx_word' id='word_1_209' title='bbox 982 1802 1201 1856; x_wconf 74' lang='lat' dir='ltr'>porticum,</span> <span class='ocrx_word' id='word_1_210' title='bbox 1237 1813 1311 1842; x_wconf 90' lang='lat' dir='ltr'>nec</span> <span class='ocrx_word' id='word_1_211' title='bbox 1348 1802 1492 1842; x_wconf 91' lang='lat' dir='ltr'>turrim</span> <span class='ocrx_word' id='word_1_212' title='bbox 1515 1811 1734 1855; x_wconf 81' lang='lat' dir='ltr'>campana-</span> 
     </span>
     <span class='ocr_line' id='line_1_26' title="bbox 101 1867 1733 1928; baseline -0.002 -14"><span class='ocrx_word' id='word_1_213' title='bbox 101 1874 217 1917; x_wconf 83' lang='lat' dir='ltr'>riam,</span> <span class='ocrx_word' id='word_1_214' title='bbox 254 1885 329 1915; x_wconf 89' lang='lat' dir='ltr'>nec</span> <span class='ocrx_word' id='word_1_215' title='bbox 363 1876 583 1915; x_wconf 82' lang='lat' dir='ltr'>externum</span> <span class='ocrx_word' id='word_1_216' title='bbox 611 1867 766 1928; x_wconf 76' lang='lat' dir='ltr'>templi,</span> <span class='ocrx_word' id='word_1_217' title='bbox 805 1884 880 1914; x_wconf 90' lang='lat' dir='ltr'>nec</span> <span class='ocrx_word' id='word_1_218' title='bbox 904 1884 1092 1914; x_wconf 88' lang='lat' dir='ltr'>cameras</span> <span class='ocrx_word' id='word_1_219' title='bbox 1118 1871 1370 1918; x_wconf 86' lang='lat' dir='ltr'>adiacentes,</span> <span class='ocrx_word' id='word_1_220' title='bbox 1396 1875 1463 1913; x_wconf 88' lang='lat' dir='ltr'>aut</span> <span class='ocrx_word' id='word_1_221' title='bbox 1497 1870 1733 1913; x_wconf 85' lang='lat' dir='ltr'>otlicialium</span> 
     </span>
     <span class='ocr_line' id='line_1_27' title="bbox 98 1942 1734 1999; baseline -0.002 -13"><span class='ocrx_word' id='word_1_222' title='bbox 98 1942 305 1997; x_wconf 72' lang='lat' dir='ltr'>cubicula,</span> <span class='ocrx_word' id='word_1_223' title='bbox 339 1956 415 1986; x_wconf 86' lang='lat' dir='ltr'>nec</span> <span class='ocrx_word' id='word_1_224' title='bbox 449 1945 626 1999; x_wconf 85' lang='lat' dir='ltr'>spatium</span> <span class='ocrx_word' id='word_1_225' title='bbox 664 1945 912 1986; x_wconf 86' lang='lat' dir='ltr'>interiacens</span> <span class='ocrx_word' id='word_1_226' title='bbox 957 1945 1136 1998; x_wconf 90' lang='lat' dir='ltr'>primum</span> <span class='ocrx_word' id='word_1_227' title='bbox 1186 1947 1223 1985; x_wconf 91' lang='lat' dir='ltr'>et</span> <span class='ocrx_word' id='word_1_228' title='bbox 1271 1942 1499 1985; x_wconf 89' lang='lat' dir='ltr'>secundum</span> <span class='ocrx_word' id='word_1_229' title='bbox 1550 1946 1734 1989; x_wconf 80' lang='lat' dir='ltr'>tectum;</span> 
     </span>
     <span class='ocr_line' id='line_1_28' title="bbox 97 2012 1732 2068; baseline -0.001 -11"><span class='ocrx_word' id='word_1_230' title='bbox 97 2028 240 2058; x_wconf 85' lang='lat' dir='ltr'>sumus</span> <span class='ocrx_word' id='word_1_231' title='bbox 263 2018 370 2058; x_wconf 89' lang='lat' dir='ltr'>enim</span> <span class='ocrx_word' id='word_1_232' title='bbox 398 2017 435 2057; x_wconf 91' lang='lat' dir='ltr'>in</span> <span class='ocrx_word' id='word_1_233' title='bbox 463 2028 504 2057; x_wconf 93' lang='lat' dir='ltr'>re</span> <span class='ocrx_word' id='word_1_234' title='bbox 529 2015 683 2059; x_wconf 64' lang='lat' dir='ltr'>‹ulios-a.</span> <span class='ocrx_word' id='word_1_235' title='bbox 709 2014 786 2058; x_wconf 71' lang='lat' dir='ltr'>Sed</span> <span class='ocrx_word' id='word_1_236' title='bbox 812 2028 863 2057; x_wconf 78' lang='lat' dir='ltr'>ex</span> <span class='ocrx_word' id='word_1_237' title='bbox 888 2016 1097 2057; x_wconf 89' lang='lat' dir='ltr'>communi</span> <span class='ocrx_word' id='word_1_238' title='bbox 1135 2013 1216 2056; x_wconf 86' lang='lat' dir='ltr'>Dl).</span> <span class='ocrx_word' id='word_1_239' title='bbox 1238 2015 1579 2068; x_wconf 82' lang='lat' dir='ltr'>interpretatione</span> <span class='ocrx_word' id='word_1_240' title='bbox 1602 2012 1732 2056; x_wconf 83' lang='lat' dir='ltr'>solum</span> 
     </span>
     <span class='ocr_line' id='line_1_29' title="bbox 97 2084 1733 2144; baseline -0.001 -15"><span class='ocrx_word' id='word_1_241' title='bbox 97 2088 292 2142; x_wconf 78' lang='lat' dir='ltr'>spatium,</span> <span class='ocrx_word' id='word_1_242' title='bbox 326 2087 434 2144; x_wconf 76' lang='lat' dir='ltr'>quod</span> <span class='ocrx_word' id='word_1_243' title='bbox 471 2091 529 2129; x_wconf 82' lang='lat' dir='ltr'>est</span> <span class='ocrx_word' id='word_1_244' title='bbox 566 2088 671 2129; x_wconf 91' lang='lat' dir='ltr'>inter</span> <span class='ocrx_word' id='word_1_245' title='bbox 696 2088 982 2142; x_wconf 79' lang='lat' dir='ltr'>pavimentum</span> <span class='ocrx_word' id='word_1_246' title='bbox 1008 2091 1045 2128; x_wconf 86' lang='lat' dir='ltr'>et</span> <span class='ocrx_word' id='word_1_247' title='bbox 1072 2091 1224 2129; x_wconf 87' lang='lat' dir='ltr'>tectum</span> <span class='ocrx_word' id='word_1_248' title='bbox 1254 2086 1436 2137; x_wconf 69' lang='lat' dir='ltr'>interius,</span> <span class='ocrx_word' id='word_1_249' title='bbox 1469 2090 1505 2127; x_wconf 87' lang='lat' dir='ltr'>et</span> <span class='ocrx_word' id='word_1_250' title='bbox 1532 2098 1580 2126; x_wconf 80' lang='lat' dir='ltr'>cx</span> <span class='ocrx_word' id='word_1_251' title='bbox 1607 2084 1733 2127; x_wconf 86' lang='lat' dir='ltr'>altera</span> 
     </span>
     <span class='ocr_line' id='line_1_30' title="bbox 99 2156 1732 2214; baseline -0.001 -15"><span class='ocrx_word' id='word_1_252' title='bbox 99 2161 214 2213; x_wconf 90' lang='lat' dir='ltr'>parte</span> <span class='ocrx_word' id='word_1_253' title='bbox 250 2159 357 2200; x_wconf 92' lang='lat' dir='ltr'>inter</span> <span class='ocrx_word' id='word_1_254' title='bbox 392 2171 531 2200; x_wconf 64' lang='lat' dir='ltr'>nunes</span> <span class='ocrx_word' id='word_1_255' title='bbox 564 2156 615 2201; x_wconf 90' lang='lat' dir='ltr'>ab</span> <span class='ocrx_word' id='word_1_256' title='bbox 650 2160 737 2213; x_wconf 87' lang='lat' dir='ltr'>ipsa</span> <span class='ocrx_word' id='word_1_257' title='bbox 769 2156 913 2200; x_wconf 89' lang='lat' dir='ltr'>abside</span> <span class='ocrx_word' id='word_1_258' title='bbox 948 2170 1078 2214; x_wconf 81' lang='lat' dir='ltr'>usque</span> <span class='ocrx_word' id='word_1_259' title='bbox 1112 2157 1161 2199; x_wconf 87' lang='lat' dir='ltr'>ad</span> <span class='ocrx_word' id='word_1_260' title='bbox 1204 2161 1432 2199; x_wconf 79' lang='lat' dir='ltr'>extremam</span> <span class='ocrx_word' id='word_1_261' title='bbox 1481 2160 1636 2211; x_wconf 82' lang='lat' dir='ltr'>partein</span> <span class='ocrx_word' id='word_1_262' title='bbox 1679 2157 1732 2197; x_wconf 94' lang='lat' dir='ltr'>iu-</span> 
     </span>
     <span class='ocr_line' id='line_1_31' title="bbox 99 2226 1734 2284; baseline -0.002 -14"><span class='ocrx_word' id='word_1_263' title='bbox 99 2233 257 2271; x_wconf 90' lang='lat' dir='ltr'>ternam</span> <span class='ocrx_word' id='word_1_264' title='bbox 295 2230 511 2271; x_wconf 89' lang='lat' dir='ltr'>ianuarum</span> <span class='ocrx_word' id='word_1_265' title='bbox 547 2228 762 2272; x_wconf 87' lang='lat' dir='ltr'>ecclesiae.</span> <span class='ocrx_word' id='word_1_266' title='bbox 799 2254 848 2258; x_wconf 86' lang='lat'><em>-</em></span> <span class='ocrx_word' id='word_1_267' title='bbox 886 2226 1107 2284; x_wconf 86' lang='lat' dir='ltr'>Cappellae</span> <span class='ocrx_word' id='word_1_268' title='bbox 1136 2232 1273 2270; x_wconf 89' lang='lat' dir='ltr'>autem</span> <span class='ocrx_word' id='word_1_269' title='bbox 1303 2228 1531 2269; x_wconf 79' lang='lat' dir='ltr'>inferiores.</span> <span class='ocrx_word' id='word_1_270' title='bbox 1557 2226 1606 2268; x_wconf 92' lang='lat' dir='ltr'>ad</span> <span class='ocrx_word' id='word_1_271' title='bbox 1632 2239 1734 2282; x_wconf 75' lang='lat' dir='ltr'>quas</span> 
     </span>
     <span class='ocr_line' id='line_1_32' title="bbox 97 2297 1731 2354; baseline -0.002 -13"><span class='ocrx_word' id='word_1_272' title='bbox 97 2311 147 2341; x_wconf 84' lang='lat' dir='ltr'>ex</span> <span class='ocrx_word' id='word_1_273' title='bbox 184 2300 344 2341; x_wconf 87' lang='lat' dir='ltr'>interno</span> <span class='ocrx_word' id='word_1_274' title='bbox 379 2298 581 2342; x_wconf 88' lang='lat' dir='ltr'>ecclesiae</span> <span class='ocrx_word' id='word_1_275' title='bbox 615 2299 843 2351; x_wconf 69' lang='lat' dir='ltr'>acceditur,</span> <span class='ocrx_word' id='word_1_276' title='bbox 879 2297 1306 2354; x_wconf 88' lang='lat' dir='ltr'>comprehenduntur.</span> <span class='ocrx_word' id='word_1_277' title='bbox 1346 2297 1519 2339; x_wconf 76' lang='lat' dir='ltr'>Nomine</span> <span class='ocrx_word' id='word_1_278' title='bbox 1564 2297 1731 2339; x_wconf 83' lang='lat' dir='ltr'>deinum</span> 
     </span>
     <span class='ocr_line' id='line_1_33' title="bbox 94 2367 1727 2427; baseline -0.002 -15"><span class='ocrx_word' id='word_1_279' title='bbox 94 2368 366 2412; x_wconf 82' lang='lat' dir='ltr'>ecclesiarum</span> <span class='ocrx_word' id='word_1_280' title='bbox 402 2369 669 2426; x_wconf 82' lang='lat' dir='ltr'>intelligenda</span> <span class='ocrx_word' id='word_1_281' title='bbox 704 2374 798 2412; x_wconf 86' lang='lat' dir='ltr'>sunt</span> <span class='ocrx_word' id='word_1_282' title='bbox 846 2383 1012 2427; x_wconf 76' lang='lat' dir='ltr'>quoque</span> <span class='ocrx_word' id='word_1_283' title='bbox 1061 2368 1126 2412; x_wconf 86' lang='lat' dir='ltr'>hic</span> <span class='ocrx_word' id='word_1_284' title='bbox 1174 2370 1351 2411; x_wconf 84' lang='lat' dir='ltr'>oratoria</span> <span class='ocrx_word' id='word_1_285' title='bbox 1401 2367 1580 2423; x_wconf 81' lang='lat' dir='ltr'>publica,</span> <span class='ocrx_word' id='word_1_286' title='bbox 1634 2369 1727 2423; x_wconf 75' lang='lat' dir='ltr'>quia</span> 
     </span>
     <span class='ocr_line' id='line_1_34' title="bbox 103 2437 1734 2498; baseline -0.001 -17"><span class='ocrx_word' id='word_1_287' title='bbox 103 2440 286 2483; x_wconf 80' lang='lat' dir='ltr'>«eodem</span> <span class='ocrx_word' id='word_1_288' title='bbox 322 2443 410 2483; x_wconf 90' lang='lat' dir='ltr'>iure</span> <span class='ocrx_word' id='word_1_289' title='bbox 443 2454 524 2498; x_wconf 82' lang='lat' dir='ltr'>quo</span> <span class='ocrx_word' id='word_1_290' title='bbox 558 2441 758 2484; x_wconf 84' lang='lat' dir='ltr'>ecclesiae</span> <span class='ocrx_word' id='word_1_291' title='bbox 793 2445 1032 2497; x_wconf 80' lang='lat' dir='ltr'>reguntur»</span> <span class='ocrx_word' id='word_1_292' title='bbox 1075 2440 1182 2495; x_wconf 81' lang='lat' dir='ltr'>(can.</span> <span class='ocrx_word' id='word_1_293' title='bbox 1224 2439 1347 2491; x_wconf 72' lang='grc'>1191,</span> <span class='ocrx_word' id='word_1_294' title='bbox 1381 2439 1407 2495; x_wconf 68' lang='grc' dir='ltr'>ξ</span> <span class='ocrx_word' id='word_1_295' title='bbox 1448 2437 1498 2494; x_wconf 77' lang='grc'>1),</span> <span class='ocrx_word' id='word_1_296' title='bbox 1534 2451 1580 2480; x_wconf 90' lang='lat' dir='ltr'>ac</span> <span class='ocrx_word' id='word_1_297' title='bbox 1615 2440 1734 2480; x_wconf 89' lang='lat' dir='ltr'>semi-</span> 
     </span>
     <span class='ocr_line' id='line_1_35' title="bbox 101 2508 1729 2566; baseline -0.001 -14"><span class='ocrx_word' id='word_1_298' title='bbox 101 2509 263 2566; x_wconf 87' lang='lat' dir='ltr'>publica</span> <span class='ocrx_word' id='word_1_299' title='bbox 301 2511 421 2554; x_wconf 90' lang='lat' dir='ltr'>modo</span> <span class='ocrx_word' id='word_1_300' title='bbox 455 2513 532 2554; x_wconf 85' lang='lat' dir='ltr'>sint</span> <span class='ocrx_word' id='word_1_301' title='bbox 567 2511 711 2554; x_wconf 90' lang='lat' dir='ltr'>saltem</span> <span class='ocrx_word' id='word_1_302' title='bbox 747 2511 990 2554; x_wconf 85' lang='lat' dir='ltr'>solemniter</span> <span class='ocrx_word' id='word_1_303' title='bbox 1024 2508 1255 2554; x_wconf 78' lang='lat' dir='ltr'>benedicta,</span> <span class='ocrx_word' id='word_1_304' title='bbox 1293 2514 1407 2564; x_wconf 68' lang='lat' dir='ltr'>urget</span> <span class='ocrx_word' id='word_1_305' title='bbox 1443 2511 1550 2551; x_wconf 88' lang='lat' dir='ltr'>enim</span> <span class='ocrx_word' id='word_1_306' title='bbox 1586 2508 1729 2551; x_wconf 89' lang='lat' dir='ltr'>eadem</span> 
     </span>
     <span class='ocr_line' id='line_1_36' title="bbox 104 2582 485 2625; baseline 0.003 -2"><span class='ocrx_word' id='word_1_307' title='bbox 104 2583 206 2624; x_wconf 88' lang='lat' dir='ltr'>ratio</span> <span class='ocrx_word' id='word_1_308' title='bbox 241 2582 429 2625; x_wconf 87' lang='lat' dir='ltr'>iuridica.</span> <span class='ocrx_word' id='word_1_309' title='bbox 475 2607 485 2615; x_wconf 87' lang='lat'>-</span> 
     </span>
    </p>

    <p class='ocr_par' dir='ltr' id='par_1_5' title="bbox 104 2651 1733 2780">
     <span class='ocr_line' id='line_1_37' title="bbox 215 2651 1733 2709; baseline -0.001 -14"><span class='ocrx_word' id='word_1_310' title='bbox 215 2651 373 2696; x_wconf 78' lang='lat' dir='ltr'>Causae</span> <span class='ocrx_word' id='word_1_311' title='bbox 409 2652 646 2709; x_wconf 86' lang='lat' dir='ltr'>pollutionis</span> <span class='ocrx_word' id='word_1_312' title='bbox 679 2656 736 2696; x_wconf 85' lang='lat' dir='ltr'>sic</span> <span class='ocrx_word' id='word_1_313' title='bbox 771 2653 907 2696; x_wconf 88' lang='lat' dir='ltr'>dictae</span> <span class='ocrx_word' id='word_1_314' title='bbox 942 2655 980 2695; x_wconf 96' lang='lat' dir='ltr'>in</span> <span class='ocrx_word' id='word_1_315' title='bbox 1021 2655 1148 2696; x_wconf 80' lang='lat' dir='ltr'>veteri</span> <span class='ocrx_word' id='word_1_316' title='bbox 1186 2655 1272 2695; x_wconf 88' lang='lat' dir='ltr'>iure</span> <span class='ocrx_word' id='word_1_317' title='bbox 1293 2653 1507 2704; x_wconf 75' lang='lat' dir='ltr'>canonico,</span> <span class='ocrx_word' id='word_1_318' title='bbox 1542 2652 1733 2693; x_wconf 84' lang='lat' dir='ltr'>enuncia-</span> 
     </span>
     <span class='ocr_line' id='line_1_38' title="bbox 104 2720 1729 2780; baseline -0.001 -15"><span class='ocrx_word' id='word_1_319' title='bbox 104 2726 169 2765; x_wconf 89' lang='lat' dir='ltr'>tae</span> <span class='ocrx_word' id='word_1_320' title='bbox 204 2722 372 2777; x_wconf 71' lang='lat' dir='ltr'>ibidem,</span> <span class='ocrx_word' id='word_1_321' title='bbox 406 2729 498 2767; x_wconf 88' lang='lat' dir='ltr'>sunt</span> <span class='ocrx_word' id='word_1_322' title='bbox 532 2729 773 2780; x_wconf 83' lang='lat' dir='ltr'>sequentes:</span> <span class='ocrx_word' id='word_1_323' title='bbox 808 2750 865 2754; x_wconf 96' lang='lat'><strong>—</strong></span> <span class='ocrx_word' id='word_1_324' title='bbox 905 2724 944 2766; x_wconf 74' lang='lat'>1²²</span> <span class='ocrx_word' id='word_1_325' title='bbox 979 2726 1187 2766; x_wconf 60' lang='lat' dir='ltr'>invenitur</span> <span class='ocrx_word' id='word_1_326' title='bbox 1222 2726 1259 2765; x_wconf 91' lang='lat' dir='ltr'>in</span> <span class='ocrx_word' id='word_1_327' title='bbox 1295 2735 1383 2778; x_wconf 85' lang='lat' dir='ltr'>cap.</span> <span class='ocrx_word' id='word_1_328' title='bbox 1426 2723 1434 2763; x_wconf 98' lang='grc'>1</span> <span class='ocrx_word' id='word_1_329' title='bbox 1478 2721 1515 2764; x_wconf 86' lang='lat' dir='ltr'>h.</span> <span class='ocrx_word' id='word_1_330' title='bbox 1561 2723 1617 2763; x_wconf 89' lang='lat' dir='ltr'>tit.</span> <span class='ocrx_word' id='word_1_331' title='bbox 1655 2720 1729 2763; x_wconf 87' lang='lat' dir='ltr'>De-</span> 
     </span>
    </p>
   </div>
   <div class='ocr_carea' id='block_1_4' title="bbox 217 2876 716 2918">
    <p class='ocr_par' dir='ltr' id='par_1_6' title="bbox 217 2876 716 2918">
     <span class='ocr_line' id='line_1_39' title="bbox 217 2876 716 2918; baseline 0 -9"><span class='ocrx_word' id='word_1_332' title='bbox 217 2876 229 2897; x_wconf 85' lang='lat'><strong>1</strong></span> <span class='ocrx_word' id='word_1_333' title='bbox 260 2877 300 2909; x_wconf 81' lang='lat'>11</span> <span class='ocrx_word' id='word_1_334' title='bbox 330 2877 404 2910; x_wconf 80' lang='lat' dir='ltr'>Iul.</span> <span class='ocrx_word' id='word_1_335' title='bbox 437 2877 538 2918; x_wconf 75' lang='lat'>1643,</span> <span class='ocrx_word' id='word_1_336' title='bbox 568 2888 606 2911; x_wconf 84' lang='lat' dir='ltr'>n.</span> <span class='ocrx_word' id='word_1_337' title='bbox 635 2877 716 2910; x_wconf 71' lang='lat'>842.</span> 
     </span>
    </p>
   </div>
  </div>
 </body>
</html>
