1965 3240
108 116 179 149 224
488 115 572 150 Lm.
598 115 668 149 III.
696 136 708 141 -
735 116 846 150 PARS
870 116 938 151 111.
967 136 979 142 ·
1005 116 1063 151 De
1087 118 1197 151 cultu
1222 117 1356 152 divino

108 237 198 278 sine
231 239 327 278 voto
347 250 386 289 »,
420 239 464 278 ut
511 234 657 291 probat
703 236 755 277 D.
800 234 872 278 Th.
917 235 1068 292 triplici
1102 237 1260 279 ratione
1285 235 1312 280 ².
1346 235 1525 293 Explicit
1556 237 1619 295 ξω
1649 240 1730 281 sic:

109 305 172 348 ila
206 310 251 348 ul
283 304 399 348 nullo
423 304 467 347 in
492 319 605 356 casu,
629 307 703 349 etsi
738 304 939 349 subiectio
964 312 1110 360 cesset,
1133 304 1335 363 obli'ycztio
1355 312 1501 364 postea
1525 320 1575 350 ex
1599 310 1732 364 seipsa

111 379 277 432 propter
313 379 455 418 votum
486 375 723 418 reviviscat.

225 445 337 488 ldem
388 445 615 502 Angelicus
664 446 912 503 Praeceptor
960 446 1141 490 docet‘2:
1182 462 1199 487 «
1225 446 1301 491 sub
1335 450 1605 504 promissione
1648 447 1732 491 Deo

109 517 216 559 sacta
249 529 329 559 non
363 517 474 560 cadit
507 519 583 559 nisi
618 517 728 574 quod
763 522 822 560 est
860 520 1103 571 virtuosum,
1136 522 1179 560 ut
1212 530 1334 574 supra
1364 520 1520 562 dictum
1556 524 1628 562 est.
1662 518 1731 562 Est

106 591 246 630 autem
281 592 424 630 contra
460 589 672 640 virtutem,
706 592 749 630 ut
783 588 821 630 id
857 588 965 645 quod
1001 593 1059 631 est
1094 587 1277 642 alterius,
1301 587 1424 632 homo
1457 590 1599 633 oflerat
1632 588 1731 643 Dec,

108 662 152 701 ut
184 657 235 701 ab
268 658 415 701 eodem
449 657 546 702 alibi
582 657 799 714 probatum
835 663 909 702 est.
941 658 990 701 Et
1014 659 1106 702 ideo
1130 672 1208 701 non
1234 663 1363 715 potest
1388 663 1555 703 omnino
1578 660 1729 703 salvari

108 731 212 772 ratio
247 731 346 784 voti,
378 742 471 772 cum
508 731 642 786 quis...
679 733 802 772 vovet
836 729 875 772 id
910 729 1019 786 quod
1055 734 1113 773 est
1149 731 1186 772 in
1222 735 1420 786 potestate
1447 730 1630 785 alterius,
1655 733 1731 774 nisi

106 798 183 842 sub
216 799 464 851 conditione,
499 801 531 842 si
567 798 633 842 ille
666 799 717 842 ad
751 801 869 842 cuius
901 804 1143 856 potestatem
1179 802 1371 856 pertinet,
1401 814 1480 843 non
1524 801 1730 844 contradi-

107 874 171 913 cat
194 885 234 914 )).
269 870 377 913 luste
411 872 537 925 igitur
569 872 715 913 asserit
746 870 773 928 ἕ
798 870 834 913 2.
863 869 946 923 Qui
966 875 1212 927 potestatem
1239 885 1317 914 ηοη
1343 870 1509 928 quidem
1531 871 1573 914 in
1593 871 1731 915 volme-

110 945 235 982 {alem
268 940 451 983 vot-entis
485 940 788 983 consideratam
826 943 864 983 in
898 941 940 994 §⁰
977 941 1034 997 1²,
1068 940 1140 984 sed
1161 941 1203 983 in
1229 941 1313 984 voti
1350 941 1571 984 materiam
1597 940 1729 996 habel,

107 1024 148 1056 v.
181 1024 240 1067 gr.
280 1013 342 1053 vir
375 1011 511 1068 quoad
548 1016 789 1066 potestatem
824 1014 1010 1068 corporis
1043 1014 1185 1055 uxoris
1207 1014 1317 1055 circa
1344 1016 1485 1055 votum
1519 1015 1730 1058 castitatis,

106 1086 216 1124 tutor
238 1081 373 1139 quoad
399 1081 748 1138 dispensationem
776 1081 976 1125 bonorum
1004 1084 1173 1125 minoris
1195 1084 1305 1126 circa
1332 1082 1452 1125 liuius
1473 1088 1565 1126 vota
1590 1082 1730 1136 realia,

102 1157 239 1209 potest
278 1152 361 1195 voti
399 1151 696 1210 obliyationem
736 1152 885 1196 (studia
918 1152 1172 1211 suspendere
1205 1154 1508 1211 exequendam,
1542 1153 1730 1211 {sitandin

106 1223 191 1266 voti
225 1222 595 1281 adimplentemlum
633 1223 713 1266 sibi
746 1223 1059 1281 praeiudicimn
1097 1224 1263 1280 afferat,
1298 1226 1354 1267 uti
1387 1237 1435 1267 ex
1473 1227 1629 1267 ratione
1661 1224 1732 1267 ad-

105 1294 229 1338 ducta
269 1294 453 1337 infertur.

228 1365 320 1408 186.
358 1367 675 1423 Dispensatio
699 1370 939 1412 votorum.
963 1366 1009 1409 D.
1029 1366 1207 1409 Thomas
1229 1369 1287 1410 sic
1311 1371 1546 1423 propugnat
1569 1366 1679 1410 illam
1701 1366 1727 1410 ³.

110 1435 397 1493 «Respondeo
431 1437 655 1480 dicendum
700 1437 809 1494 quod
855 1437 1106 1494 dispensatio
1153 1440 1233 1480 voti
1280 1437 1547 1494 intelligenda
1586 1443 1646 1481 est
1679 1438 1728 1481 ad

106 1507 273 1550 modun]
308 1507 639 1564 dispensationis,
674 1520 754 1565 qua
789 1509 831 1551 tit
865 1510 902 1551 in
938 1508 1202 1552 observantia
1236 1508 1411 1552 alicuius
1434 1508 1556 1565 legis3
1590 1510 1729 1566 quia...

105 1577 169 1621 lex
205 1580 370 1634 ponitur
404 1579 664 1634 respiciendo
698 1578 748 1622 ad
783 1579 823 1622 id
857 1579 965 1636 quod
1002 1583 1062 1622 est
1095 1583 1137 1622 ut
1169 1581 1207 1621 in
1244 1578 1431 1635 pluribus
1457 1579 1624 1623 bonum.
1650 1579 1727 1622 Sed

99 1651 199 1706 quia
231 1651 433 1705 contingit
466 1648 701 1692 huiusmodi
738 1651 775 1692 in
809 1649 947 1707 aliquo
980 1662 1077 1693 casu
1111 1663 1190 1693 non
1225 1663 1313 1693 esse
1348 1649 1514 1704 bonum,
1549 1652 1728 1706 oportuit

106 1732 178 1775 per
210 1719 391 1776 aliquem
425 1719 708 1771 determinari,
743 1722 781 1762 in
817 1719 884 1762 illo
920 1719 1158 1776 particulari
1203 1733 1300 1763 casu
1344 1719 1475 1776 legem
1521 1733 1600 1763 non
1641 1733 1728 1763 esse

102 1790 368 1833 servandam.
403 1789 452 1833 Et
485 1789 562 1833 hoc
595 1792 762 1846 proprie
786 1796 846 1834 est
869 1791 1109 1847 dispensare
1142 1793 1181 1833 in
1216 1791 1324 1847 lege:
1360 1803 1453 1834 nam
1479 1791 1728 1847 dispensatio

108 1860 272 1904 videtur
315 1863 540 1917 importare
580 1861 804 1918 quamdam
847 1865 1224 1907 commensuratam
1269 1860 1615 1915 distributionem,
1664 1861 1727 1905 vel

103 1930 423 1988 applicationem
457 1934 690 1975 communis
723 1931 899 1975 alicuius
931 1932 981 1975 ad
1016 1944 1064 1975 ea
1097 1944 1203 1990 quae
1235 1931 1311 1975 sub
1336 1935 1422 1988 ipso
1446 1935 1727 1981 continentur;

106 2015 178 2058 per
211 2015 335 2060 quem
371 2003 541 2046 modum
576 2002 729 2045 dicitur
760 2002 909 2060 aliquis
941 2003 1182 2059 dispensare
1205 2002 1343 2047 cibum
1370 2002 1564 2046 familiae.
1588 2028 1644 2034 —
1666 2003 1727 2047 Si-

106 2072 257 2116 militer
289 2077 426 2116 autem
460 2072 527 2116 ille
561 2075 628 2130 qui
667 2078 806 2127 vovet,
840 2073 1148 2131 quodammodo
1181 2072 1256 2116 sibi
1291 2075 1431 2116 statuit
1455 2072 1603 2129 legem,
1627 2072 1728 2117 obli-

103 2156 206 2200 gans
238 2157 281 2186 se
314 2144 364 2186 ad
399 2143 555 2200 aliquid
591 2144 698 2200 quod
734 2149 793 2187 est
826 2144 1056 2187 secundum
1090 2158 1146 2199 se,
1181 2149 1236 2196 et,
1271 2149 1311 2187 ut
1346 2146 1385 2186 in
1424 2143 1625 2200 plurIbus,
1658 2143 1727 2187 bo-

105 2227 216 2257 num.
253 2214 388 2257 Potest
421 2219 558 2257 tamen
593 2216 835 2270 contingere
868 2215 977 2271 quod
1012 2217 1051 2257 in
1086 2214 1224 2272 aliquo
1258 2227 1355 2258 casu
1388 2216 1437 2257 sit
1475 2214 1537 2257 vel
1571 2214 1727 2270 simpli-

104 2287 207 2327 citer
240 2284 410 2339 malum,
446 2284 509 2328 vel
546 2285 701 2335 inutile,
738 2284 802 2328 vel
837 2287 1006 2328 maioris
1040 2284 1134 2328 boni
1178 2285 1490 2341 impeditivum3
1525 2285 1633 2342 quod
1669 2290 1727 2328 est

103 2359 247 2398 contra
282 2357 482 2398 rationem
518 2357 606 2398 eius
640 2356 748 2413 quod
784 2356 895 2399 cadit
925 2355 1001 2399 sub
1038 2361 1145 2410 voto,
1179 2361 1222 2399 ut
1254 2369 1303 2399 ex
1338 2356 1560 2412 praedictis
1605 2360 1726 2412 patet.

103 2425 152 2468 Et
186 2425 277 2468 ideo
311 2439 480 2469 necesse
512 2430 571 2469 est
604 2426 713 2482 quod
749 2426 1048 2469 determinetur
1081 2428 1117 2469 in
1153 2426 1220 2469 tali
1245 2438 1342 2470 casu
1369 2434 1507 2469 votum
1535 2439 1614 2469 non
1639 2439 1726 2469 esse

103 2496 371 2539 servandum.
407 2496 456 2539 Et
484 2498 515 2539 si
550 2496 719 2553 quidem
743 2496 930 2540 absolute
954 2497 1253 2540 determinetur
1286 2497 1452 2554 aliquod
1480 2501 1620 2540 votum
1646 2509 1725 2539 non

105 2580 194 2609 esse
226 2567 495 2620 servandum,
531 2567 682 2610 dicitur
725 2580 814 2610 esse
858 2567 1109 2623 dispensatio
1153 2570 1262 2617 voti2
1306 2569 1339 2610 si
1372 2572 1507 2610 autem
1544 2580 1616 2624 pro
1649 2567 1726 2610 hoc

106 2636 215 2694 quod
249 2637 502 2681 servandum
538 2642 637 2689 erat,
671 2637 826 2694 aliquid
861 2637 970 2681 aliud
1007 2640 1254 2695 imponatur,
1275 2639 1426 2681 dicitur
1459 2640 1725 2681 commutatio

223 2744 232 2764 ¹
261 2743 350 2777 Loc.
391 2743 460 2777 eit.
500 2754 534 2777 a.
575 2743 595 2776 6
634 2754 665 2777 c.
706 2763 750 2768 —
788 2743 802 2764 2
835 2743 925 2778 Loc.
961 2744 1028 2777 cit.
1058 2756 1092 2789 q.
1124 2743 1381 2786 LXXXVIII,
1410 2755 1443 2777 a.
1473 2744 1495 2777 8
1522 2743 1568 2777 ad
1596 2745 1653 2777 lm.
1691 2764 1724 2768 —

103 2790 118 2811 3
145 2789 234 2823 Loc.
263 2791 330 2825 cit.
361 2802 394 2824 a.
426 2791 469 2823 10
495 2802 526 2824 c.
