1965 3240
205 154 272 186 112
438 153 521 187 L1ss.
549 153 618 188 III.
646 174 658 179 -
685 154 806 190 PARS.
833 155 882 190 II.
910 175 921 181 -
949 155 1005 190 De
1031 157 1124 191 locis
1149 159 1184 191 et
1209 159 1446 202 temporibus
1471 161 1595 193 sacris·

322 272 389 314 96.
425 272 642 327 Quoties,
674 275 812 320 iuxta
846 275 1089 328 Codicem,
1121 279 1170 321 et
1202 278 1276 322 cui
1311 278 1519 322 debetur
1553 279 1715 334 portio
1740 291 1825 334 pa-

203 344 445 388 roecialis.
483 358 503 383 ((
531 341 746 399 Vigentem
782 344 861 388 11110
907 359 1036 402 usque
1080 345 1342 402 disciplinam
1392 349 1582 390 retinet»
1631 346 1739 404 (can.
1786 346 1828 404 6)

202 426 294 454 cau.
330 414 454 456 1336
475 413 503 471 ἓ
526 416 559 456 1.
587 413 710 457 Salvo
733 414 827 457 iure
846 415 1106 472 particulari
1143 421 1286 459 contra
1311 430 1487 473 sequens
1513 420 1830 474 praescriptum,

204 488 287 525 tum
325 497 397 539 per
429 485 773 529 consuetudinem
797 486 976 541 obtento,
1003 492 1088 530 tum
1116 501 1187 544 per
1212 487 1477 544 privilegium
1502 489 1611 546 quod
1642 501 1702 532 «a
1725 489 1831 532 Sede

203 554 440 610 Apostolica
474 555 630 599 directe
665 556 833 600 cuilibet
868 557 1056 613 religioni
1100 571 1341 602 concessum
1383 560 1506 602 fuerit
1528 575 1548 600 ))
1589 559 1697 616 (0311.
1733 559 1830 613 613,

205 629 230 678 ξ
266 624 323 682 1),
361 625 423 668 vel
459 639 530 682 per
553 626 734 684 aliquam
759 627 986 671 Ecclesiam
1013 628 1195 685 legitime
1219 628 1430 673 obtentum
1456 629 1566 686 (can.
1592 630 1648 685 4),
1672 630 1832 687 quoties

204 696 354 752 fidelia,
388 697 563 741 clericus
601 697 663 741 vel
697 701 836 753 1310113,
888 713 967 741 nou
1000 698 1230 756 funeratur
1277 699 1329 744 ob
1377 700 1623 744 electionem
1662 700 1832 744 alterius

202 767 419 822 ecclesiae,
452 781 524 811 seu
558 769 723 826 quando
757 769 929 813 deberet
967 783 1059 812 «ex
1111 772 1198 813 iure
1247 771 1500 814 ordinario»
1555 772 1661 826 (can.
1699 771 1830 828 1216)

204 838 249 880 iu
281 837 456 880 ecelesia
486 838 724 896 paroeciali
746 839 926 898 propria
963 843 1040 883 iam
1077 840 1280 896 explicata
1326 843 1363 884 in
1410 843 1477 884 cit.
1512 854 1618 896 can.,
1655 841 1831 899 proprio

202 908 394 966 defuncti
421 908 622 967 parocho,
657 913 715 954 sic
751 916 917 967 propter
952 911 1191 954 relationem
1236 915 1323 955 eius
1365 926 1458 955 cum
1500 912 1608 956 dicta
1643 912 1831 963 ecclesia,

202 979 375 1022 debetur
406 980 457 1023 ab
491 980 665 1024 ecclesia
700 982 916 1025 t'unerante
957 981 1098 1039 portio
1129 981 1389 1039 paraecialis
1435 985 1472 1025 in
1517 996 1603 1040 seq.
1637 996 1726 1027 can.
1761 983 1830 1026 de-

204 1054 363 1107 signata
398 1052 531 1108 quoad
567 1052 847 1095 emolumenta
881 1067 928 1095 ex
963 1052 1126 1110 quibus,
1163 1058 1202 1096 et
1235 1056 1344 1097 circa
1379 1056 1650 1108 quantitatem
1687 1056 1831 1112 inqua

202 1122 403 1165 solvenda
436 1124 500 1178 sit,
534 1128 702 1180 eoeceplo
741 1137 841 1166 casu
889 1123 1151 1167 diversorum
1202 1124 1494 1167 defunctorum
1541 1125 1591 1167 ad
1643 1137 1831 1168 normam

206 1199 372 1249 praec.¹²¹
405 1206 624 1245 canonum,
662 1196 902 1250 praesertim
937 1207 1026 1237 can.
1068 1195 1191 1249 1218,
1223 1209 1301 1252 quo
1335 1194 1515 1238 cadarer
1548 1195 1591 1237 ia
1614 1195 1832 1238 eeclesiam

201 1263 406 1321 propriae
433 1264 659 1321 paroeciae
691 1264 899 1307 commode
932 1266 1100 1308 forsitan
1141 1281 1160 1306 1(
1185 1266 1363 1322 pedestri
1389 1268 1574 1309 itinere»
1613 1265 1833 1323 asportari

205 1340 396 1392 nequeat,
431 1340 584 1378 attenta
619 1337 727 1378 circa
763 1349 848 1378 rem
884 1335 989 1378 hanc
1023 1336 1309 1392 designatione
1348 1334 1598 1380 «Ordinarii
1632 1337 1834 1380 dioecesis

206 1407 243 1447 in
280 1418 356 1461 qua
393 1406 610 1449 detunctus
643 1420 884 1462 supremum
919 1407 1027 1449 diem
1064 1406 1220 1449 obiit.»
1259 1407 1367 1464 (0311.
1406 1407 1530 1462 1218,
1564 1407 1592 1465 ξ
1626 1408 1684 1458 2).

325 1476 364 1519 111
400 1489 488 1533 cap.
525 1477 547 1519 2
582 1477 633 1520 de
666 1477 891 1533 sepulturis
924 1477 1008 1532 (ΙΙΙ,
1049 1478 1119 1534 12)
1156 1481 1192 1521 111
1229 1479 1272 1520 6⁰
1309 1480 1440 1535 inquit
1466 1478 1698 1521 Bonifacius
1727 1477 1830 1520 Vlll:

211 1562 230 1587 1(
255 1546 355 1591 Cum
390 1550 495 1604 quis,
529 1550 647 1591 cuius
683 1550 858 1591 maiores
891 1554 985 1591 sunt
1017 1548 1124 1591 soliti
1149 1548 1200 1592 ab
1223 1551 1393 1606 antiquo
1418 1551 1456 1591 in
1482 1548 1619 1606 aliqua
1659 1548 1833 1592 ecclesia

204 1618 383 1674 sepeliri,
419 1631 465 1661 ea
499 1618 667 1662 dimissa
701 1619 817 1674 eligit
849 1619 945 1662 alibi
979 1619 1234 1675 sepulturam
1270 1619 1398 1675 (nunc
1432 1622 1553 1662 etiam
1591 1619 1745 1662 licitum
1781 1633 1831 1663 ex

203 1702 293 1733 can.
331 1689 459 1743 1229,
492 1690 510 1746 ξ
548 1690 598 1745 1),
633 1692 831 1733 canonica
869 1692 999 1746 portio
1043 1690 1236 1733 dimissae
1281 1704 1358 1732 non
1404 1689 1579 1733 debetur
1617 1690 1831 1738 ecclesiae,

204 1761 273 1803 sed
310 1760 365 1803 illi
401 1761 628 1814 dumtaxat,
678 1763 714 1803 in
759 1774 838 1817 qua
886 1761 952 1804 ille
997 1761 1130 1804 officia
1174 1760 1392 1804 consuevit
1425 1761 1570 1804 audire
1604 1761 1760 1815 divina,
1795 1766 1833 1804 et

203 1831 484 1874 ecclesiastica
520 1834 705 1887 recipere
737 1836 996 1874 sacramenta
1020 1847 1057 1874 ›).
1104 1831 1222 1885 Quod
1268 1833 1330 1874 ius
1369 1832 1566 1887 implicite
1599 1834 1833 1874 continetur

205 1904 243 1944 in
278 1907 385 1945 0311.Β
418 1901 540 1945 11111113
571 1901 617 1959 §⁰
652 1902 709 1946 1³.
747 1902 1011 1958 Prosequitur
1050 1902 1166 1946 Rom.
1217 1902 1353 1945 Pont:
1399 1918 1419 1943 1(
1447 1902 1546 1945 Cum
1581 1901 1632 1945 ab
1665 1915 1726 1956 eo,
1761 1904 1832 1959 qui

203 1974 286 2016 duo
321 1972 444 2016 babet
475 1973 684 2016 domicilia
733 1986 776 2016 se
824 1973 1032 2016 collocans
1079 1973 1308 2030 aequaliter
1359 1975 1395 2015 in
1446 1978 1635 2030 utroque,
1670 1975 1708 2015 in
1743 1972 1833 2016 loco

207 2046 326 2087 tertio
359 2044 527 2100 eligitur
558 2044 785 2100 sepultura,
819 2043 1124 2087 domiciliorum
1159 2043 1359 2087 ecclesiae
1403 2043 1613 2087 habebunt
1653 2046 1758 2086 inter
1789 2057 1833 2087 se

203 2115 395 2157 dividere
428 2116 668 2158 canonicam
706 2117 997 2171 portionem».
1035 2114 1074 2156 ld
1112 2116 1243 2170 ipsum
1289 2114 1641 2170 conprehcmlitur
1675 2117 1712 2156 in
1747 2127 1832 2157 am-

205 2186 323 2242 pliori
360 2187 612 2242 praescripto
644 2186 672 2243 g
703 2188 744 2228 3.
782 2185 828 2228 Si
860 2185 952 2242 qais
991 2185 1211 2228 «tidelis»
1261 2190 1301 2228 111
1347 2187 1385 2228 111
1428 2185 1473 2243 §0
1522 2185 1562 2227 10
1606 2184 1646 2242 a)
1683 2184 1833 2228 habeat

200 2257 346 2314 plures
393 2256 615 2313 paroecias
656 2256 874 2314 proprias,
922 2269 1044 2299 causa
1094 2256 1293 2299 domicilii
1341 2256 1402 2299 vel
1452 2258 1568 2313 quasi
1617 2255 1830 2310 domicilii,

205 2326 248 2384 b)
283 2326 338 2369 ad
371 2341 474 2384 quas
506 2326 651 2370 saltem
686 2327 800 2381 duas,
837 2340 914 2369 non
948 2327 997 2369 ad
1034 2339 1154 2369 unam
1190 2331 1362 2381 tantum,
1407 2326 1586 2369 cadaver
1624 2325 1833 2369 commode

203 2396 366 2454 deferri
410 2402 563 2454 posset,
612 2396 652 2452 c)
686 2402 725 2439 et
758 2396 862 2439 alibi
911 2410 1080 2452 nempe:
1132 2396 1210 2439 illis
1257 2397 1437 2439 dimissis
1479 2396 1717 2454 fuueretur,
1751 2408 1830 2438 non

206 2472 341 2510 tamen
375 2470 407 2510 si
441 2468 550 2524 apud
585 2481 727 2510 earum
754 2480 876 2510 unam
902 2469 1128 2521 funeratur,
1153 2472 1274 2523 prout
1297 2466 1496 2510 Doctores
1518 2472 1612 2511 ante
1635 2465 1829 2511 Codicem

206 2540 285 2581 iam
320 2538 564 2591 docuerunt,
599 2551 692 2581 nam
729 2540 766 2581 in
802 2537 878 2581 boc
911 2549 1008 2581 casu
1043 2537 1144 2580 haec
1179 2537 1352 2580 ecclesia
1388 2537 1540 2581 dicitur
1585 2538 1831 2594 praevenire

204 2608 390 2651 alteram.
425 2608 509 2652 Sub
544 2608 622 2651 illis
656 2608 786 2652 tribus
821 2608 1043 2664 praedictis
1065 2607 1385 2662 conditionibus,
1404 2608 1546 2665 portio
1567 2605 1831 2665 paroeec'alis

207 2683 249 2721 ut
283 2682 320 2721 in
345 2692 434 2722 can.
459 2692 543 2736 seq.
568 2678 794 2722 dividenda
818 2684 878 2721 est
902 2678 1013 2721 inter
1036 2692 1175 2721 omues
1196 2678 1404 2735 parochos
1423 2682 1635 2736 proprio-c,
1660 2690 1828 2733 nempe:

208 2751 492 2800 paroeciarum
528 2762 630 2806 quas
662 2748 853 2791 dimissas
885 2738 1279 2791 consider-avinus(

326 2820 392 2861 97.
430 2822 499 2864 Ex
533 2822 710 2876 quibus
744 2821 1082 2865 emolumentis
1115 2821 1177 2864 sit
1210 2821 1517 2864 detrahenda
1548 2819 1709 2875 portio
1745 2831 1828 2874 pa-

207 2891 435 2935 roecialis
468 2894 516 2935 et
548 2892 651 2935 eius
684 2892 948 2946 quantitas.
985 2889 1025 2931 ln
1051 2891 1138 2931 iure
1165 2888 1439 2931 Decretalium
1467 2890 1540 2931 fuit
1564 2889 1827 2931 enunciatum
