1965 3240
130 137 144 151 ο
183 128 248 162 120
422 128 506 162 Llss.
531 127 603 161 111.
633 148 644 153 -
671 128 783 163 PARS
807 129 859 163 11.
888 149 900 155 —
926 129 984 165 De
1009 132 1102 165 locis
1126 133 1161 165 et
1186 133 1423 176 temporibus
1446 136 1570 168 sacris

186 265 205 290 ((
229 250 281 292 At
315 247 381 291 ubi
416 252 564 304 agatur
595 248 647 291 de
680 250 742 303 iis,
775 251 845 306 qui
880 252 1046 307 propria
1079 250 1291 294 voluntate
1329 254 1626 296 cremationem
1666 253 1802 310 elege-

182 325 288 374 runt,
322 323 361 362 et
394 321 432 361 in
467 318 545 362 hac
581 318 790 363 voluntate
823 325 936 364 certo
970 325 1008 364 et
1041 324 1200 365 notorie
1244 335 1373 379 usque
1416 322 1466 366 ad
1501 328 1674 367 mortem
1712 337 1804 380 per-

179 394 437 442 severarunt,
487 389 612 447 (quae
659 393 884 435 notorietas
932 391 1108 436 habetur
1154 393 1320 450 quando
1372 395 1513 450 nequit
1559 395 1802 438 scandalum

181 462 361 518 praefato
401 462 523 505 modo
563 462 804 519 removeri),
848 467 1002 506 attento
1046 462 1163 506 Dec.⁰
1204 465 1276 507 fer.
1317 462 1382 518 lv,
1425 464 1476 506 19
1521 464 1613 508 Maii
1652 465 1762 509 1886
1789 466 1800 488 ¹

179 532 280 576 alias
312 535 415 583 cit.⁰,
449 533 655 589 agendum
691 546 783 576 cum
821 535 868 576 iis
902 536 1016 577 iuxta
1049 547 1216 577 normas
1248 534 1342 579 Rit.¹
1366 534 1497 579 Rom.i
1521 535 1617 578 Τίῑ.Ο
1645 535 1806 589 Quibus

178 617 260 647 uon
294 603 391 646 licet
423 603 527 647 dare
559 603 822 662 sepulturam
845 604 1172 647 eeclesiasticam
1197 621 1236 650 )).
1271 605 1387 649 Hanc
1415 607 1639 650 secundam
1674 607 1802 664 hypo-

177 674 326 718 thesim
361 674 497 718 adhuc
530 676 749 718 admittere
781 675 1086 718 distinctionem
1122 681 1233 732 patet
1255 691 1305 719 ex
1329 677 1407 720 alia
1432 676 1723 722 declaratione.
1747 704 1804 708 —

178 746 215 789 S.
251 745 291 790 C.
327 746 364 790 S.
400 744 535 790 Officii
562 747 576 769 ²
611 748 883 802 interrogata:
924 762 943 787 «
968 746 995 791 l.
1030 746 1173 791 Utrum
1196 746 1317 790 liceat
1340 753 1599 792 sacramenta
1625 751 1803 792 morien-

178 820 278 860 tium
314 820 549 861 ministrare
581 817 787 872 fidelibus⁷
812 819 882 875 qui
905 819 1160 860 massonicae
1193 818 1360 874 quidem
1385 823 1521 862 sectae
1554 832 1633 862 non
1657 819 1806 863 adhae-

181 892 283 944 rent,
317 901 392 932 uec
425 890 514 932 eius
547 888 658 931 ducti
694 890 919 944 principiis,
954 888 1024 931 sed
1074 887 1165 931 aliis
1209 888 1437 932 rationibus
1483 892 1596 943 moti,
1629 903 1801 946 corpora

177 972 248 1003 sua
285 964 373 1015 post
409 964 582 1002 mortem
608 959 830 1002 cremanda
856 959 1120 1013 mandarunt,
1143 961 1174 1002 si
1199 958 1276 1002 hoc
1301 960 1540 1003 mandatum
1577 965 1803 1004 retractare

178 1030 333 1073 uolunt.
371 1030 416 1074 R.
452 1031 489 1074 Si
527 1032 668 1073 moniti
703 1035 892 1086 renuant,
940 1030 1142 1086 Negative
1165 1045 1204 1071 ».
1253 1029 1367 1073 Tunc
1414 1043 1513 1087 ergo
1556 1031 1801 1087 applicanda

178 1106 238 1145 est
271 1104 403 1158 prima
438 1101 664 1145 declaratio
700 1104 738 1143 vi
775 1103 1016 1158 praescripti
1051 1103 1232 1144 canonis.
1267 1101 1345 1145 Sed
1378 1101 1579 1158 Suprema
1618 1102 1658 1146 S.
1700 1101 1803 1146 Con-

177 1175 365 1229 gregatio
415 1173 575 1216 addidit
621 1185 720 1216 suae
769 1174 1048 1229 responsioni:
1104 1188 1123 1213 (t
1148 1171 1198 1216 Ut
1231 1185 1331 1215 vero
1380 1173 1450 1215 liat
1487 1177 1556 1216 aut
1591 1176 1806 1217 omittatur

179 1246 363 1298 monitio,
396 1249 618 1286 serventur
651 1245 819 1300 regulae
853 1256 873 1286 a
910 1244 1093 1299 probatis
1140 1243 1380 1286 auctoribus
1431 1243 1616 1293 traditae,
1664 1243 1802 1288 habita

179 1317 419 1370 praesertim
447 1317 604 1357 ratione
627 1314 810 1358 scandali
839 1314 993 1357 vitandi
1014 1330 1052 1358 )).
1076 1314 1272 1371 Sequitur
1295 1327 1394 1369 ergo
1413 1327 1530 1370 posse
1553 1314 1803 1372 quandoque

177 1387 308 1428 omitti
364 1388 647 1442 monitionem,
696 1398 743 1429 ac
786 1390 1044 1429 sacramenta
1089 1387 1330 1439 ministrari,
1372 1385 1567 1428 mandato
1611 1398 1801 1441 perseve-

177 1461 306 1501 rante.
340 1456 428 1500 Hoc
462 1470 561 1500 vero
596 1458 634 1499 iu
669 1469 779 1509 casu,
815 1458 883 1513 qui
923 1456 1182 1499 «mandavit
1212 1469 1332 1498 suum
1377 1469 1528 1512 corpus
1560 1457 1802 1499 cremationi

178 1527 295 1583 tradi,
320 1540 414 1571 nam
449 1532 543 1570 ante
577 1532 750 1570 mortem
785 1531 896 1570 certa
930 1527 1044 1570 dedit
1067 1528 1343 1583 poeniteutiae
1376 1528 1492 1583 signa
1516 1542 1556 1580 )),
1589 1526 1806 1570 videretur

182 1599 435 1655 «sepultura
486 1599 765 1642 ecclesiastica
814 1598 1084 1642 donandus»
1137 1611 1183 1641 eo
1232 1599 1339 1654 quod
1396 1598 1593 1641 «eadem
1644 1610 1665 1640 a
1713 1600 1804 1641 iure

177 1684 371 1727 expresse
405 1683 484 1713 nou
521 1669 764 1726 prohibetur
788 1686 808 1710 )>
846 1674 953 1721 (can.
993 1669 1120 1723 1239,
1144 1668 1172 1725 ἓ
1195 1668 1251 1725 ⁶2).
1277 1668 1520 1724 Applicetur
1544 1670 1670 1724 igitur
1695 1682 1800 1725 resp.

176 1743 362 1785 eiusdem
395 1742 432 1784 S.
467 1741 634 1797 Congi·.⁸
666 1739 800 1795 (θεοῦ
834 1741 1001 1783 demum
1037 1739 1143 1796 cit.⁰)
1179 1739 1300 1782 huius
1334 1741 1509 1782 tenoris:
1549 1755 1567 1780 «
1593 1739 1630 1783 2.
1655 1739 1798 1783 Utrum

177 1813 297 1857 liceat
328 1827 401 1870 pro
435 1812 639 1860 fidelibus,
673 1825 849 1870 quorum
885 1825 1057 1867 corpora
1092 1824 1172 1853 non
1206 1812 1293 1853 siue
1336 1812 1517 1866 ipsorum
1557 1810 1677 1866 culpa
1713 1823 1799 1854 cre-

178 1889 283 1927 mata
318 1888 425 1932 sunt,
460 1882 606 1927 Missae
639 1883 889 1926 sacrificium
931 1880 1094 1938 publice
1137 1881 1299 1936 offerre,
1344 1880 1558 1937 (idemque
1596 1885 1717 1937 urget
1748 1881 1800 1924 de

177 1955 341 2012 publico
376 1956 550 2010 funere),
586 1953 650 1997 vel
685 1956 807 1997 etiam
859 1955 1017 2009 private
1055 1952 1279 2009 applicare,
1322 1953 1505 2009 itemque
1539 1952 1803 1995 fundationes

176 2026 225 2070 ad
261 2026 370 2069 huuc
403 2026 527 2068 tinem
572 2029 804 2081 acceptare.
847 2023 893 2067 R.
928 2023 977 2066 ad
1014 2024 1052 2066 2.
1085 2021 1204 2067 Circa
1249 2021 1455 2078 publicam
1488 2021 1634 2065 Missae
1668 2022 1800 2078 appli-

176 2099 394 2152 cationem,
428 2095 654 2152 Negative3
690 2095 756 2152 (ac
790 2099 886 2151 puto
920 2096 979 2137 sic
1011 2093 1264 2137 servandum
1298 2092 1349 2135 de
1384 2093 1527 2135 sunere
1559 2092 1706 2136 saltem
1730 2106 1801 2149 pu-

178 2168 283 2212 blico
319 2173 485 2224 propter
518 2166 803 2223 scandalum);
838 2167 948 2209 circa
983 2167 1204 2221 privatam,
1237 2163 1499 2206 Affirmative
1522 2178 1561 2204 ».

294 2239 479 2296 Denique
512 2252 606 2282 cum
641 2238 796 2281 eisdem
834 2236 971 2279 verbis
1004 2235 1114 2279 Rit.is
1146 2234 1207 2278 R}
1240 2234 1332 2291 <loc
1368 2236 1435 2277 cit.
1470 2248 1508 2278 u.
1545 2233 1609 2290 5):
1644 2233 1800 2276 60Al2'2·

171 2317 414 2369 peccatores
458 2309 614 2367 absque
660 2310 937 2360 distinctione,
976 2322 996 2347 «
1021 2309 1087 2363 qui
1132 2308 1220 2349 sine
1254 2307 1505 2361 poenitentia
1538 2306 1795 2361 perierunt»

180 2398 214 2426 v.
251 2397 310 2439 gr.
347 2384 539 2435 usurarii,
574 2380 801 2424 dummodo
833 2378 983 2435 singuli
1018 2379 1097 2420 siut
1139 2376 1308 2434 publici,
1343 2389 1390 2419 eo
1423 2377 1532 2433 quod
1568 2380 1612 2419 ut
1644 2375 1744 2419 tales
1776 2387 1798 2418 a

176 2454 315 2497 multis
348 2456 500 2510 cogniti
535 2457 641 2507 sunt,
676 2458 715 2494 e!
747 2449 981 2508 manifesti,
1013 2451 1108 2506 quia
1142 2450 1331 2491 excusari
1366 2452 1589 2504 nequeunt.
1614 2446 1698 2490 Sub
1721 2446 1799 2489 hoc

175 2539 299 2569 censu
335 2527 598 2568 continentur
630 2526 698 2580 qui
733 2523 918 2578 expressi
961 2523 1056 2563 sunt
1088 2531 1109 2562 a
1142 2518 1220 2562 Rit.
1261 2517 1377 2562 Rom.
1423 2517 1518 2574 (loc.
1552 2520 1619 2561 cit.
1654 2531 1691 2561 n.
1729 2516 1796 2574 6):

180 2613 199 2637 (τ
225 2597 251 2639 li
287 2597 337 2640 de
371 2595 521 2653 quibus
555 2594 717 2651 publice
751 2597 922 2644 constat,
966 2590 1074 2648 quod
1118 2588 1244 2632 semel
1280 2591 1317 2631 in
1353 2602 1460 2632 anno
1500 2602 1578 2631 uon
1611 2597 1799 2644 suscepe-

175 2673 269 2710 runt
301 2670 567 2711 Sacramenta
601 2664 894 2716 Confessionis,
926 2666 965 2705 et
987 2661 1298 2705 Communionis
1323 2662 1360 2702 in
1387 2659 1555 2714 Pascha,
1579 2663 1619 2702 et
1640 2657 1797 2715 absque

178 2739 260 2782 ullo
293 2741 411 2794 signo
445 2738 704 2780 contritionis
736 2734 991 2778 obierunt».

293 2845 303 2866 ¹
333 2844 495 2877 Collect.
525 2843 561 2877 S.
589 2842 630 2876 O.
659 2841 704 2876 de
731 2841 773 2875 P.
804 2841 846 2874 F.
875 2852 913 2873 n.
945 2839 1048 2873 1654.
1080 2859 1118 2863 —
1147 2838 1161 2859 ‘2
1186 2838 1230 2871 27
1258 2837 1333 2871 Iul.
1364 2837 1468 2871 1892.
1497 2835 1658 2871 Collect.
1690 2834 1726 2870 S.
1753 2834 1795 2869 C.

174 2891 219 2925 de
247 2891 290 2926 P.
318 2891 360 2925 F.
386 2902 423 2925 n.
455 2890 557 2924 1808.
