1965 3240
566 202 646 235 ΤΓΓ.
676 202 784 236 XIX.
812 222 820 226 -
850 202 905 236 JJe
933 206 1015 235 volo
1042 206 1074 235 0!
1103 205 1360 236 iureiurando
1705 209 1775 238 ’ζ’-’5)

153 321 252 365 dicit
282 321 551 377 Augustinus.
588 320 703 363 Alius
738 320 883 363 modus
918 320 1078 362 im·an‹li
1113 325 1171 363 est
1208 335 1277 376 per
1321 326 1639 373 exet-rationem,
1675 324 1771 366 dum

151 392 309 435 scilicet
340 391 489 448 aliquis
521 405 564 434 se
601 391 661 433 vel
697 390 852 448 aliquid
896 391 945 433 ad
990 404 1033 432 se
1080 393 1286 445 pertinens
1325 392 1372 433 ad
1410 407 1580 447 poenam
1617 394 1769 449 obligat

155 464 228 504 nisi
269 464 317 504 sit
355 474 498 504 verum
534 462 642 518 quod
678 461 830 504 dicitur
854 477 892 513 ›),
927 463 1030 503 sicut
1066 462 1230 517 qimndo
1275 461 1422 518 aliquis
1461 460 1580 506 dit-it:
1616 464 1683 505 Sis·
1717 480 1776 506 me

157 531 264 575 Deus
297 531 467 574 adiuret
500 537 551 574 el.
572 531 673 573 llum·
703 537 850 574 sanctu
889 530 964 573 Dm·
996 531 1228 585 (wuuqeliu,
1257 546 1361 588 quac
1387 534 1557 575 l'ormula
1595 534 1774 589 implicat

152 605 400 646 contrariam
437 605 744 645 execrationem
778 602 966 645 ·‹let'ectns
1008 602 1150 644 auxilii
1196 602 1338 644 divini.
1377 604 1508 659 Atqui¹
1548 610 1775 659 oppon-tunt¹

153 674 219 717 hie
253 673 431 717 notanda
465 679 523 716 est
557 676 759 716 sententia
785 673 969 716 eiusdem
995 675 1131 715 Sancti
1159 672 1344 715 lloctoris
1371 673 1405 715 ¹:
1431 675 1538 730 quod
1571 691 1587 713 «
1613 678 1643 716 si
1671 674 1777 717 llcns

155 747 432 788 testimonium
468 744 668 787 adbibere
713 744 890 787 noluerit
931 745 967 786 in
1015 746 1243 798 praesenti:
1287 743 1498 787 adhibebit
1533 750 1668 786 antem
1706 759 1776 800 pro

152 820 264 859 certo
299 817 579 858 testimonium
616 817 652 857 in
689 816 840 868 futuro,
876 814 1042 871 quando
1082 830 1099 853 «
1127 813 1373 857 illuminabit
1398 814 1635 857 abscondita
1673 820 1778 857 tene-

153 886 335 942 brarum,
370 891 409 929 et
444 885 724 929 manifestabit
757 884 926 929 consilia
952 884 1138 928 cordium
1168 900 1204 934 2),
1231 889 1271 926 ut
1296 884 1447 927 dicitur
1470 885 1496 937 (l
1522 886 1569 927 ad
1595 885 1776 928 (jot-ium.

153 956 217 1009 lv,
253 958 309 1014 ὃ).
345 957 391 1000 Et
426 957 524 1000 illud
560 959 839 1000 testimonium
876 955 974 999 nulli
1011 957 1159 998 iuranti
1206 955 1369 998 deliciet
1408 955 1468 997 xe!
1506 970 1577 1010 pro
1616 969 1675 1010 eo,
1715 956 1774 999 xel

152 1033 292 1072 contra
328 1042 422 1072 enm
449 1044 486 1069 )>.

273 1098 441 1155 Propter
474 1100 646 1142 comites
681 1099 947 1142 iurisinramli
982 1111 1029 1142 ac
1065 1098 1185 1141 buius
1218 1101 1463 1155 gravitatem
1498 1103 1606 1141 recto
1639 1101 1777 1141 statuit

88 1212 92 1215 .
151 1173 179 1224 ,ξ
211 1169 247 1213 ’2.
282 1168 586 1212 Iusiurandum
620 1169 729 1227 quod
761 1183 941 1212 canones
973 1170 1145 1225 emissan!
1173 1172 1439 1226 praescripto,
1467 1169 1526 1211 vel
1550 1169 1778 1211 (ulmilluul

153 1243 190 1283 in
225 1240 390 1284 casibus
424 1240 552 1284 libere
588 1244 844 1297 praestitum,
877 1255 953 1295 per
982 1247 1317 1298 procuratorem,
1342 1243 1414 1283 etsi
1449 1241 1498 1283 ad
1536 1240 1611 1283 boc
1647 1243 1777 1283 muni-

151 1316 236 1354 tum
276 1311 444 1368 speciali
492 1312 698 1363 mandato,
736 1312 956 1369 praestari
996 1311 1137 1355 valide
1175 1312 1225 1355 ad
1271 1312 1438 1355 eliectos
1482 1314 1580 1355 iuris
1625 1311 1778 1368 nequit.

152 1384 286 1440 Atque
322 1383 358 1426 id
394 1385 604 1426 constituit
641 1383 863 1426 t'allentiam
903 1383 1023 1426 valde
1059 1383 1279 1426 notandam
1317 1396 1401 1439 reg.
1430 1385 1529 1425 iuris
1558 1384 1611 1425 68
1647 1384 1682 1424 in
1720 1381 1777 1423 (50.

157 1468 176 1493 ((
204 1453 336 1495 Potest
371 1455 463 1509 quis
498 1467 570 1509 per
602 1452 727 1496 alium
765 1454 915 1502 tacere,
949 1453 1059 1510 quod
1097 1458 1228 1509 potest
1264 1465 1334 1509 per
1367 1455 1546 1508 seipsum
1573 1468 1609 1495 )).

273 1524 367 1566 190.
389 1526 704 1570 lurisiurandi
728 1526 1035 1581 promissorii
1055 1526 1297 1580 obligatio
1317 1538 1375 1569 ac
1392 1525 1617 1569 firmitas.
1636 1538 1654 1563 «
1671 1522 1779 1565 Divi-

153 1608 248 1638 num
285 1597 564 1638 testimonium
601 1595 851 1652 quandoque
886 1595 1097 1638 inducitur
1139 1594 1187 1638 ad
1234 1594 1501 1637 asserendum
1549 1596 1778 1649 praesentia

156 1665 217 1709 rel
253 1669 489 1722 praeterita,
525 1670 564 1709 et
598 1665 673 1709 boc
707 1666 860 1709 dicitur
895 1668 1171 1709 iuramentum
1203 1667 1485 1708 assertorium.
1520 1663 1779 1720 Quandoque

151 1741 287 1780 autem
325 1737 536 1780 inducitur
568 1737 757 1780 divinum
784 1739 1065 1780 testimonium
1101 1737 1150 1779 ad
1187 1736 1518 1780 contirmandum
1544 1735 1697 1792 aliquid
1726 1736 1780 1777 l'n-

153 1812 305 1859 turum,
329 1811 367 1850 et
392 1807 468 1851 hoc
491 1807 645 1851 dicitur
669 1812 946 1851 iuramentum
975 1809 1287 1863 promissorium
1315 1823 1333 1847 »
1364 1807 1392 1848 ².
1419 1806 1474 1849 De
1499 1806 1573 1848 boc
1600 1805 1780 1863 loquitur

152 1892 242 1920 cun.
279 1879 403 1921 1317.
439 1880 464 1932 g
501 1879 534 1921 1.
573 1878 656 1931 Qui
689 1877 834 1931 libere,
868 1881 956 1921 sine
994 1881 1029 1920 ri
1065 1882 1136 1921 ant
1170 1883 1278 1921 metu
1315 1879 1447 1934 gravi,
1483 1877 1597 1919 iurat
1629 1890 1672 1918 se
1705 1875 1780 1918 ali-

152 1948 254 2006 quid
284 1948 516 2006 facturum,
549 1962 642 1993 nam
683 1965 702 1990 «
727 1949 925 2006 obligatio
961 1950 1139 1992 refertur
1183 1949 1231 1991 ad
1277 1948 1446 2006 aliquid,
1482 1947 1589 2005 quod
1630 1952 1687 1989 cst
1724 1949 1778 1988 t'a-

151 2021 345 2064 ciendum
385 2020 446 2064 vel
482 2021 770 2064 omittendum.
809 2020 923 2065 Unde
957 2034 1035 2063 non
1075 2021 1238 2063 videtur
1273 2021 1477 2075 respicere
1503 2021 1777 2061 iuramentum

151 2093 416 2134 assertorium
454 2091 581 2148 (qnod
617 2096 675 2134 est
710 2092 760 2135 de
794 2093 999 2148 praesenti
1037 2091 1098 2134 vel
1135 2091 1185 2134 de
1220 2089 1473 2147 praeterito),
1500 2102 1632 2145 neque
1657 2090 1778 2130 etiam

154 2164 431 2205 iuramentum
467 2163 518 2205 de
552 2161 614 2205 liis
647 2175 755 2220 quae
788 2167 882 2206 sunt
918 2177 990 2218 per
1023 2162 1124 2205 alias
1156 2174 1302 2205 causas
1337 2161 1606 2211 tienda,sicut
1631 2161 1662 2201 si
1688 2161 1780 2215 quis

153 2234 384 2276 iuramento
417 2238 621 2276 assereret
655 2234 763 2290 qnod
799 2246 891 2277 cras
916 2233 1055 2289 pluria
1080 2237 1185 2275 esset
1211 2233 1368 2281 t'ntm·a;
1403 2230 1472 2273 sed
1497 2230 1628 2272 solum
1656 2232 1692 2271 in
1720 2229 1780 2271 bis

152 2316 258 2360 quae
290 2309 383 2346 sunt
409 2304 543 2347 tienda
569 2317 641 2360 per
665 2304 779 2347 illum
805 2306 874 2361 qui
902 2306 1009 2346 iurat,
1034 2319 1052 2343 ))
1079 2304 1106 2346 ³³.
1135 2329 1185 2333 -
1218 2319 1235 2343 (τ
1260 2304 1371 2345 Sicut
1405 2305 1541 2344 autem
1578 2302 1780 2342 iuramen-

152 2379 239 2416 tum
273 2377 556 2429 assertorium‚
590 2375 698 2432 quod
751 2380 810 2418 est
859 2376 909 2418 de
958 2377 1179 2430 praeterito
1216 2373 1278 2416 vel
1315 2373 1364 2415 de
1405 2373 1622 2428 praesenti.
1657 2369 1779 2412 debet

154 2443 308 2488 habere
345 2447 586 2498 veritatem3
623 2448 674 2488 ita
699 2448 823 2489 etiam
864 2451 900 2488 et
939 2447 1216 2488 iuramentum
1243 2444 1292 2486 de
1318 2443 1379 2485 bis
1402 2455 1508 2499 qnae
1533 2446 1622 2484 sunt
1647 2440 1778 2483 tienda

153 2527 180 2574 a⁴
209 2515 326 2558 nobis
359 2517 396 2558 in
433 2516 628 2559 futurum.
666 2516 712 2559 Et
748 2517 839 2559 ideo
875 2521 1097 2572 utrumqne
1133 2518 1407 2558 iuramentum
1444 2512 1565 2555 babet
1598 2511 1778 2567 aliquam

153 2584 475 2642 obligati011en13
509 2587 793 2630 diversimode
827 2592 990 2632 tamen:
1026 2588 1121 2643 qnia
1157 2588 1194 2627 in
1231 2587 1461 2627 iuramento
1495 2581 1601 2639 quod
1638 2586 1695 2623 est
1731 2581 1779 2623 de

154 2658 378 2711 praeterito
415 2657 477 2700 vel
513 2657 564 2700 de
598 2659 819 2714 praesenti,
854 2656 1052 2713 obligatio
1085 2660 1145 2698 est
1171 2668 1247 2697 non
1276 2658 1461 2709 respectu
1490 2655 1544 2694 rei
1570 2664 1674 2707 quac
1700 2653 1777 2692 iam

154 2726 230 2769 fun
266 2727 328 2770 vel
364 2732 437 2781 est,
473 2727 543 2771 sed
581 2733 769 2784 respectu
807 2730 932 2783 ipsius
965 2731 1082 2769 actus
1125 2725 1301 2773 imandi,
1339 2729 1377 2766 nt
1412 2723 1566 2765 scilicet
1603 2724 1705 2763 iuret
1742 2720 1777 2761 id

155 2797 264 2854 quod
302 2799 381 2841 iam
418 2811 564 2841 verum
599 2803 657 2842 est
694 2798 754 2841 vel
793 2799 888 2840 t'uit:
928 2797 998 2840 sed
1051 2798 1088 2838 in
1142 2798 1372 2838 iuramento
1406 2793 1512 2850 (pind
1551 2796 1780 2847 praestatur

276 2950 287 2972 ²
317 2949 407 2985 Loc.
437 2950 501 2984 cit.
527 2962 561 2984 a.
589 2952 611 2983 2
637 2950 684 2984 ad
711 2950 772 2983 3¹²³.
804 2970 847 2974 —
873 2949 886 2971 '2
913 2948 1001 2982 Loc.
1032 2948 1100 2981 cit.
1129 2959 1163 2981 a.
1196 2949 1210 2980 l
1240 2959 1270 2980 c.
1303 2967 1341 2970 —
1379 2946 1391 2966 3
1419 2944 1508 2978 Loc.
1538 2943 1605 2976 cit.
1635 2953 1667 2975 a.
1699 2942 1717 2976 ἶ
1746 2954 1775 2975 c.
