1965 3240
167 126 236 161 500
365 123 447 157 Lm.
475 122 545 156 III.
574 141 584 146 -
612 121 722 155 PARS
753 120 819 154 VI.
847 141 859 145 -
886 120 943 154 De
970 121 1079 154 bonis
1105 113 1296 153 ‘Ecclesiae
1323 118 1602 162 temporalibus

170 259 269 288 vero
303 255 460 297 eorum,
495 243 566 298 qui
602 240 786 284 decimas
821 243 1012 283 recusent
1053 237 1219 281 solvere
1261 236 1440 280 diversis
1471 249 1522 280 ex
1558 234 1798 284 rationibus,
1856 255 1858 257 ·

172 314 332 360 consuli
367 317 522 370 queunt
558 324 754 368 responsa
787 311 825 354 S.
864 310 1206 353 l'oenitentiariae
1239 309 1266 350 ¹.

283 385 384 428 415
405 385 840 439 Eleemosynarum
858 382 1030 438 petitio
1046 381 1083 421 in
1099 377 1309 422 Ecclesiae
1326 378 1513 421 favorem
1533 379 1592 421 sic
1611 379 1798 420 restricta

166 461 228 500 est
264 469 335 512 per
358 468 448 497 can.
474 454 606 497 1503.
636 451 774 496 Salvis
793 449 1076 509 praescriptis
1099 463 1190 491 caiz.
1215 450 1419 491 691-624
1451 450 1563 491 cirea
1585 442 1800 504 religi0sos

165 530 460 586 quaestuantes
492 523 646 567 ibidem
683 522 904 566 declaratis
947 524 984 563 in
1032 520 1340 564 Commentario
1388 518 1557 574 Textus,
1604 523 1800 561 vetantur

163 596 341 656 privati,
374 595 556 639 scilicet:
590 594 740 651 singuli
765 592 923 647 fideles,
948 598 1031 634 lam
1051 590 1195 633 cleriei
1219 589 1441 634 cuiuslibet
1464 590 1620 632 ordinis
1643 590 1796 645 recepti

163 683 289 728 quam
323 667 436 722 laici,
471 679 544 709 seu
569 666 723 709 divinis
747 666 985 707 ministeriis
1009 676 1086 705 non
1108 663 1332 717 mancipati
1358 674 1430 718 per
1453 661 1632 717 aliquem
1657 662 1795 711 ritum,

164 741 256 784 sine
288 738 434 795 supple
472 736 681 780 «licentia
706 751 724 776 ))
764 734 805 792 a)
838 733 958 778 Sedis
1002 732 1269 790 Apostolicae
1310 731 1360 775 ad
1404 744 1593 774 normam
1630 743 1720 774 can.
1754 730 1796 788 7,

163 818 205 857 et
239 816 282 855 ut
318 809 482 852 videtur
515 809 552 852 S.
586 806 734 863 Congr.
771 804 956 858 Concilii,
992 808 1060 847 aut
1095 804 1132 847 S.
1168 802 1319 859 Congr.
1354 815 1427 859 pro
1460 802 1643 845 Ecclesia
1668 804 1799 844 orien-

163 883 247 936 tali,
284 884 396 924 iuxta
430 892 574 922 earum
623 879 958 933 competentiam.
1008 877 1126 918 cuius
1176 874 1368 917 licentiae
1413 875 1658 929 rescriptum
1693 877 1799 916 esset

163 951 390 998 Ordinario
425 950 500 993 loci
537 952 574 991 in
612 962 693 1006 quo
725 949 843 1004 stipis
880 949 1043 1002 cogitur
1088 945 1150 988 vel
1186 945 1330 988 saltem
1372 960 1391 985 «
1414 941 1636 988 Ordinario
1670 946 1794 999 inipe-

163 1012 309 1066 trantis
363 1021 630 1077 praesentari,
679 1031 773 1061 cum
823 1018 873 1060 de
918 1016 1041 1060 rebus
1090 1020 1237 1071 agatur
1287 1014 1507 1072 publicis»
1550 1014 1658 1071 (can.
1709 1012 1794 1069 51),

168 1094 212 1151 b)
230 1099 304 1136 am
336 1090 505 1150 proprii
543 1089 783 1144 Ordiizarii,
815 1091 880 1132 cui
916 1100 1064 1144 nempe
1087 1087 1264 1130 clericus
1287 1085 1535 1129 subiiciatur
1558 1087 1715 1128 ratione
1739 1086 1797 1126 in-

164 1164 476 1215 cardinationis,
514 1160 577 1204 vel
611 1160 789 1205 clericus
821 1164 860 1202 et
894 1159 1023 1202 laicus
1059 1160 1218 1201 ratione
1251 1156 1450 1200 domicilii
1489 1156 1551 1199 vel
1585 1155 1795 1213 quasi—do-

166 1235 323 1286 micilii,
356 1234 476 1276 simul
512 1237 551 1274 et
595 1229 822 1275 Ordimm'z'
858 1229 951 1274 loci.
988 1228 1056 1272 ubi
1091 1230 1351 1286 (praestuatio
1394 1227 1475 1281 tiat,
1504 1226 1689 1279 licentia,
1716 1227 1795 1268 for-

164 1309 267 1350 sitan
317 1305 366 1348 asl
412 1303 635 1361 quamdam
686 1302 908 1345 dioecesim
960 1300 1038 1343 illa·
1080 1299 1140 1342 rel
1185 1299 1236 1342 ad
1282 1303 1438 1355 partem
1484 1297 1686 1340 dioecesis
1718 1295 1795 1339 hac

164 1377 351 1421 limitata,
400 1373 585 1432 qualibet
632 1378 767 1434 tamen
819 1384 960 1415 earum
997 1371 1039 1413 in
1073 1369 1245 1427 seriptis
1289 1369 1408 1423 (lata,
1449 1368 1599 1426 stipem
1636 1380 1792 1424 eostre,

164 1447 272 1504 quod
308 1447 497 1501 designat
530 1458 578 1487 ex
614 1443 803 1500 pluribus
835 1443 1121 1498 eleemosynas
1156 1440 1362 1497 postulare
1391 1452 1470 1497 pro
1503 1438 1683 1497 quolibet
1706 1440 1793 1481 sine
1820 1440 1824 1446 '

165 1517 421 1571 limitatione,
466 1516 538 1559 sed
580 1515 652 1572 pio
697 1515 825 1557 idest:
873 1512 1083 1569 religionis
1118 1512 1181 1555 vel
1218 1511 1432 1555 charitatis
1469 1522 1593 1553 causa
1627 1515 1700 1552 aul
1734 1522 1793 1551 ee-

164 1587 415 1639 destameo,
455 1589 551 1644 quia
594 1585 646 1629 ab
684 1584 869 1628 Ecclesia
903 1583 1047 1627 saltem
1093 1581 1321 1639 approbato
1359 1581 1556 1624 instituto
1589 1579 1792 1637 collegiali

167 1659 230 1703 vel
267 1672 345 1702 non
380 1657 602 1714 collegiali,
635 1655 698 1698 rel
728 1655 809 1712 fine
841 1668 983 1698 earum
1019 1653 1378 1710 eleemosynarum
1416 1655 1584 1696 intente.

283 1730 380 1772 416.
421 1726 765 1772 Cathedraliewn
803 1725 990 1775 verbum,
1024 1738 1094 1767 seu
1130 1724 1420 1779 synodaticum
1446 1725 1486 1765 in
1511 1721 1794 1765 Decretalibus

165 1800 320 1844 dictum
357 1800 490 1842 forsan
525 1811 573 1841 eo
606 1797 715 1855 quod
750 1796 845 1839 olim
882 1798 920 1838 in
955 1795 1130 1851 Synodis
1174 1793 1422 1837 annualibus
1459 1792 1706 1844 solveretur,
1740 1794 1792 1834 in-

165 1872 309 1927 digitat
347 1869 445 1913 illud
481 1867 665 1925 Apostoli
701 1867 739 1909 2;
779 1866 1024 1909 «Dominus
1066 1864 1277 1908 ordinavit
1319 1866 1367 1907 iis
1409 1866 1478 1921 qui
1518 1862 1791 1919 Evangetium

165 1944 424 1995 annuntiant,
458 1940 509 1983 de
542 1938 771 1995 Evangelio
805 1939 950 1980 vivere
974 1952 994 1977 ))
1034 1941 1073 1979 et
1114 1936 1196 1979 «Si
1231 1948 1304 1978 nos
1341 1933 1458 1978 vobis
1483 1933 1711 1991 spiritualia
1735 1946 1795 1976 se-

166 2015 433 2066 minavimus,
468 2023 662 2067 magnum
698 2014 771 2057 est,
806 2011 839 2052 si
873 2022 946 2051 nos
981 2006 1164 2051 carnalia
1206 2011 1341 2049 vestra
1377 2005 1616 2048 metamus?
1641 2020 1677 2047 2).
1713 2004 1790 2047 Sed

164 2083 206 2126 hi
239 2088 375 2126 textus
407 2088 444 2126 et
477 2081 633 2125 similes
655 2080 761 2123 Novi
781 2078 1031 2122 Testamenti
1056 2083 1166 2133 sunt,
1188 2076 1340 2135 quibus
1366 2076 1594 2120 fulciuntur
1615 2088 1794 2119 canones

167 2154 278 2197 150⁶.)
314 2159 353 2197 et
388 2153 513 2205 1507,
548 2164 641 2195 nam
678 2151 778 2194 illud
817 2149 990 2193 verbum
1024 2151 1207 2193 strictam
1249 2148 1594 2205 significationem
1631 2148 1668 2189 in
1704 2148 1792 2189 iure

166 2224 319 2268 habere
353 2224 531 2267 ostendit
547 2225 607 2266 sic
628 2220 915 2279 praescribens
948 2234 1037 2263 can.
1074 2219 1208 2262 1504.
1248 2217 1399 2262 Omnes
1425 2217 1465 2275 a)
1486 2216 1697 2269 ecclesiae,
1719 2219 1794 2260 sci-

166 2295 282 2339 licet:
318 2295 443 2338 aedes
475 2306 618 2338 sacrae
650 2293 786 2336 dictae
819 2294 857 2334 in
892 2304 981 2334 can.
1017 2291 1069 2333 99
1112 2302 1358 2345 «personae
1393 2288 1571 2331 morales
1603 2300 1681 2330 non
1715 2286 1792 2330 col-

166 2366 334 2423 legiales
356 2382 395 2407 ».
430 2364 546 2408 Hanc
583 2364 967 2420 interpretationem
1003 2363 1133 2417 exigit
1168 2359 1341 2403 verbum
1367 2361 1478 2402 iuxta
1504 2360 1788 2414 exceptionem

163 2449 253 2481 can.
291 2436 417 2490 1498,
453 2441 536 2478 tum
571 2448 620 2478 ex
655 2438 797 2477 tenore
846 2434 946 2475 iuris
997 2434 1162 2486 veteris,¹
1210 2436 1294 2474 tum
1351 2445 1368 2471 ε(
1394 2443 1442 2473 ex
1479 2433 1672 2472 contextu
1706 2441 1790 2471 ser-

165 2509 356 2560 monis»,
379 2506 559 2550 addente
592 2517 750 2549 canone
784 2505 1040 2558 nominatim,
1077 2502 1142 2545 vel
1179 2501 1221 2559 b)
1255 2500 1452 2557 beneficia
1484 2502 1649 2556 proprie
1683 2499 1790 2542 dicta

165 2581 278 2622 iuxta
312 2590 401 2621 can.
439 2576 563 2631 1409,
611 2575 739 2630 1412,
780 2573 873 2617 illae
915 2573 979 2616 vel
1021 2573 1123 2616 haec
1167 2570 1458 2615 iurisdictiom
1489 2569 1690 2628 Episcopi
1722 2582 1789 2611 su-

164 2647 312 2702 hicela7
349 2647 456 2691 unde
492 2648 706 2703 paroeciae
739 2657 904 2702 quoque
939 2643 1142 2700 religiosis
1174 2644 1378 2698 exemptis
1410 2644 1532 2685 etiam
1557 2640 1678 2697 pleno
1703 2642 1790 2682 iure

165 2721 422 2765 commissae,
457 2731 535 2760 non
573 2730 670 2760 vero
718 2715 1008 2771 religiosorum
1059 2716 1300 2770 praesertim
1351 2716 1636 2768 exemptor-um
1681 2723 1789 2753 com-

166 2872 225 2906 IX
266 2826 307 2905 114
322 2824 485 2904 CIOIHect.
515 2824 553 2857 S.
583 2823 624 2857 C.
653 2821 699 2856 de
726 2821 766 2855 P.
795 2821 838 2854 F.
866 2821 888 2853 4
914 2820 1008 2854 Maii
1037 2820 1140 2862 1897,
1169 2831 1207 2853 n.
1241 2818 1342 2853 1967.
1372 2837 1415 2843 —
1440 2816 1454 2838 ‘²
1480 2817 1498 2850 I
1524 2816 1571 2850 ad
1598 2815 1788 2857 Corinth„
