1965 3240
162 129 231 165 136
402 129 485 163 Lm.
514 128 582 164 III.
610 149 622 154 -
648 129 759 164 PARS
785 129 836 164 ΙΙ,
866 150 878 155 -
903 130 962 165 De
987 131 1080 165 locis
1106 133 1140 165 et
1166 132 1403 175 temporibus
1427 133 1551 166 sacris

284 249 327 292 20
358 249 505 294 Utrum
537 249 688 293 verba:
722 264 796 293 nee
815 249 1045 308 perviqilia
1066 250 1361 308 anticipantur
1383 253 1606 307 respiciant
1628 255 1788 295 tantum

163 325 383 377 exceptum
409 325 571 377 tempus
604 320 976 378 Quadragesimae,
1008 334 1058 364 an
1092 324 1216 365 etiam
1250 326 1378 365 totum
1413 334 1581 366 annum.

280 391 425 447 Resp:
451 390 513 434 Ad
551 392 645 434 1⁰¹³:
680 391 957 445 Affirmative,
979 392 1095 435 salvo
1121 395 1375 449 praescripto
1398 395 1568 436 canonis
1587 392 1712 437 1253.
1735 418 1789 423 —

164 462 226 506 Ad
253 463 329 505 2¹¹¹:
364 462 605 519 Respiciunt
640 467 770 506 totum
795 476 962 506 annum.

282 533 327 578 ll.
354 558 368 565 -
396 534 437 576 1⁰
470 533 616 578 Utrum
655 535 687 576 si
713 534 860 577 festum
898 534 937 577 S.
963 533 1136 591 losephi,
1160 534 1241 577 diei
1286 534 1334 577 19
1374 533 1524 589 Martii,
1556 534 1711 578 incidat
1751 536 1789 576 in

163 605 264 648 feria
287 609 403 648 sexta
428 604 493 648 vel
517 604 704 657 sabbam,
728 610 864 648 teneat
886 609 1046 648 tantum
1070 605 1133 648 lex
1159 608 1313 655 ieiunii,
1337 618 1387 649 an
1412 608 1536 649 etiam
1570 605 1636 649 lex
1674 604 1797 649 absti-

164 678 342 719 nentiae.

284 746 333 789 Et
355 751 561 804 quatenus
593 747 843 790 affirmative
866 747 917 790 ad
943 750 1117 803 primam
1145 751 1317 804 partem,
1342 750 1535 805 negative
1558 748 1609 791 ad
1647 760 1794 791 secun—

128 853 131 856 .
166 817 276 873 dam,

287 889 330 932 20
354 889 499 933 Utrum
525 895 657 934 cesset
691 890 756 933 lex
780 889 1065 945 abstinentiae,
1091 893 1213 934 etiam
1238 893 1270 934 si
1294 891 1442 934 festum
1472 890 1510 935 S.
1546 890 1706 947 losephi
1737 892 1797 932 in-

167 960 316 1004 ciderit
347 963 385 1004 in
421 961 558 1018 aliqua
593 962 659 1005 die
693 966 871 1019 quatuor
903 961 1169 1018 Temporum.

286 1031 430 1089 Resp.:
465 1032 526 1076 Ad
557 1033 648 1076 lum:
689 1033 890 1076 Servetur
914 1045 1043 1076 canon
1071 1032 1196 1088 1252,
1222 1035 1247 1086 ἓ
1269 1032 1309 1088 4,
1348 1032 1456 1090 (post
1494 1033 1797 1079 correctionem

168 1105 208 1146 in
232 1103 412 1146 editione
436 1102 599 1147 Codicis
622 1104 822 1158 officiali),
847 1117 919 1147 seu
939 1117 1017 1147 non
1040 1108 1203 1147 cessant
1226 1116 1301 1147 nec
1339 1103 1403 1147 lex
1444 1105 1586 1146 ieiunii
1621 1116 1697 1146 nec
1730 1102 1796 1145 lex

168 1172 457 1219 abstinentiae.
481 1201 539 1206 —
561 1174 623 1217 Ad
651 1175 747 1218 2¹³⁹:
776 1175 990 1217 Provisum
1016 1177 1054 1217 in
1081 1176 1347 1231 responsione
1370 1174 1418 1217 ad
1448 1174 1520 1216 1¹³³
1541 1189 1578 1214 ›>.

289 1245 457 1289 Praeter
480 1245 583 1289 haec
603 1245 616 1268 ¹
641 1246 751 1289 aliud
779 1248 990 1289 invenitur
1013 1247 1136 1288 etiam
1161 1245 1399 1288 authentice
1432 1244 1610 1287 solutum
1634 1243 1648 1266 ²
1687 1259 1708 1285 ((
1723 1243 1801 1287 Du·

171 1317 285 1361 bium
310 1316 335 1360 l,
362 1317 423 1360 An
450 1317 515 1360 lex
538 1316 812 1360 abstinentiae
835 1321 968 1360 cesset
991 1319 1029 1359 in
1054 1315 1186 1360 Gallia
1210 1315 1357 1359 diebus
1380 1316 1493 1359 festis
1515 1315 1592 1359 sub
1631 1327 1800 1372 praece·
1870 1323 1877 1330 “

171 1392 239 1445 pto
264 1390 302 1430 in
327 1390 524 1432 universa
547 1387 730 1431 Ecclesia
755 1390 945 1441 servatis,
963 1387 1034 1431 sed
1061 1390 1098 1430 in
1117 1386 1248 1431 Gallia
1272 1400 1323 1430 ex
1341 1388 1608 1430 concessione
1626 1387 1802 1430 Sanctae

170 1459 288 1503 Sedis
320 1462 567 1516 suppressis,
591 1458 749 1502 scilicet
771 1460 882 1502 festis
914 1457 1266 1510 Circumcisionis,
1306 1457 1575 1514 Epiphaniae,
1599 1456 1800 1500 Immacu-

172 1530 278 1574 latae
302 1531 593 1587 Conceptionis
626 1530 891 1573 Beatissimae
925 1528 1105 1585 Virginis
1128 1529 1280 1573 Mariae
1304 1533 1344 1572 et
1382 1528 1601 1572 Beatorum
1625 1528 1802 1585 Aposto-

174 1601 306 1645 lorum
340 1602 447 1645 Petri
472 1606 511 1645 et
537 1601 681 1645 Pauli?
707 1627 758 1631 —
785 1601 926 1657 Resp.:
966 1600 1170 1657 Neyative
1187 1616 1226 1644 )).

291 1672 512 1730 Denique3
562 1672 842 1727 «Quaesitum
887 1676 968 1715 est:
1013 1671 1160 1715 Utrum
1203 1683 1333 1714 canon
1377 1670 1486 1713 1252
1527 1672 1608 1713 iam
1643 1669 1801 1727 ubique

173 1742 383 1800 obligandi
410 1746 492 1786 vim
517 1743 669 1786 habere
693 1745 907 1799 inceperit,
932 1755 1011 1785 non
1036 1740 1295 1784 obstantibus
1338 1740 1499 1797 legibus
1538 1740 1801 1797 particulari-

174 1814 263 1866 bus,
287 1819 365 1858 etc.
400 1814 657 1870 Responsum
682 1818 742 1857 est
770 1813 813 1870 (3
839 1813 921 1856 lan.
950 1812 1102 1869 1918):
1144 1812 1404 1854 Affirmative
1423 1827 1460 1854 >›.

298 1879 393 1928 113.
430 1887 675 1931 Limitatio
708 1886 1065 1930 moderationis
1097 1897 1186 1940 per
1217 1896 1434 1928 canones
1471 1896 1636 1939 praec.
1668 1884 1803 1927 indu-

175 1961 299 2004 ctae.
333 1957 394 2001 Ad
429 1969 617 2000 normam
651 1958 799 2012 capitis
831 1954 1111 1998 Deci-etalium
1145 1953 1290 1997 ultimo
1323 1955 1451 2008 citati,
1483 1953 1679 1996 admonet
1712 1966 1804 1995 ean.

177 2030 308 2072 1253.
345 2027 421 2070 His
454 2026 682 2070 canonibus
715 2040 886 2082 nempe:
922 2025 1053 2069 tribus
1088 2026 1316 2081 praesentis
1348 2023 1486 2079 Tituli,
1519 2022 1629 2066 mla!
1661 2023 1806 2066 immu-

179 2105 296 2143 tatur
342 2099 383 2156 a)
431 2098 481 2142 sle
514 2098 694 2141 indultis
722 2096 1077 2156 particularibus,
1111 2107 1218 2153 quae
1259 2099 1400 2152 utpote
1444 2094 1566 2138 huius
1609 2095 1719 2138 modi
1753 2094 1806 2138 le-

177 2185 275 2228 gum
312 2172 590 2226 mitigationes
624 2168 864 2225 regionibus
896 2168 990 2211 data
1014 2169 1094 2210 sint
1130 2181 1165 2209 V.
1201 2180 1260 2223 gr.
1296 2178 1317 2209 a
1351 2165 1503 2209 Bened.
1539 2165 1610 2208 ΡΡ.
1636 2163 1708 2208 XV
1734 2164 1807 2208 Lu-

177 2243 350 2285 sitaniae
384 2255 457 2298 per
489 2241 621 2283 Breve
661 2240 979 2283 «Romanorum
1007 2238 1289 2280 Pontificum»
1328 2236 1378 2280 ad
1411 2236 1558 2280 decem
1581 2236 1743 2279 annos4
1767 2240 1807 2279 et

178 2312 401 2369 Hispaniae
436 2325 509 2368 per
541 2311 674 2354 Breve
711 2326 732 2351 ((
750 2309 800 2354 Ut
833 2322 1066 2366 praesens»
1105 2308 1155 2351 ad
1192 2307 1244 2350 12
1278 2319 1407 2350 annos
1426 2307 1456 2360 ⁵,
1478 2308 1574 2365 quia
1610 2306 1805 2349 «indulta

178 2396 299 2441 quae,
333 2382 384 2426 ab
418 2382 655 2439 Apostolica
697 2381 802 2424 Sede
835 2380 885 2423 ad
931 2379 1033 2422 haec
1080 2391 1211 2436 usque
1259 2383 1443 2434 tempora
1493 2379 1680 2434 personis
1717 2378 1807 2420 sive

181 2454 363 2512 physicis
395 2456 484 2497 sive
518 2452 744 2496 moralibus
777 2462 987 2505 concessa,
1020 2451 1059 2491 in
1094 2463 1170 2492 usu
1203 2448 1340 2492 adhuc
1373 2452 1468 2491 sunt
1491 2461 1566 2491 nec
1600 2451 1810 2501 revocata,

181 2529 339 2582 integra
373 2529 578 2568 manent»
619 2523 727 2580 (can.
764 2522 831 2576 4),
872 2520 1010 2563 «nihil
1046 2522 1326 2563 immutatur»
1355 2533 1376 2562 e
1419 2523 1561 2562 contra
1604 2520 1714 2561 circa
1752 2530 1811 2560 se-

181 2599 399 2640 veritatem
437 2595 478 2652 b)
513 2594 563 2637 de
595 2594 715 2644 votis,
748 2593 884 2650 quoad
919 2591 1209 2635 abstinentiam
1243 2592 1366 2633 etiam
1390 2588 1441 2632 ab
1465 2591 1568 2644 ovis,
1593 2588 1812 2632 lacticiniis

181 2671 274 2722 etc,
311 2666 374 2710 vel
411 2668 624 2719 ieiunium,
662 2664 724 2707 vel
749 2663 990 2721 qualitatem
1015 2674 1062 2704 ac
1085 2663 1357 2718 quantitatem
1381 2659 1568 2703 ciborum
1593 2659 1644 2702 de
1662 2657 1813 2714 quibus

303 2798 313 2818 1
340 2796 386 2829 24
412 2796 506 2830 Nov.
539 2796 643 2837 1920,
672 2794 749 2828 CO.
778 2793 871 2833 XII,
900 2793 980 2827 576.
1007 2812 1049 2816 -—-
1076 2792 1090 2813 2
1118 2791 1160 2824 17
1188 2789 1299 2824 Febr.
1330 2788 1434 2829 1918,
1472 2787 1549 2822 CO.
1578 2786 1627 2827 X,
1659 2786 1737 2820 170.
1774 2807 1810 2812 —

183 2844 196 2865 3
223 2843 291 2877 Ius
316 2842 584 2876 Pontificium.
615 2842 731 2875 Anno
757 2840 788 2879 I,
816 2851 905 2885 pag.
935 2839 967 2873 6.
1007 2859 1050 2863 -
1088 2838 1101 2860 4
1127 2837 1171 2871 31
1198 2837 1291 2870 Dec.
1322 2836 1423 2876 1914,
1451 2834 1528 2870 CO.
1568 2834 1737 2868 VII-549.
1767 2854 1808 2858 —-

184 2892 198 2912 5
225 2892 268 2925 12
296 2891 398 2934 Aug.
430 2890 520 2924 1915
547 2888 624 2923 CO.
654 2888 823 2922 VII-557.
1064 2894 1066 2897 ·

1723 2995 1735 3017 ὲ
