1965 3240
254 141 296 175 16
488 139 572 172 Lm.
601 138 672 172 III.
702 159 714 163 -
742 139 854 173 PARS
880 138 930 172 II.
960 158 972 163 -
998 138 1054 173 De
1080 139 1173 172 loci-s·
1198 139 1233 172 et
1258 139 1495 182 temporibus
1511 141 1635 174 sacris

257 256 478 301 materialis
508 257 784 314 subsequente
817 267 956 312 opera,
976 260 1020 297 ut
1043 255 1086 297 in
1110 254 1384 297 ecelesiarum
1407 255 1700 312 aedificatione
1724 260 1870 314 primo,
1929 264 1932 266 '

252 328 312 369 rel
337 326 561 385 resectione
585 341 656 383 per
679 328 1035 370 conservationem
1065 324 1126 368 vel
1154 327 1487 369 reformationem
1513 333 1744 381 serventur,
1763 341 1869 386 quae

249 397 444 453 implicite
477 399 668 454 quamvis
702 409 778 439 non
813 408 960 439 severe
984 394 1190 451 iubentur,
1209 394 1250 451 a)
1280 394 1443 445 formae
1464 409 1535 439 seu
1559 397 1870 442 distributiones

249 467 480 510 materiales
522 482 545 509 a
591 466 820 509 traditione
862 464 1098 508 christiana
1141 471 1346 522 receptae,
1391 479 1427 506 v.
1461 480 1522 522 gr.
1560 467 1689 527 forma
1733 471 1870 512 crucis

247 538 395 581 latinae
428 543 497 580 aut
528 550 690 594 grecae,
724 538 851 579 sorma
898 538 1017 579 unius
1061 535 1121 578 vel
1169 537 1291 578 trium
1337 538 1524 588 navium,
1557 536 1666 580 absis
1700 538 1868 595 presby—

247 610 350 651 terii.
385 608 498 651 chori
535 608 660 662 locus,
694 612 771 650 etc.
806 606 848 663 b)
883 612 921 649 et
959 607 1068 648 artis
1106 619 1255 648 sacrae
1292 605 1402 663 {eyes
1440 608 1574 662 quoad
1607 608 1870 664 stylum,or-

245 684 400 729 natum,
434 684 510 722 etc.
545 680 584 730 ε’)
619 684 742 734 atque
779 676 1034 733 «liturgicae
1070 675 1183 732 leges
1225 688 1332 733 quae
1378 679 1459 719 vim
1499 691 1614 721 suam
1650 681 1864 723 retinent»

243 753 348 801 (can.
386 750 424 803 2)
460 763 494 791 v.
520 763 580 805 gr.
605 754 706 806 seq.⁸
727 761 820 805 gen.
844 747 970 790 Decm
991 749 1027 790 ¹:
1068 747 1312 803 «imagines
1348 750 1530 791 virorum
1565 761 1613 792 ac
1649 749 1866 794 mulierum

243 821 313 875 qui
348 832 440 861 cum
487 820 591 861 tama
635 820 861 861 sanctitatis
903 818 1186 870 decesserunt,
1216 817 1286 860 sed
1331 818 1513 861 nondum
1556 818 1870 864 beatificationis

243 894 312 932 aut
345 890 664 932 canonizationis
697 887 873 931 honores
901 889 1111 930 consecuti
1133 892 1240 941 sunt,
1262 901 1396 945 neque
1419 888 1619 933 altaribus
1643 894 1869 948 utcumque

245 962 396 1006 imponi
424 972 553 1015 posse,
574 972 706 1016 neque
730 963 845 1002 extra
869 958 1012 1001 altaria
1038 958 1206 1014 depingi
1230 972 1324 1002 cum
1349 959 1540 1014 aureolis,
1566 960 1704 1006 radiis.
1724 961 1868 1005 aliisve

244 1033 471 1073 sanctitatis
503 1031 643 1086 signis,
678 1043 795 1086 posse
829 1035 963 1071 tamen
1008 1042 1150 1071 eorum
1198 1031 1398 1085 imagines
1434 1029 1498 1073 vel
1532 1035 1646 1086 gesta
1678 1044 1725 1075 ac
1761 1033 1866 1076 facta

246 1104 282 1143 in
320 1100 545 1156 parietibus
578 1100 799 1152 Ecclesiae,
832 1113 901 1143 seu
939 1102 976 1141 in
1015 1101 1130 1142 vitris
1168 1099 1362 1143 coloratis
1404 1100 1607 1155 exhiberi,
1641 1102 1868 1146 dummodo

245 1175 446 1227 imagines
479 1171 570 1214 illae
604 1185 735 1228 neque
768 1170 933 1227 aliquod
968 1170 1103 1213 cultus
1129 1170 1191 1213 vel
1217 1173 1446 1214 sanctitatis
1480 1172 1677 1215 indicium
1705 1186 1802 1229 prae
1824 1187 1867 1217 se

244 1244 387 1291 terant.
439 1255 570 1299 neque
612 1242 837 1299 quidquam
883 1241 1038 1297 profani
1083 1246 1151 1284 aut
1195 1240 1246 1285 ab
1306 1241 1515 1285 Ecclesiae
1558 1244 1866 1287 consuetudine

241 1312 363 1355 alieni
386 1329 405 1353 ))

359 1386 383 1437 ἓ
413 1386 454 1426 2.
479 1383 536 1426 Ex
573 1385 660 1426 iure
695 1396 828 1439 praec.
853 1388 911 1426 est
948 1386 1079 1439 primo
1115 1383 1380 1436 recolendum
1411 1384 1519 1441 quod
1558 1388 1805 1442 supponitur
1828 1388 1865 1429 in

242 1453 403 1496 Normis
438 1453 713 1509 peculiaribus
731 1452 760 1509 ²,
797 1453 862 1496 ubi
898 1454 1072 1497 dicitur:
1109 1453 1246 1497 «Eius
1275 1454 1470 1508 (scilicet:
1506 1455 1544 1499 S.
1579 1453 1729 1512 Congr.
1763 1454 1866 1500 Con-

238 1524 339 1569 ciliil
362 1527 497 1581 itaque
530 1524 743 1567 dumtaxat
777 1526 853 1567 erit
888 1526 924 1567 in
961 1529 1169 1580 posterum
1204 1525 1477 1568 concedere...
1503 1527 1532 1581 t')
1565 1525 1800 1569 facultatem
1826 1529 1864 1569 in

240 1596 398 1636 interno
423 1594 561 1650 templi
589 1594 649 1636 vel
677 1593 828 1650 publici
852 1594 991 1638 sacelli
1017 1597 1172 1651 pariete
1197 1596 1421 1638 fenestram
1446 1595 1634 1651 faciendi,
1656 1601 1867 1640 costi-uen-

238 1664 363 1720 dique
397 1668 512 1720 parvi
546 1664 673 1715 chori,
697 1670 766 1707 aut
798 1665 1010 1721 aperiendi
1030 1667 1136 1719 ostii,
1160 1678 1241 1723 quo
1278 1667 1464 1721 privatus
1486 1665 1622 1709 aditus
1657 1667 1783 1709 fiat».
1810 1693 1862 1697 —-

244 1734 314 1777 His
346 1737 536 1790 congruit
568 1738 891 1791 praescriptum:
926 1734 975 1778 In
1012 1735 1200 1786 ecclesia,
1234 1738 1323 1778 sive
1366 1736 1464 1778 dum
1498 1735 1745 1779 aedificatur
1777 1738 1865 1780 sive

242 1807 320 1847 iam
354 1805 581 1849 aedificata.
605 1810 643 1857 a)
667 1805 809 1848 nultus
832 1806 1055 1863 aperiatur
1086 1804 1230 1849 aditus
1252 1805 1315 1848 <vel
1349 1804 1537 1864 fenestra
1573 1805 1629 1849 ml
1660 1806 1865 1849 laieorum

241 1874 385 1916 (lomus
420 1876 584 1918 l'orsitan
627 1876 809 1919 adnexas
853 1879 984 1932 magis
1030 1876 1092 1920 vel
1140 1879 1289 1926 minus,
1324 1876 1517 1934 equidem
1564 1890 1637 1933 pro
1682 1879 1863 1933 ipsorum

238 1946 545 1999 commoditate,
579 1951 618 1989 et
661 1946 736 1990 hoc
779 1952 837 1990 est
873 1949 1051 2003 primum
1103 1949 1274 1990 vetitum
1319 1947 1453 2004 quoad
1499 1949 1863 2001 constructionem,

242 2015 436 2072 aliudque
469 2016 707 2072 adiungitur
749 2030 983 2060 connexum
1019 2022 1186 2074 propter
1224 2031 1359 2074 usum,
1392 2031 1563 2074 nempe:
1599 2016 1643 2074 b)
1679 2016 1865 2075 locaque,

243 2086 279 2127 si
312 2085 454 2128 adsim
497 2089 585 2129 usui
634 2092 740 2143 apta,
775 2087 815 2145 a)
849 2087 990 2130 subter
1030 2087 1230 2131 ecclesiae
1265 2088 1548 2146 pavimentum
1591 2089 1641 2131 ad
1695 2088 1864 2131 modum

243 2161 425 2211 cryptae,
459 2169 505 2199 ac
539 2159 696 2200 etiamsi
740 2158 788 2200 ad
828 2171 875 2201 ea
909 2162 1045 2214 pateat
1077 2158 1213 2201 aditus
1255 2162 1372 2201 extra
1407 2157 1532 2212 illam,
1552 2156 1591 2215 b)
1626 2163 1701 2200 aut
1734 2171 1865 2216 supra

243 2226 472 2278 ecelesiam,
507 2227 739 2270 huiusmodi
793 2228 958 2272 «loca»
997 2227 1053 2272 ad
1085 2242 1205 2271 usum
1237 2242 1349 2271 mere
1378 2227 1609 2286 profanum
1657 2243 1708 2271 ne
1746 2227 1867 2271 adln'·

240 2295 427 2338 beantur.
462 2295 539 2349 Qui
584 2311 681 2341 usus
723 2299 993 2355 designantur
1034 2301 1073 2342 in
1116 2305 1219 2357 seq·
1250 2298 1365 2342 Dec·
1398 2301 1499 2342 iuris
1538 2305 1691 2355 praee·
1723 2297 1863 2343 Codici

242 2370 518 2423 congruentis.
539 2368 655 2412 Dec.⁰
678 2370 716 2412 S.
740 2368 888 2426 Congr.
908 2369 986 2413 Rit.
1003 2371 1017 2392 3
1042 2383 1282 2427 responsum
1303 2371 1379 2413 t'uit
1407 2385 1426 2410 c<
1447 2370 1497 2413 ad
1522 2368 1567 2412 V.
1588 2371 1796 2426 Negative
1815 2385 1863 2422 »ς

246 2451 413 2493 nempe:
454 2454 472 2478 «
496 2438 536 2481 Υ.
575 2439 735 2483 Licetne
768 2445 923 2497 partem
958 2440 1173 2493 adhibere,
1205 2453 1312 2498 quae
1345 2443 1451 2484 iacet
1482 2440 1625 2484 subter
1651 2442 1862 2497 pavimen-

244 2512 326 2549 tum
361 2509 558 2552 ecclesiae
593 2513 833 2566 praesertim
867 2516 1146 2566 consecratae,
1181 2516 1222 2554 ut
1253 2510 1474 2556 Cellarium
1509 2516 1549 2554 et
1581 2511 1694 2554 aliud
1728 2510 1865 2553 huius-

246 2578 368 2627 modi,
402 2579 450 2621 ad
487 2580 743 2623 retinendum
779 2580 831 2623 ibi
869 2583 962 2624 vina
995 2586 1034 2625 et
1066 2581 1167 2625 alias
1197 2594 1261 2624 res
1296 2594 1408 2624 mere
1443 2583 1648 2638 profanas,
1672 2581 1864 2637 quamvis

247 2647 381 2689 aditus
413 2649 462 2690 ad
490 2650 697 2704 praedicta
732 2650 817 2693 loca
841 2653 889 2693 sit
924 2656 1039 2695 extra
1072 2664 1224 2708 corpus
1245 2654 1350 2695 sacri
1388 2651 1638 2695 aedificii‘b)
1666 2648 1800 2706 Atque
1825 2652 1862 2692 in

249 2716 438 2760 (latacen.
457 2719 469 2740 ⁴
495 2719 542 2762 ad
568 2719 905 2775 supplicationem
939 2721 1252 2766 declarationis:
1282 2734 1370 2765 «an
1406 2722 1525 2765 liceat
1557 2720 1718 2764 clericis
1740 2721 1863 2762 semi·

366 2824 373 2843 ¹
408 2823 449 2855 14
478 2824 580 2867 Aug.
613 2824 713 2857 1891.
756 2845 795 2847 -
835 2824 848 2845 2
887 2824 988 2858 Ordo
1022 2826 1282 2861 servandus...
1312 2826 1405 2871 Cap.
1434 2825 1509 2860 VII
1532 2829 1607 2860 art.
1635 2824 1688 2858 IV
1714 2826 1772 2857 n.‘’
1797 2824 1863 2868 4.0,
1932 2827 1933 2830 ’

244 2868 327 2903 CO.
357 2868 450 2909 ]‚a4.
474 2889 515 2894 —
536 2871 549 2891 ³
568 2870 820 2904 Mechlinien.
844 2872 885 2904 11
904 2870 997 2905 Maii
1018 2872 1120 2915 1641,
1142 2884 1180 2908 n.
1200 2874 1306 2909 3157.
1324 2876 1395 2900 —4
1423 2875 1464 2907 11
1491 2872 1586 2907 Maii
1606 2872 1693 2906 1641
1714 2883 1751 2904 n.
1780 2871 1861 2906 756.
