1965 3240
696 112 778 146 Trr.
809 112 874 147 IX.
905 133 916 137 -
944 112 1000 146 De
1026 113 1192 146 ecclesiis
1715 113 1762 146 43

123 248 252 290 sacro,
289 233 331 286 b)
367 232 427 275 rel
459 232 668 284 sacrario,
705 232 812 289 ‹piod
850 233 905 274 uti
948 232 1261 274 «accessorium
1299 235 1485 273 naturam
1519 234 1634 289 sequi
1668 246 1761 275 con-

125 308 234 363 gruit
270 303 548 362 principalis»
575 303 602 352 ¹,
627 302 894 345 destinentur
927 302 1070 345 saltem
1106 315 1154 344 ex
1192 303 1417 344 intentione
1451 303 1730 349 otl'ercntium:

241 375 415 419 Demum
443 376 480 416 in
506 386 568 427 ea,
586 386 691 431 quae
715 374 839 417 oflicii
876 373 1151 429 parochorum
1177 386 1265 415 esse
1290 378 1446 415 constat
1472 387 1520 416 ex
1546 386 1636 417 can.
1658 374 1758 424 470,

124 447 341 491 videlicet:
376 446 424 487 60
461 444 503 487 lii
539 444 580 502 a)
614 444 900 502 scriptionem,
935 443 977 501 b)
1013 443 1347 502 dispas-ilionem‚
1382 448 1421 486 ct
1453 444 1493 501 c)
1528 444 1758 487 custodiam

123 517 324 560 librorum
346 514 673 574 paroecialimn,
713 531 729 555 ‹<
753 515 881 557 idest:
918 513 1009 557 libri
1053 513 1367 570 baptizatorum,
1406 516 1760 565 contirmatorum,

124 590 498 642 matrimoniorum,
533 586 838 641 defunctorum,
875 590 914 628 et
947 587 1071 628 etiam
1108 585 1158 628 de
1192 589 1299 627 statu
1334 587 1625 634 animarum»,
1661 585 1763 627 alio-

120 672 296 716 rumque
322 657 663 701 doeumeiilormn
690 671 809 714 qaae,
836 656 948 700 velut
986 672 1004 697 ((
1023 656 1322 712 Episcoporum
1359 655 1570 712 epistolae,
1598 655 1761 713 aliaque

122 731 381 773 necessitatis
418 719 705 771 vernulitatis
738 741 860 771 causa
896 728 1164 781 servanda»,
1198 726 1253 770 acl
1277 725 1492 769 ‹zi-ela'e‘mn
1520 726 1763 784 paroeciale

124 805 289 857 propter
323 802 541 857 paroeciae
574 800 977 843 administrationem
1003 798 1261 855 spiritualem
1297 811 1345 841 ac
1379 797 1648 853 temporalem
1672 811 1762 855 pei·-

121 871 295 916 (ineant.

240 943 308 985 36.
344 945 581 1000 Regimen
617 957 941 1000 personarum
977 944 1219 988 ecclesiae
1252 943 1620 987 inservientium
1657 943 1760 984 iuste

121 1028 289 1071 prorsus
324 1017 473 1058 rectori
509 1014 710 1058 ecclesiae
744 1014 1009 1057 adiudicatur
1033 1015 1071 1056 in
1097 1027 1188 1056 ean.
1214 1015 1340 1057 1185.
1367 1012 1557 1055 sacrista
1594 1017 1762 1068 propter

120 1087 334 1129 sacristiae
378 1098 521 1128 curam
567 1087 740 1142 eiusque
784 1085 1096 1141 dispositionem
1143 1083 1396 1126 materialem
1445 1085 1481 1125 in
1523 1083 1666 1125 ordine
1711 1082 1759 1125 ad

119 1157 291 1211 cultum,
319 1162 528 1209 estnlores,
552 1156 693 1200 clerici
731 1156 794 1199 vel
833 1156 1044 1210 laici,tum
1083 1158 1119 1197 in
1156 1155 1268 1198 cultu
1304 1157 1444 1198 stricte
1480 1154 1672 1210 liturgico
1697 1167 1762 1210 po-

121 1227 203 1284 puli
241 1230 353 1271 vices
396 1232 603 1283 gerentes,
639 1233 724 1271 tum
763 1229 798 1270 in
841 1227 952 1271 cultu
999 1226 1347 1283 extra-inurgico,
1383 1239 1639 1281 orqanorwn
1680 1239 1762 1268 mo-

118 1298 307 1350 derator,
332 1304 374 1342 ut
399 1298 640 1343 harmonice
666 1299 731 1342 illa
758 1299 893 1342 cultus
916 1298 1180 1355 splendorem
1205 1302 1384 1353 augeant
1410 1298 1761 1354 devotionemque

121 1370 258 1427 populi
287 1371 466 1425 foveant,
489 1370 614 1428 ymeri
637 1369 843 1423 chorales,
866 1372 903 1412 in
929 1362 1064 1413 officio
1083 1369 1226 1412 divino
1248 1368 1572 1411 ministerialiter
1591 1368 1758 1411 admissi

118 1442 285 1484 torsitan
314 1455 385 1498 pro
409 1446 546 1489 cantu*
573 1456 805 1499 campanae
829 1441 973 1485 tideles
998 1443 1212 1484 invitantis
1237 1439 1448 1498 pulsator,
1472 1439 1757 1497 sepalerorwn

119 1526 192 1569 pro
227 1512 410 1556 tidelium
445 1512 725 1556 cadaveribus
759 1512 1028 1555 inliumandis
1050 1512 1436 1570 fossores-‚quando
1461 1513 1758 1555 coemeterium

118 1597 138 1628 a
176 1590 375 1642 potestate
420 1585 598 1642 pendeat
641 1585 939 1637 ecclesiastica,
976 1584 1040 1628 vel
1087 1598 1159 1641 pro
1203 1584 1453 1641 sepeliendis
1492 1586 1529 1626 in
1569 1583 1759 1636 ecclesia,

119 1655 328 1713 ceterique
351 1656 627 1699 inservientes
655 1670 690 1701 r.
726 1670 788 1713 gr.
825 1658 862 1698 in
900 1658 1119 1699 missarum
1156 1654 1447 1709 celebratione,
1484 1657 1521 1697 in
1558 1654 1760 1697 munditia

118 1726 320 1770 ecclesiae
353 1727 551 1781 curanda,
587 1732 680 1778 etc,
715 1742 739 1769 a
773 1726 862 1770 solo
896 1725 1097 1769 eeclesiae
1138 1732 1314 1774 rectore,
1359 1726 1539 1769 scilicet:
1581 1725 1761 1768 exclusis

119 1796 453 1855 quibuscumque
487 1799 609 1841 etiam
646 1797 809 1841 clericis
837 1797 899 1840 vel
924 1796 1136 1841 sodalibus
1159 1797 1325 1841 Consilii
1352 1796 1547 1850 t'abricae,
1566 1795 1696 1838 salz-is
1721 1798 1758 1837 in

118 1871 373 1911 contrarium
409 1873 448 1923 a)
483 1868 686 1926 legitimis
710 1868 1099 1922 consaelmlinibus,
1121 1881 1228 1927 quae
1264 1868 1458 1911 videlicet
1494 1866 1760 1910 rationabiles

120 1940 272 1982 fuerint
295 1944 332 1983 et
359 1953 432 1996 per
466 1945 629 1997 tempus
665 1940 895 1997 legitimum
931 1944 1138 1993 servatae,
1172 1939 1213 1997 b)
1238 1945 1277 1982 et
1301 1937 1655 1991 conventionibus,
1680 1951 1757 1980 non

118 2023 225 2068 quae
258 2011 510 2054 concordata
545 2011 823 2068 appellantur,
848 2011 917 2055 sed
945 2014 1051 2054 inter
1075 2011 1301 2068 parochum
1338 2015 1599 2054 rcctoremve
1633 2009 1760 2053 eccle-

118 2084 202 2125 siae
236 2087 275 2125 et
309 2082 544 2138 praedictos
577 2082 749 2137 aliosve,
774 2097 837 2126 ex.
874 2096 1022 2126 causa:
1057 2084 1457 2131 confraternitatem,
1491 2080 1635 2137 supple
1664 2096 1684 2120 «
1704 2080 1758 2123 le-

118 2155 275 2209 gitimis
294 2169 313 2194 ))
353 2167 423 2197 seu
457 2154 507 2197 ad
544 2167 711 2198 normas
736 2159 967 2198 ceterorum
994 2167 1214 2209 canonum,
1241 2154 1278 2203 cl
1303 2158 1341 2195 et
1369 2152 1595 2195 (baioarii
1618 2156 1758 2194 aueto-

118 2223 250 2267 ritate
282 2225 331 2268 ad
368 2226 608 2269 statuendas
643 2226 909 2269 limitationes
943 2226 994 2270 ob
1030 2225 1316 2269 rationabilem
1360 2237 1543 2277 causam,
1576 2224 1756 2280 alioquin

118 2296 268 2352 singuli
306 2296 505 2352 praedicti
547 2312 567 2338 ((
587 2296 638 2341 ab
671 2297 872 2341 ecclesiae
906 2302 1066 2341 rectore
1086 2314 1123 2349 »,
1160 2302 1202 2340 ut
1235 2309 1358 2353 supra
1394 2296 1648 2339 declaratum
1685 2299 1756 2346 est,

119 2365 160 2422 a)
186 2367 473 2424 nominavim,
499 2368 757 2425 designando
791 2382 1008 2425 personam
1045 2374 1081 2412 et
1116 2368 1366 2411 conferendo
1390 2369 1425 2410 ei
1450 2366 1614 2424 aliquod
1643 2378 1758 2421 prae-

120 2438 327 2481 dictorum
362 2452 598 2494 munerum,
632 2439 675 2497 b)
703 2439 890 2498 pendent
925 2443 962 2483 in
989 2440 1135 2483 liorum
1172 2441 1385 2495 exercitio,
1410 2438 1449 2495 c)
1483 2437 1759 2480 diinillmitm·

120 2521 169 2551 ex
207 2509 400 2565 prudenti
434 2509 606 2553 arbitrio
639 2513 746 2554 sicut
784 2511 999 2555 domestici
1035 2524 1055 2554 a
1093 2509 1400 2567 patrefamilias.

239 2580 306 2624 37.
344 2582 416 2626 De
445 2583 669 2628 ecclesiis
698 2584 993 2639 reparandis
1017 2587 1074 2625 est
1101 2594 1195 2638 pars
1219 2580 1410 2624 rubricae
1436 2582 1493 2623 tit.
1515 2579 1584 2633 48,
1619 2578 1686 2622 lib.
1709 2578 1755 2621 lll

119 2649 414 2706 Decretalium‚
436 2654 553 2696 cuius
577 2655 709 2709 prima
739 2666 833 2709 pars
857 2652 992 2697 locum
1018 2652 1193 2706 obtinuit
1230 2653 1343 2694 initio
1378 2651 1499 2694 liuius
1532 2649 1636 2693 tituli
1662 2648 1758 2692 «De

121 2721 366 2766 ecclesiis».
402 2720 604 2767 Ordinem
640 2737 799 2779 eorum,
834 2726 902 2781 qui
938 2723 1259 2767 reficiendarum
1295 2722 1564 2765 ecclesiarum
1601 2720 1758 2777 obliga-

240 2874 251 2895 1
279 2873 376 2919 Reg.
404 2875 501 2908 iuris
527 2875 572 2909 7⁵2
599 2874 640 2908 in
667 2874 717 2908 60.
1515 2892 1528 2911 ο
