1965 3240
648 164 731 199 Tl'r.
764 166 870 200 XXI.
900 187 911 191 -
938 168 994 201 De
1021 170 1254 205 Sentinas-iis
1681 178 1747 213 301

123 282 324 333 tradatur,
357 282 477 326 modo
510 284 773 341 sinyulormn
807 285 976 343 inqem'o
1009 293 1047 329 et
1081 291 1214 331 (tetuli
1248 294 1549 348 perpendendis
1572 311 1750 339 siccomo-

117 352 233 404 date,
256 352 595 409 diliqenn'ssime,
620 360 759 412 utpote
785 359 953 400 maximi
980 362 1174 402 momenti
1199 363 1389 416 eruditio,
1414 365 1669 421 (assilit-elur:
1694 393 1744 398 -—

116 423 182 467 3⁰
214 422 404 481 Linyecas
428 429 513 468 tum
538 426 731 470 classicas
755 432 838 470 tum
866 428 1043 483 usuales,
1067 431 1137 473 sed
1160 434 1409 488 praesertim
1435 435 1611 479 lali'nam
1644 440 1747 481 inter

119 494 209 538 illas
241 494 403 538 clericis
436 498 603 538 omnino
637 500 928 552 necessariam,
962 505 1000 541 el
1031 501 1216 556 patriam
1254 505 1359 545 inter
1393 507 1487 547 istas
1530 506 1580 549 oh
1628 510 1744 551 mini-

116 567 229 608 sterii
255 565 574 621 praedicationis
606 580 653 610 ac
686 569 989 612 confessionum
1015 571 1315 614 audiemlarum
1343 574 1557 617 utilitatem
1585 577 1746 620 alumni

58 668 61 671 .
118 649 196 678 non
231 636 543 693 quomodolibet
567 637 639 680 sed
662 644 859 682 accurate
890 639 1175 688 (abbaram-1
1207 642 1387 695 «Quare
1423 645 1542 701 (idest
1580 653 1744 703 propter

117 708 298 749 rationes
322 706 475 750 ibidem
500 708 718 766 adductas)
746 711 783 752 in
810 710 1039 753 litterarum
1076 711 1195 765 ludis,
1231 713 1298 756 ubi
1323 728 1415 770 spes
1447 719 1552 758 sarri
1588 719 1743 760 ordinis

112 775 370 832 adolescunt,
403 780 715 822 accuratissime
748 793 938 824 sermone
973 780 1097 824 latino
1134 782 1324 826 volumus
1357 784 1544 827 alumnos
1575 789 1741 834 institui,

115 845 221 890 hanc
255 849 377 890 etiam
413 846 465 891 ob
498 860 678 901 causam,
714 863 762 893 ne
797 850 962 905 deinde,
995 865 1089 894 cum
1125 854 1175 895 ad
1212 855 1388 897 maiores
1421 855 1658 911 disciplinas
1681 872 1742 901 ae-

114 919 327 970 cesserim,
351 930 457 975 quae
483 918 606 962 latine
631 922 771 976 utique
795 926 834 964 et
858 921 1084 965 tradendae
1118 928 1155 965 et
1192 925 1483 980 percipiendae
1516 931 1623 980 sunt,
1660 929 1739 974 liat.

114 991 157 1030 ut
190 1000 288 1044 prae
311 991 515 1031 sermonis
540 991 699 1033 inscitia
725 990 886 1047 plenam
911 992 1195 1036 doctrinarum
1232 994 1543 1051 intelligentiam
1578 1001 1739 1055 assequi

113 1071 191 1101 non
227 1061 395 1115 possint,
420 1060 570 1103 nedum
596 1075 638 1104 se
663 1075 860 1105 exercere
882 1062 1140 1107 scholasticis
1164 1064 1242 1107 illis
1266 1065 1627 1121 disputationibus,
1650 1071 1738 1125 qui-

114 1127 188 1172 bus
221 1132 622 1185 egregie-iuvenum
661 1137 870 1175 acuuntur
902 1135 1066 1190 ingenia
1106 1135 1155 1177 ad
1206 1135 1488 1179 defensionem
1543 1140 1737 1181 veritatis.

110 1199 168 1243 lta
203 1202 282 1243 iam
317 1215 396 1244 non
431 1204 655 1259 continget,
689 1203 796 1260 quod
817 1206 982 1260 saepius
1014 1204 1203 1249 dolemus
1227 1208 1330 1261 lieri,
1365 1211 1407 1250 ut
1440 1211 1564 1250 nostri
1600 1208 1738 1252 clerici

107 1273 447 1331 sacerdotesque,
490 1269 583 1317 cum
620 1273 727 1317 haud
767 1277 865 1318 satis
898 1288 1048 1332 operae
1084 1276 1312 1320 litterarum
1351 1278 1568 1322 latinarum
1603 1280 1738 1322 studio

107 1340 315 1393 dederint,
350 1342 549 1400 neglectis
583 1343 747 1386 Patrum
776 1343 1081 1403 Doctorumque
1115 1345 1324 1390 Ecclesiae
1357 1349 1534 1403 copiosis
1570 1348 1739 1392 volumi-

109 1410 246 1466 nibus,
277 1413 426 1470 quihus
460 1413 571 1457 Fidei
606 1414 798 1471 dogmata
823 1415 1073 1459 exhibentur
1096 1430 1190 1460 cum
1215 1416 1397 1461 dilucide
1423 1420 1627 1474 proposita
1650 1424 1734 1462 tum

107 1483 264 1527 invicte
289 1484 471 1539 defensa,
507 1485 698 1528 idoneam
731 1485 807 1530 sibi
842 1486 1055 1530 doctrinae
1089 1490 1249 1544 copiam
1284 1501 1305 1531 a
1341 1488 1640 1532 recentioribus
1675 1503 1738 1546 pe-

105 1557 194 1597 tant
226 1554 479 1611 auctoribus,
516 1558 554 1598 in
588 1556 739 1613 quibus
772 1558 856 1600 t'ere
890 1571 969 1600 non
1006 1558 1127 1601 modo
1162 1561 1426 1615 perspicuum
1460 1559 1622 1602 dicendi
1664 1574 1732 1615 ge-

107 1637 183 1669 nus
215 1630 255 1669 et
286 1631 480 1669 accurata
513 1627 743 1670 disserendi
779 1630 881 1671 ratio
914 1628 1029 1685 solet,
1064 1629 1133 1672 sed
1170 1629 1302 1673 fidelis
1336 1633 1458 1673 ctiam
1493 1631 1730 1686 dogmatum

104 1698 390 1753 interpretatio
414 1697 641 1741 desiderari
661 1714 700 1740 )).
719 1725 774 1731 —
796 1698 846 1742 3⁰
864 1698 930 1742 Ea
953 1699 997 1742 in
1020 1700 1170 1742 ceteris
1192 1699 1433 1758 disciplinis
1459 1715 1497 1743 v.
1521 1715 1581 1757 gr.
1606 1704 1735 1744 scien-

104 1769 254 1811 tiarum
302 1768 567 1823 naturalium,
602 1769 866 1813 historiarum
903 1772 1183 1827 profanarum,
1218 1771 1485 1827 litteraturae,
1522 1772 1732 1815 institutio

102 1838 306 1882 tradatur
333 1839 513 1894 diversa,
548 1855 654 1898 qoecae
685 1855 834 1894 nempe
867 1842 1085 1885 conveniat
1117 1842 1158 1900 a)
1193 1843 1400 1886 communi
1432 1844 1612 1886 emmam
1649 1843 1730 1886 eul-

100 1913 240 1964 lurae,
272 1914 316 1953 ut
349 1910 614 1955 honorabiles
646 1918 872 1969 appareant
892 1915 929 1955 in
959 1915 1170 1967 societate,
1195 1913 1234 1969 b)
1259 1919 1297 1956 et
1330 1914 1463 1957 statui
1486 1914 1728 1957 elericorum

97 1980 152 2024 ad
187 1994 308 2038 quem
334 1982 522 2035 tendunt,
556 1983 601 2025 in
633 1982 804 2040 reqione
838 1983 906 2026 ubi
939 1983 1114 2037 almum,
1143 1989 1343 2042 quantum
1380 1985 1648 2041 praevidetur
1680 1998 1727 2028 ex

97 2054 330 2095 seminario
381 2053 491 2111 quod
541 2053 740 2107 incolunt,
783 2068 951 2098 sacrum
998 2055 1281 2098 ntim'sterium
1329 2070 1523 2098 effervere
1571 2055 1727 2100 debent.

99 2121 228 2166 Maior
263 2122 340 2166 hac
374 2136 452 2166 non
486 2123 797 2180 praescribitur,
833 2138 908 2169 nec
942 2128 1076 2170 minor
1109 2139 1232 2184 quam
1266 2129 1323 2170 sic
1359 2127 1631 2170 determinata
1667 2139 1730 2170 ca-

100 2195 218 2236 nonis
253 2192 402 2236 lineam
438 2196 670 2250 attingeret.

219 2263 316 2308 ⁶247.
356 2266 564 2322 Propria
597 2267 977 2314 Seminariorum
1011 2271 1189 2314 studia.
1227 2268 1282 2311 De
1316 2268 1501 2311 doctrina
1539 2270 1574 2310 in
1604 2269 1727 2311 Senti-

97 2335 224 2376 nariis
257 2334 459 2377 tradenda
492 2335 671 2379 edicitur
703 2339 741 2380 in
776 2343 904 2381 const.
944 2354 964 2379 «
990 2338 1186 2382 Pascendi
1214 2355 1232 2379 n
1272 2339 1327 2381 Pii
1365 2338 1398 2381 Χ
1431 2353 1460 2381 S.
1490 2353 1540 2383 m.
1567 2340 1604 2381 2;
1644 2354 1663 2378 «
1685 2342 1725 2380 ut

96 2403 355 2461 philosophia
389 2405 635 2450 scholastica
668 2407 900 2452 studiorum
924 2421 1138 2453 sacrorum
1164 2409 1475 2452 fundamentum
1508 2414 1724 2465 ponatur...

93 2478 135 2516 et
167 2487 261 2517 cum
295 2476 549 2534 sequendam
586 2479 923 2535 praescribimus,
947 2493 1037 2524 eam
1064 2483 1284 2537 praecipue
1316 2479 1595 2536 intelligimus,
1621 2492 1724 2536 quae

94 2556 116 2587 a
150 2544 188 2588 S.
223 2544 378 2595 Thema
411 2546 618 2605 Aquinate
651 2554 711 2593 est
746 2550 916 2594 tradita:
957 2551 1008 2594 de
1052 2564 1130 2608 qua
1174 2551 1373 2608 quidquid
1410 2563 1430 2593 a
1468 2550 1598 2593 Leone
1636 2549 1720 2592 Xlll

91 2617 296 2658 sancitum
331 2621 448 2672 est,...
483 2621 625 2663 stricte
658 2619 710 2663 ab
743 2621 936 2665 onmibus
968 2624 1128 2665 servari
1164 2623 1341 2665 iubetur.
1378 2647 1429 2651 —
1466 2620 1550 2663 Hoc
1578 2623 1628 2663 ita
1655 2634 1721 2676 po-

90 2687 169 2729 sito
209 2687 489 2744 fundamento,
533 2689 810 2748 theologicum
855 2693 1091 2736 aedilicium
1136 2697 1352 2736 extruatur
1393 2692 1720 2747 diligentissime.

88 2755 341 2813 Theologiae
374 2759 555 2803 studium
589 2763 646 2804 sic
682 2761 1013 2818 provehendum,
1050 2767 1089 2805 ut
1111 2762 1249 2806 clerici
1286 2776 1306 2805 e
1339 2763 1581 2805 seminariis
1604 2773 1718 2817 egre-

209 2910 220 2932 1
249 2909 330 2944 eit.
360 2910 433 2956 Ep.
461 2911 524 2946 Pu
551 2913 629 2947 PP.
659 2913 730 2948 XI.
761 2914 836 2949 cc.
867 2914 972 2955 ΧΠ,
997 2914 1080 2948 453.
1110 2936 1153 2940 —
1180 2916 1193 2937 2
1219 2916 1241 2949 s
1268 2915 1373 2959 Sept.
1404 2915 1503 2948 1907.
