1965 3240
211 147 256 179 30
447 143 529 175 Lus.
559 140 630 174 III.
659 160 671 165 -
700 140 808 174 PARS
834 139 884 172 ΙΙ.
914 159 926 163 -
953 139 1010 173 De
1037 139 1128 172 locis·
1154 140 1188 171 et
1215 137 1450 181 temporibus
1467 139 1592 170 saeris

213 262 423 306 cretalium
460 259 545 310 240,
580 258 662 313 lll),
697 257 762 300 ubi
798 257 932 300 lnnoc.
967 255 1017 298 ΙΙΙ
1050 257 1105 298 ait
1136 253 1466 310 Compostellano
1490 253 1826 311 Archiepiseopo.

218 332 502 386 «Proposuisti
537 329 646 386 qnod
685 326 944 370 venientibus
977 326 1026 369 ad
1061 325 1277 368 eeclesiam
1313 326 1351 368 S.
1388 324 1520 368 lacobi
1550 338 1598 368 ex
1644 325 1823 368 diversis

216 400 450 457 regionibus
484 400 724 455 peregrinis,
758 402 795 440 et
833 395 1064 443 volentibus
1096 395 1186 438 aliis
1219 394 1269 438 ab
1302 395 1393 438 aliis
1427 408 1499 445 ner
1531 397 1827 449 contentiones,

213 475 249 513 et
276 473 385 512 rixas
417 469 557 511 altaris
589 468 639 510 de
674 472 791 509 nocte
815 465 1044 509 custodiam
1073 465 1296 519 vindicare,
1324 464 1546 508 homicidia
1584 467 1828 521 contingunt

213 542 297 584 lieri
314 540 533 592 interdum,
553 543 591 581 et
609 537 828 594 aliqnando
851 536 1020 579 vulnera
1042 537 1282 579 inferuntur.
1305 534 1563 579 Fraternitati
1579 541 1672 579 tuae
1691 536 1827 579 taliter

215 610 530 667 respondemus:
565 608 672 666 quod
710 612 900 650 manente
934 606 1131 655 Ecclesia,
1180 612 1219 649 et
1267 606 1398 658 altari,
1450 609 1534 663 ipsa
1572 606 1828 650 reconciliari

215 683 361 737 poterit
395 694 465 736 per
498 692 645 736 aquam
681 691 773 721 cum
813 680 906 719 vino
940 682 979 720 et.
1011 681 1150 720 cinere
1186 677 1443 721 benedictam
1463 693 1503 729 »ς
1552 690 1658 735 quae
1693 690 1830 720 recon-

214 751 380 804 ciliatio,
405 756 444 793 ut
473 749 716 795 videbimus,
752 752 811 791 est
836 747 982 790 modus
1015 748 1230 791 auferendi
1266 748 1482 791 iuridicam
1515 748 1749 804 pollutionis
1772 760 1834 791 ec-

213 822 361 865 elesiae
385 823 744 876 maculam,atqiie
777 821 876 861 iuris
909 818 1080 861 effectus
1115 819 1208 861 inde
1241 824 1449 876 sequutos.
1485 819 1666 875 ldipsum
1701 823 1830 861 trans-

216 894 342 935 fertur
376 895 411 933 in
447 904 643 934 canonem
680 892 876 932 aientem:
919 888 956 931 1Ο
993 887 1168 937 Delicta,
1197 882 1328 932 ‘cuins
1365 892 1569 932 «nomine
1592 889 1835 945 intelligitur

215 968 382 1006 externa
418 967 454 1004 et
480 960 690 1003 moraliter
713 959 966 1016 imputabilis
988 959 1175 1016 (propter
1197 960 1468 1003 sufficientem
1494 960 1834 1004 deliberationem

215 1046 261 1076 ac
297 1031 567 1088 voluntatem)
603 1031 703 1086 legis
739 1031 919 1083 violatio,
953 1032 1017 1073 cui
1053 1030 1190 1073 addita
1215 1033 1264 1073 sit
1288 1034 1444 1074 sanctio
1467 1033 1664 1074 canonica
1688 1030 1831 1073 saltem

216 1104 569 1146 indeterminata»
608 1101 714 1154 (can.
752 1101 864 1144 2195
896 1101 924 1158 ἓ
963 1101 1016 1157 l),
1051 1106 1170 1157 prout
1206 1114 1352 1144 revera
1386 1107 1446 1145 est
1477 1102 1616 1145 addita
1662 1104 1699 1144 in
1743 1113 1832 1145 can.

218 1174 325 1215 23:54
367 1172 454 1216 (col)
493 1172 689 1215 delictum
741 1170 1014 1221 homicidii»,
1051 1184 1219 1227 nempe:
1269 1174 1441 1215 actionis
1488 1176 1697 1226 externae,
1745 1174 1834 1213 sive.

219 1244 446 1286 vulneratio
479 1245 541 1288 sit.
577 1245 665 1285 sive
698 1241 983 1298 strangulatio,
1021 1247 1104 1285 tum
1141 1254 1277 1292 manu,
1314 1247 1399 1285 tum
1443 1242 1625 1298 sclopeto
1659 1242 1832 1285 aliterve

218 1319 390 1370 ponatur
423 1326 559 1366 (ausa,
594 1313 819 1355 dummodo
853 1326 902 1355 ex
938 1324 985 1355 ea
1024 1328 1043 1352 ((
1064 1315 1101 1355 in
1137 1312 1311 1356 ecclesia
1347 1316 1515 1369 posita»
1555 1326 1666 1355 mors
1703 1312 1834 1355 homi-

218 1387 277 1426 nis
307 1389 503 1441 sequatur
535 1385 701 1426 forsitan
737 1385 854 1439 positi
889 1388 1005 1426 extra
1040 1383 1271 1430 ecclesiam,
1309 1397 1382 1426 nec
1415 1383 1635 1427 suicidinm
1672 1389 1732 1426 ost
1769 1397 1834 1426 ex·

216 1455 398 1506 clusum,
441 1481 486 1484 ---
523 1454 565 1497 20
600 1453 814 1497 Iniuriosu
849 1453 900 1496 ol)
937 1453 1188 1496 voluntatem
1226 1456 1262 1496 in
1298 1459 1445 1510 agente
1478 1467 1525 1497 ac
1575 1456 1635 1497 ius
1680 1454 1833 1497 laesum

217 1528 254 1568 in
291 1528 482 1581 patiente,
517 1530 554 1567 et
590 1530 757 1581 propter
789 1524 953 1580 culpam
1003 1527 1162 1580 agentis
1192 1525 1316 1581 yraci
1358 1525 1581 1579 sanqm'm's
1619 1525 1833 1582 eslicsione,

218 1601 257 1638 ut
292 1598 407 1651 copia
441 1598 652 1651 sanguinis
688 1607 813 1651 parva
849 1608 927 1637 non
962 1597 1025 1637 sit.
1074 1620 1130 1625 -—
1178 1593 1294 1647 Quae
1343 1597 1512 1638 canonis
1564 1595 1733 1638 «verba
1774 1599 1836 1639 ius

219 1670 334 1709 vetus
368 1679 414 1708 ex
453 1668 610 1721 integro
646 1667 825 1708 referunt
845 1680 864 1705 »
902 1664 1010 1720 (can.
1047 1667 1083 1716 6,
1120 1665 1428 1717 2⁰)seciiiiilu111
1455 1668 1832 1721 interpretationem

216 1737 381 1779 (llossae
415 1737 522 1792 apud
548 1741 736 1779 auctores
762 1735 952 1792 probatos
975 1740 1194 1791 receptam.
1223 1736 1454 1779 Bonifacius
1476 1738 1585 1779 enim
1613 1735 1697 1778 ΥΙΙΙ
1723 1736 1833 1779 illam

218 1820 381 1850 causam
417 1810 616 1862 expressit
638 1807 650 1828 1
686 1806 747 1849 his
783 1805 940 1849 verbis:
991 1807 1067 1849 «Si
1103 1806 1319 1849 ecclesiam
1355 1806 1479 1862 pollui
1522 1809 1734 1863 sanguinis
1766 1815 1836 1850 aut

218 1880 385 1920 seminis
418 1877 544 1934 (quod
585 1877 755 1920 verbum
794 1880 830 1919 in
866 1889 953 1919 can.
991 1877 1063 1919 l'nit
1097 1879 1310 1931 omissum)
1343 1877 1542 1919 effusione
1566 1880 1778 1934 contingat
1799 1894 1834 1921 ι).

219 1946 334 2000 Quod
369 1950 426 1989 sic
460 1960 480 1990 a
514 1946 655 1991 Glossa
680 1950 920 2003 exponitur:
961 1962 980 1987 ((
1003 1946 1150 1989 Pollm'.
1177 1947 1326 2001 Quoad,
1347 1949 1581 2003 opinionem
1607 1947 1836 2001 hominum,

219 2021 285 2075 qui
321 2032 408 2061 eam
445 2019 641 2075 polluunt.
676 2023 873 2076 quantum
926 2021 962 2061 in
998 2021 1056 2061 eis
1104 2023 1184 2063 est:
1229 2031 1334 2075 quae
1382 2022 1489 2061 enim
1539 2024 1631 2061 sunt
1680 2024 1835 2074 sancta,

220 2092 474 2146 coincpiiuari
509 2103 586 2132 non
624 2094 831 2145 possunt...
866 2094 905 2132 et
947 2088 998 2132 ol)
1031 2088 1107 2132 hoc
1143 2089 1246 2132 dico.
1291 2089 1399 2146 quod
1433 2092 1465 2132 si
1503 2089 1670 2145 pollutio
1714 2091 1836 2133 suerit

221 2160 392 2204 occulta,
429 2174 505 2202 non
541 2160 660 2203 debet
697 2160 1011 2203 reconciliari».
1062 2160 1174 2202 Sicut
1207 2172 1329 2215 supra
1366 2162 1403 2201 in
1438 2158 1588 2203 Codice
1622 2166 1835 2217 receptum

222 2235 292 2273 est.
333 2247 349 2269 «
372 2233 589 2285 Sanguinis
624 2230 796 2273 laninam
829 2236 865 2272 el
901 2230 1106 2272 iniuriose
1139 2231 1268 2272 ell'usi.
1319 2229 1434 2273 Unde
1466 2233 1498 2272 si
1535 2230 1587 2273 1111
1622 2232 1836 2274 occidatur

222 2303 345 2345 canis,
384 2301 444 2343 rel
481 2302 685 2344 humanus
717 2303 884 2357 sanguis
916 2313 1011 2343 casu
1047 2300 1296 2353 effundatur,
1332 2301 1392 2343 vet
1428 2303 1459 2343 si
1494 2304 1585 2357 quis
1619 2301 1673 2345 ibi
1708 2304 1834 2345 minu-

224 2374 370 2414 tionem
408 2375 541 2425 t'aciat,
576 2372 757 2415 Ecclesia
783 2386 859 2414 non
885 2376 943 2414 est
968 2371 1316 2415 reconcilianda...
1351 2371 1396 2414 Et
1421 2374 1451 2414 si
1478 2378 1593 2415 extra
1617 2373 1834 2416 ecclesiam

227 2442 462 2484 rulncratus
493 2442 541 2484 ad
577 2442 793 2485 ecclesiam
831 2444 969 2498 l'ugiai.
994 2446 1031 2483 et
1056 2440 1110 2484 ibi
1144 2434 1386 2497 sanguinem
1432 2447 1612 2498 spargat,
1659 2455 1737 2485 non
1775 2454 1829 2484 re-

223 2512 463 2554 conciliatur
496 2513 682 2563 ecclesia,
715 2526 834 2555 secus
866 2526 886 2555 e
917 2497 1139 2559 contrario,
1178 2511 1238 2553 vel
1273 2525 1367 2554 cum
1400 2515 1642 2569 sanguinem
1682 2511 1837 2567 colligit

226 2584 260 2622 iu
296 2582 506 2624 ¹scutella...
542 2583 618 2625 §ed
655 2583 751 2639 quid
787 2585 817 2625 si
853 2587 1018 2625 sanctus
1055 2584 1116 2623 vir
1141 2581 1192 2624 ibt
1219 2583 1443 2637 occidatur,
1470 2583 1669 2640 numquid
1696 2595 1836 2625 recon-

224 2650 385 2693 ciliatur
419 2652 622 2695 ccclesia?
660 2651 828 2695 Videtur
861 2652 968 2709 quod
1003 2653 1075 2705 sic,
1099 2654 1192 2707 quia
1219 2654 1304 2694 iura
1332 2653 1565 2696 indistincte
1598 2653 1834 2709 loquuntur:

226 2725 261 2762 et
296 2721 533 2763 sceleratius
556 2727 613 2764 est
636 2725 785 2765 iustum
822 2727 858 2765 et
893 2727 1079 2765 sanctuni
1116 2722 1321 2768 occidere,
1358 2736 1478 2780 quam
1516 2725 1769 2775 iniustum,...
1797 2724 1834 2764 in

341 2874 349 2893 ¹
378 2872 466 2915 Cap.
498 2884 561 2906 1111.
589 2872 633 2907 de
660 2874 950 2907 consecratione
978 2873 1162 2908 ecclesiae
1189 2875 1247 2908 vel
1276 2875 1427 2915 altaris,
1458 2875 1522 2909 tit.
1540 2873 1685 2915 21‚1ib.
1714 2873 1785 2907 III.
