1965 3240
631 183 714 217 ΤιΤ.
742 184 854 222 XXI.
883 205 896 210 -
921 185 978 220 De
1003 187 1237 223 *S'eininurz'is
1673 196 1743 230 297

238 300 265 358 g·
299 300 335 343 <2.
373 300 417 343 Si
451 300 482 343 ii
515 301 768 359 confessarii
805 308 940 346 «extr
943 305 1166 348 1‹›=·din·11·ii
1196 323 1211 347 )
1251 308 1295 366 (3³
1332 310 1370 365 1)
1405 317 1527 353 arlia
1563 312 1748 356 8-(ιηιηιι

122 371 231 415 rium
264 371 419 427 dequn!
452 372 520 415 (liu
557 378 763 430 noctuque
796 379 834 416 el
867 373 1062 417 alumnus
1105 376 1287 434 ali'»qu(1n
1330 394 1469 423 (muni
1510 383 1641 425 occini
1673 398 1745 427 scu

123 445 261 487 vocari
296 442 541 500 obligatorie
572 443 770 501 postulet,
804 449 841 497 i)
876 444 995 487 illuni
1030 452 1167 489 ’θρίοι-
1199 457 1399 498 incessu!
1396 457 1456 505 ‹)
1483 452 1597 495 nullo
1629 453 1746 496 modo

120 515 278 558 directo
315 514 377 557 vei
405 514 604 564 indirecto
625 515 846 573 petitionis
868 516 1077 559 rationem
1103 517 1319 575 inquirens
1345 520 1385 572 b)
1410 536 1538 579 neque
1559 538 1601 564 se
1623 538 1750 581 (φφ-θ

123 583 165 627 id
186 583 302 641 ferre
324 582 633 639 demonstrans,
667 591 708 628 ut
743 598 817 629 nec
851 588 1021 629 minime
1055 587 1275 632 ‹litlicultas
1300 590 1421 633 liuius
1446 595 1652 647 petitionis
1676 607 1747 637 au-

122 660 290 712 geatur,
315 669 336 698 e
359 660 525 699 contra:
560 656 598 698 si
619 656 788 713 supple:
819 672 839 697 ((
864 659 889 699 ii
913 659 1151 701 confessarii
1173 674 1192 699 J)
1223 659 1265 702 in
1290 660 1526 705 Senn'mirio
1550 663 1749 717 lmhilenl,

123 729 236 787 ipsos
267 727 366 785 (qua
402 727 502 770 tales
537 732 579 770 ut
610 730 871 784 supponitur)
906 727 1103 771 alumnus
1136 728 1264 772 libere
1296 730 1417 773 adire
1445 739 1595 789 polest,
1632 734 1750 777 sulcu

122 798 353 843 Seminarii
384 797 613 856 disciplina
647 799 698 842 dc
731 801 1040 843 communitatis
1072 799 1233 843 actibus
1268 802 1577 859 frequentandis
1614 805 1674 848 vel
1700 805 1750 848 (le

122 870 287 914 horario
319 869 648 927 derelinquendo
682 883 775 913 cum
812 869 989 913 licentia.
1025 896 1078 901 —
1115 870 1218 915 Hinc
1250 875 1437 929 sequitur
1470 877 1577 930 quod
1604 876 1748 918 eodem

123 940 245 984 modo
284 955 304 981 <t
327 940 443 984 adire
479 944 653 996 potest»
692 942 800 996 ipsos
832 941 1104 984 advenientes
1133 943 1170 984 in
1197 943 1472 987 Seminarium
1510 946 1675 989 forsitan
1700 960 1748 989 ex

122 1011 279 1055 alumni
316 1013 545 1055 vocatione.
1052 1057 1055 1059 ,

241 1083 412 1139 Propter
440 1098 459 1123 «
483 1084 785 1127 sacramentale
807 1084 989 1140 sigillum
1015 1084 1254 1129 inviolabile
1280 1102 1298 1127 ))
1328 1086 1436 1144 (can.
1458 1087 1573 1144 889),
1594 1092 1633 1131 et
1655 1090 1750 1146 quia

126 1157 338 1198 «omnino
373 1153 604 1211 prohibitus
636 1159 697 1198 est
735 1156 985 1199 confessario
1025 1169 1123 1199 usus
1165 1159 1362 1201 scientiae
1406 1171 1455 1201 ex
1497 1159 1752 1202 consessione

121 1228 349 1284 acquisitae
372 1241 392 1267 »
431 1224 539 1283 (cau.
575 1225 693 1283 890),
727 1231 872 1283 sponte
906 1226 994 1270 ssuit
1021 1226 1050 1285 ξ
1074 1227 1111 1271 3.
1141 1226 1317 1280 Quamlo
1342 1228 1488 1286 aqilur
1510 1228 1560 1271 (le
1582 1229 1753 1272 alumno

121 1296 177 1341 ad
208 1295 379 1341 ordines
412 1296 689 1349 admittendo,
722 1300 816 1355 quia
843 1299 899 1341 uti
924 1297 1117 1341 laudatur
1151 1300 1189 1341 iu
1222 1298 1350 1355 Epist.
1384 1300 1539 1343 Secret.
1563 1300 1751 1343 Status²z

127 1368 367 1423 «conditio,
401 1380 507 1426 quae
541 1381 591 1412 ex
627 1373 741 1425 parte
774 1369 992 1412 ordinandi
1028 1368 1150 1413 debet
1184 1370 1352 1413 attendi.
1377 1383 1566 1427 quaeque
1593 1372 1753 1414 vocatio

120 1440 391 1484 sacerdotalis
423 1439 669 1496 appellatur,
693 1452 955 1497 nequaquam
990 1442 1189 1493 consistit,
1213 1440 1357 1483 saltem
1383 1443 1616 1483 necessario
1640 1445 1677 1484 et
1701 1441 1753 1484 de

122 1511 213 1568 lege
245 1511 469 1566 ordinaria,
506 1513 544 1554 in
580 1513 739 1554 interna
773 1511 953 1568 quadam
998 1511 1278 1568 adspiratione
1317 1510 1507 1567 subiecti,
1540 1525 1611 1554 seu
1647 1513 1750 1554 iuvi-

121 1585 315 1626 tamentis
337 1582 515 1638 Spiritus
536 1583 689 1636 Sancti,
713 1582 762 1625 ad
787 1582 1066 1625 sacerdotium
1093 1582 1318 1625 ineundum
1344 1598 1382 1631 »,
1408 1581 1470 1624 rel
1497 1598 1516 1622 «
1541 1581 1746 1625 alumno»

121 1667 143 1696 e
175 1653 413 1696 Seminurio
446 1652 706 1711 expellendo,
742 1655 780 1696 in
815 1653 1015 1696 alterutro
1049 1665 1147 1696 casu
1180 1655 1398 1696 eveniente
1424 1666 1635 1710 nunquam
1664 1666 1751 1695 con-

119 1722 399 1782 fessariorum
431 1724 737 1767 ordinariorum
774 1724 838 1767 vel
873 1724 1300 1767 extraordinariorum
1328 1729 1460 1767 colunt
1485 1723 1750 1781 exquiratuiz

120 1794 383 1839 Contrarium
416 1797 526 1838 enim
562 1795 661 1838 nihil
696 1795 806 1838 aliud
842 1799 949 1839 esset
982 1808 1106 1853 quam
1141 1798 1311 1838 tentatio
1356 1797 1525 1838 minime
1560 1794 1672 1838 utilis
1704 1806 1752 1838 ac

122 1865 399 1923 reprobanda.

242 1937 338 1980 244.
375 1940 603 1985 Conditio
647 1941 1038 1997 recipiendorum
1076 1941 1294 1996 gratuito
1329 1941 1375 1984 in
1415 1939 1751 1984 Seminarium.

120 2006 242 2052 Conc.
277 2007 387 2052 Trid.
423 2009 518 2067 (loc.
553 2009 640 2067 cit.)
674 2012 751 2054 ait:
793 2010 886 2055 «Ut
922 2024 1019 2054 vero
1054 2012 1092 2053 in
1127 2009 1271 2053 eadem
1307 2008 1523 2065 disciplina
1557 2007 1749 2051 ecclesia-

120 2081 222 2122 stica
255 2080 515 2124 commodius
548 2083 827 2136 instituantur,
863 2085 1031 2124 tonsura
1064 2083 1359 2137 statim,atque
1393 2079 1533 2122 habitu
1569 2078 1749 2122 clericali

120 2163 284 2207 semper
319 2156 485 2195 utentur
508 2167 545 2197 2).
583 2151 624 2195 ld
659 2152 903 2196 conceditur
926 2165 999 2209 per
1024 2152 1191 2195 modum
1217 2151 1473 2207 exceptionis
1500 2149 1549 2192 ad
1577 2151 1748 2192 vetitum

121 2225 159 2265 in
185 2235 274 2267 cau.
302 2222 400 2277 683,
425 2222 534 2266 illius
569 2227 704 2266 tamen
729 2226 948 2267 occasione
972 2223 1127 2267 utiliter
1152 2225 1306 2279 positus
1329 2226 1387 2264 est
1413 2220 1477 2263 liic
1501 2234 1592 2262 ean.
1618 2220 1748 2262 1363.

121 2292 297 2337 Reditus
329 2293 461 2352 leyali
493 2293 569 2338 hac
612 2293 689 2338 sub
732 2293 844 2337 tiuali
888 2294 1125 2337 conditione
1155 2306 1232 2351 pro
1266 2291 1431 2334 clericis
1465 2288 1749 2344 inslituendis,

122 2368 287 2422 proprie
319 2365 441 2409 dictis
477 2381 497 2406 c(
521 2367 590 2422 qui
623 2365 777 2408 (livinis
803 2367 1041 2408 ministeriis
1066 2377 1137 2421 per
1162 2366 1334 2420 primam
1359 2361 1503 2405 saltem
1540 2365 1747 2403 tonsuram

123 2438 343 2492 mancipati
377 2440 471 2480 sunt
494 2452 514 2477 ))
551 2434 656 2489 (can.
694 2435 790 2491 108,
813 2436 841 2494 ξ
866 2436 922 2493 1),
957 2435 1088 2484 tjrz'bui
1117 2439 1307 2492 possunt,
1336 2448 1355 2473 ((
1380 2444 1609 2488 pauperum
1634 2442 1746 2486 prae-

120 2509 241 2563 cipue
274 2506 368 2550 filiis
390 2523 411 2548 »
451 2506 593 2564 (Conc.
628 2506 739 2550 Trid.
774 2507 848 2551 loc.
883 2508 972 2562 cit.)
1008 2511 1202 2563 tauquam
1247 2502 1431 2546 alumnis
1476 2502 1515 2544 in
1563 2500 1749 2543 Semina-

120 2577 232 2620 rium
254 2577 341 2620 sive
371 2577 510 2620 maius
542 2577 628 2620 sive
660 2577 814 2630 minus,
840 2591 919 2621 non
945 2577 1132 2621 obstante
1156 2575 1264 2633 quod
1293 2574 1368 2617 lioc
1392 2575 1441 2615 sit
1471 2588 1489 2611 «
1516 2586 1587 2628 pro
1614 2573 1751 2627 pueris

120 2648 352 2692 litterarum
395 2650 567 2691 scientia
611 2647 890 2692 imbuendis»
927 2649 1033 2705 [can.
1071 2647 1196 2699 1354,
1231 2652 1254 2699 ᾗ
1291 2644 1346 2701 2),
1389 2643 1459 2686 sed
1504 2644 1542 2697 a}
1574 2641 1655 2683 rile
1698 2640 1747 2683 ad

120 2731 308 2763 normam
341 2723 444 2776 seq.‘
476 2721 646 2762 canonis
678 2719 870 2776 receptis,
895 2719 1067 2776 proinde
1091 2719 1270 2774 gratuito
1298 2715 1360 2758 vel
1387 2713 1520 2756 media
1556 2713 1749 2768 pensione

119 2789 293 2843 alendis,
329 2788 422 2832 (ieet
457 2787 640 2832 nondum
672 2788 863 2832 clericali
896 2794 1070 2833 tonsura
1106 2786 1304 2837 iniliatis,
1339 2789 1375 2827 ct
1416 2784 1491 2826 hoc
1537 2782 1658 2824 modo
1696 2794 1745 2823 ex

240 2945 250 2966 ¹
277 2945 299 2977 2
325 2943 401 2978 Iul.
430 2943 532 2983 1912,
560 2942 636 2977 CO.
661 2942 728 2978 IV.
757 2942 839 2977 485.
