1965 3240
158 135 226 169 460
299 133 384 167 L1B.
413 133 482 166 III.
509 152 520 158 -
548 133 658 166 PARS
685 133 728 168 V.
755 153 766 158 —
793 133 850 169 De
873 134 994 177 benef.
1021 137 1055 169 et
1081 136 1207 169 instit.
1248 135 1372 169 eccles.
1398 145 1479 169 nou
1504 136 1635 181 colleg.

159 253 358 310 prehendi
391 252 468 297 sub
501 253 678 310 canone)
711 254 927 310 impedire,
960 267 1011 297 ne
1043 253 1094 297 al)
1127 255 1188 305 iis,
1222 253 1271 297 ad
1296 267 1398 311 quos
1430 256 1519 298 iure
1557 257 1780 312 pertinent,

159 325 466 380 percipiantur:
501 325 577 368 is...
609 326 642 367 si
676 324 863 368 eiusdem
902 323 1102 368 ecclesiae
1141 329 1335 381 patronus
1372 326 1508 380 fuerit,
1540 328 1664 369 etiam
1689 328 1780 370 iure

158 398 412 451 patronatus,
461 393 567 437 ultra
618 395 850 450 praedictas
898 394 1090 452 (ibidem)
1142 407 1305 451 poenas,
1355 409 1402 439 eo
1450 398 1538 452 ipso
1593 398 1782 452 privatus

154 466 354 508 existat».

274 533 460 592 Denique
492 533 689 578 delictum
727 539 873 591 quarto
897 534 986 578 loco
1020 534 1087 577 hic
1112 536 1287 590 positum
1313 537 1524 579 invenitur
1547 538 1585 579 in
1610 549 1700 593 cap.
1726 537 1781 580 12

154 605 204 648 de
241 607 382 661 poenis
415 603 480 658 (V,
516 605 587 661 37)
622 604 689 649 ubi
724 605 897 648 dicitur:
937 605 1093 648 «Sacri
1131 604 1400 649 nihilominus
1431 605 1602 650 Concilii
1635 619 1780 664 appro-

155 675 318 719 batione
350 677 569 719 statuimus
603 676 676 726 (ait
708 675 845 719 lnnoc.
872 675 956 732 111),
990 679 1193 732 quatenus
1225 678 1256 718 si
1293 679 1494 732 patroni...
1519 676 1694 720 alicuius
1717 690 1781 720 ec-

153 745 316 801 clesiae,
352 751 553 789 rectorem
588 745 653 789 vel
678 746 876 790 clericum
911 745 1036 789 alium
1072 745 1258 789 eiusdem
1287 747 1500 803 ecclesiae,
1536 761 1608 803 per
1645 760 1688 791 se
1715 747 1777 791 vel

154 830 226 873 per
258 816 360 860 alios
392 817 595 867 occidere,
630 817 695 860 vel
730 817 922 860 mutilare
955 829 1056 860 ausu
1096 817 1270 860 nefando
1304 820 1669 874 praesumpserint,
1708 830 1776 875 pa-

152 890 257 931 troni
293 890 355 931 ius
388 892 672 944 patronatus...
707 901 875 944 prorsus
909 889 1110 930 amittant.
1147 913 1198 917 ——
1234 887 1283 931 Et
1316 901 1365 931 ne
1400 891 1536 932 minus
1554 889 1780 943 vindictae,

152 971 276 1016 quam
310 972 505 1002 excessus
551 961 748 1002 memoria
794 963 1099 1015 prorogetur...,
1134 959 1184 1002 de
1219 961 1454 1015 praemissis
1497 959 1596 1002 nihil
1632 973 1776 1016 perve—

151 1031 235 1072 niat
274 1029 324 1072 ad
374 1028 611 1072 heredes».
648 1032 759 1072 Haec
792 1031 1027 1072 accuratius
1062 1031 1189 1085 posita
1224 1033 1318 1072 sun't
1351 1032 1388 1072 in
1426 1042 1583 1074 canone
1607 1032 1661 1073 ita
1686 1043 1778 1086 pro-

149 1105 375 1157 sequente:
409 1099 447 1142 si
484 1105 770 1156 «patronus»
807 1105 1012 1142 rectorem
1043 1099 1106 1142 vel
1154 1099 1287 1143 alium
1334 1100 1531 1143 clericum
1568 1117 1590 1142 «
1612 1101 1663 1145 oh
1696 1104 1776 1158 pri-

150 1183 260 1214 mam
285 1170 427 1214 saltem
454 1175 706 1213 tonsuram»
746 1169 855 1227 (can.
885 1170 979 1225 108,
1013 1170 1041 1228 ἓ
1065 1169 1107 1227 1)
1132 1170 1331 1213 ecclesiae
1354 1175 1594 1228 patronatus
1616 1174 1676 1215 sui
1696 1185 1781 1215 ser-

152 1240 250 1283 vitio
285 1239 501 1283 addictum
532 1239 677 1283 saltem
712 1241 763 1284 de
796 1242 902 1284 l'acto
945 1241 1016 1283 sed
1061 1254 1154 1284 cum
1199 1240 1336 1299 aliqua
1380 1244 1679 1298 permanentia,
1703 1248 1777 1285 aut

148 1309 459 1367 beneficiarium
488 1313 642 1367 pariter
685 1313 724 1353 in
769 1310 970 1355 beneficio
1016 1316 1255 1368 patronatus
1288 1311 1397 1355 illius
1426 1326 1503 1370 per
1534 1326 1578 1355 se
1609 1313 1673 1356 vel
1700 1326 1780 1371 per

149 1380 258 1424 alios
291 1381 499 1438 mandato,
534 1382 691 1425 efficaci
727 1381 911 1436 consilio,
945 1381 1146 1425 occiderit
1169 1382 1231 1425 cel
1255 1382 1530 1434 mutilaverit,
1556 1388 1677 1440 prout
1699 1383 1777 1428 hae

148 1454 331 1495 actiones
364 1451 600 1495 declaratae
634 1453 800 1495 luerunt
832 1453 881 1496 ad
918 1465 1008 1496 can.
1044 1453 1141 1496 985.

266 1522 491 1576 (janonem,
523 1536 647 1580 quem
671 1529 1018 1579 commentamur,
1043 1540 1065 1564 «
1089 1526 1151 1567 ius
1176 1528 1295 1567 vetus
1317 1538 1365 1567 ex
1392 1527 1552 1581 integro
1577 1527 1730 1569 referre
1748 1541 1772 1567 ³>

150 1594 257 1650 (can.
294 1596 333 1649 li,
368 1593 441 1650 ⁶2⁰),
474 1598 650 1637 testatur
682 1596 707 1646 ξ
737 1596 781 1638 2.
818 1593 995 1654 Propter
1028 1594 1209 1637 erimina
1241 1595 1463 1651 declarata,
1498 1609 1570 1639 seu
1602 1596 1652 1639 de
1684 1598 1774 1654 qui-

147 1664 281 1707 busiu
313 1665 341 1723 ξ
374 1667 410 1719 1,
443 1679 484 1707 u.
517 1667 547 1707 6
579 1667 732 1721 agitur,
766 1665 832 1708 ius
863 1670 1119 1723 patronatus
1152 1668 1358 1722 integrum
1383 1666 1543 1710 amittit
1564 1666 1679 1710 solus
1699 1681 1773 1726 pa-

149 1742 293 1778 tronus
325 1749 439 1789 reug,
471 1748 552 1793 qua
586 1736 856 1792 distinguitur
889 1749 911 1779 a
946 1739 1226 1792 compatronis
1250 1742 1289 1779 et
1311 1737 1622 1781 successoribus
1645 1740 1683 1781 in
1708 1751 1774 1782 co-

146 1806 239 1849 dem
275 1808 378 1860 iure,
412 1811 462 1861 et,
498 1805 544 1849 ob
578 1805 776 1849 delictum
825 1809 1044 1850 occisionis
1086 1820 1158 1850 seu
1193 1807 1461 1851 mutilationis
1495 1813 1705 1866 postremo
1730 1809 1775 1852 il-

146 1877 223 1920 lius
256 1876 385 1919 1111111.ί
418 1882 625 1920 commate
664 1882 936 1920 memoratum
976 1890 1025 1920 ex
1060 1880 1148 1921 iure
1182 1890 1333 1934 praec„
1377 1878 1467 1921 eius
1499 1879 1779 1937 delinquentis

147 1949 306 2004 patroni
355 1961 515 2004 quoque
568 1960 639 1990 seu
689 1961 784 1991 cum
832 1949 919 2004 ipso
970 1946 1153 2004 heredes,
1205 1950 1243 1991 in
1294 1952 1628 2005 inrepatronatus
1675 1963 1776 2008 ergo

147 2017 261 2061 reali.

263 2088 539 2131 Amissionem
575 2090 676 2132 iuris
708 2092 949 2145 patronatus
982 2102 1031 2132 ex
1067 2089 1217 2133 delicto
1251 2091 1406 2133 incurri
1441 2093 1528 2134 iure
1552 2093 1639 2148 ipso
1663 2096 1774 2148 patet

151 2171 245 2201 «ex
282 2158 504 2202 verborum
541 2161 707 2215 propria
740 2159 1086 2216 significatione»
1122 2162 1229 2216 (can.
1265 2161 1350 2217 182),
1382 2161 1452 2204 sed
1497 2174 1592 2205 cum
1625 2167 1772 2219 agatur

146 2230 197 2272 de
231 2230 304 2272 lori
339 2231 500 2273 externi
534 2229 749 2274 effectibus
782 2235 903 2273 cavet
936 2232 1047 2274 circa
1082 2231 1250 2274 modum
1296 2231 1546 2287 procedendi
1578 2232 1606 2290 ἓ
1636 2235 1678 2276 3.
1722 2232 1772 2276 Ut

145 2313 196 2342 eoe
228 2299 394 2342 delictis
428 2303 594 2356 proprie
627 2300 748 2344 dictis
780 2300 831 2343 ad
871 2313 1058 2344 normam
1094 2314 1184 2345 can.
1220 2302 1349 2356 (2195,
1381 2301 1439 2359 (et
1471 2315 1577 2359 quae
1615 2319 1635 2344 «
1659 2302 1769 2347 obie-

145 2375 254 2413 ctum
291 2370 433 2413 iudicii
467 2375 564 2414 suut
586 2386 607 2410 ›>
645 2383 735 2414 can.
771 2371 899 2425 1552,
931 2371 1036 2429 ἓξ),
1070 2372 1328 2414 enumerans
1361 2372 1559 2429 implicite
1591 2374 1636 2416 111
1668 2374 1695 2431 ᾗ
1733 2376 1769 2427 1,

146 2454 184 2483 u.
217 2442 260 2486 6,
297 2441 472 2497 patroni
505 2453 585 2498 qua
625 2440 727 2484 tales
761 2446 1012 2484 censeantur
1045 2444 1083 2484 in
1118 2442 1205 2485 soro
1239 2446 1410 2485 externo
1434 2443 1772 2501 iuspalrouucus

145 2513 231 2566 ipso
276 2512 382 2553 t'acto
425 2513 613 2554 criminis
647 2513 726 2554 iam
761 2516 982 2567 cessatum,
1033 2512 1206 2568 proinde
1247 2512 1474 2561 amississe,
1516 2513 1768 2571 requiritur,

144 2580 252 2623 unde
295 2581 612 2624 extraiudiciale
655 2581 870 2625 decretum
915 2584 1189 2639 incongruum
1236 2587 1309 2634 est,
1349 2589 1387 2626 et
1420 2587 1587 2627 econtra
1620 2583 1770 2641 sufficit

143 2652 366 2705 sententia,
398 2665 471 2696 seu
509 2652 738 2709 «legitima
774 2655 1062 2708 pronunciatio
1095 2665 1175 2711 qua
1212 2653 1336 2697 iudex
1369 2666 1536 2697 causam
1560 2667 1581 2697 a
1606 2654 1766 2711 litigan-

144 2721 251 2765 tibus
271 2724 522 2778 propositam
541 2727 580 2766 et
599 2721 780 2766 iudiciali
807 2723 927 2766 modo
952 2728 1246 2779 pertractatam
1265 2724 1408 2767 delinit
1425 2740 1446 2765 ))
1485 2724 1593 2781 (can.
1619 2725 1765 2782 1868),

145 2795 183 2834 in
217 2804 314 2835 casu
348 2797 483 2836 tamen
520 2806 597 2836 non
632 2793 972 2837 condemnatoria
1004 2794 1055 2837 ad
1090 2793 1196 2837 hanc
1229 2796 1509 2848 amissionem,
1532 2795 1602 2838 sed
1627 2794 1764 2838 deela-

145 2862 310 2904 rutoria
342 2865 527 2906 criminis
560 2866 767 2906 causantis
791 2863 916 2906 illam.
