<?xml version="1.0" encoding="UTF-8"?>
<!DOCTYPE html PUBLIC "-//W3C//DTD XHTML 1.0 Transitional//EN"
    "http://www.w3.org/TR/xhtml1/DTD/xhtml1-transitional.dtd">
<html xmlns="http://www.w3.org/1999/xhtml" xml:lang="en" lang="en">
 <head>
  <title>
</title>
<meta http-equiv="Content-Type" content="text/html;charset=utf-8" />
  <meta name='ocr-system' content='tesseract 3.04.00' />
  <meta name='ocr-capabilities' content='ocr_page ocr_carea ocr_par ocr_line ocrx_word'/>
</head>
<body>
  <div class='ocr_page' id='page_1' title='image "./commentariumtext03blatuoft_0563.png"; bbox 0 0 1965 3240; ppageno 0'>
   <div class='ocr_carea' id='block_1_1' title="bbox 571 166 1727 211">
    <p class='ocr_par' dir='ltr' id='par_1_1' title="bbox 571 166 1727 211">
     <span class='ocr_line' id='line_1_1' title="bbox 571 166 1727 211; baseline 0 -1"><span class='ocrx_word' id='word_1_1' title='bbox 571 176 656 210; x_wconf 77' lang='grc' dir='ltr'>ΤιΤ.</span> <span class='ocrx_word' id='word_1_2' title='bbox 685 174 837 209; x_wconf 88' lang='grc' dir='ltr'>ΧΧΙΧ.</span> <span class='ocrx_word' id='word_1_3' title='bbox 868 195 879 200; x_wconf 94' lang='grc'>-</span> <span class='ocrx_word' id='word_1_4' title='bbox 906 174 963 210; x_wconf 88' lang='lat' dir='ltr'>De</span> <span class='ocrx_word' id='word_1_5' title='bbox 991 166 1269 209; x_wconf 50' lang='lat' dir='ltr'>contractibus¹</span> <span class='ocrx_word' id='word_1_6' title='bbox 1657 177 1727 211; x_wconf 88' lang='grc'>551</span> 
     </span>
    </p>
   </div>
   <div class='ocr_carea' id='block_1_2' title="bbox 887 237 1698 240">
    <p class='ocr_par' dir='ltr' id='par_1_2' title="bbox 887 237 1698 240">
     <span class='ocr_line' id='line_1_2' title="bbox 887 237 1698 240; baseline 0 0"><span class='ocrx_word' id='word_1_7' title='bbox 887 237 1698 240; x_wconf 95' lang='lat' dir='ltr'> </span> 
     </span>
    </p>
   </div>
   <div class='ocr_carea' id='block_1_3' title="bbox 88 292 1732 2834">
    <p class='ocr_par' dir='ltr' id='par_1_3' title="bbox 95 292 1728 636">
     <span class='ocr_line' id='line_1_3' title="bbox 95 292 1724 353; baseline -0.002 -13"><span class='ocrx_word' id='word_1_8' title='bbox 95 294 222 340; x_wconf 83' lang='lat' dir='ltr'><em>Sedes</em></span> <span class='ocrx_word' id='word_1_9' title='bbox 255 295 498 353; x_wconf 78' lang='lat' dir='ltr'>Apostolica</span> <span class='ocrx_word' id='word_1_10' title='bbox 535 299 643 352; x_wconf 85' lang='lat' dir='ltr'>(cau.</span> <span class='ocrx_word' id='word_1_11' title='bbox 677 293 737 351; x_wconf 78' lang='lat'>7),</span> <span class='ocrx_word' id='word_1_12' title='bbox 770 306 942 350; x_wconf 82' lang='lat' dir='ltr'>nempe:</span> <span class='ocrx_word' id='word_1_13' title='bbox 983 293 1149 337; x_wconf 79' lang='lat' dir='ltr'>«Sacra</span> <span class='ocrx_word' id='word_1_14' title='bbox 1193 293 1470 350; x_wconf 87' lang='lat' dir='ltr'>Congregatio</span> <span class='ocrx_word' id='word_1_15' title='bbox 1508 292 1679 338; x_wconf 82' lang='lat' dir='ltr'>Concilii</span> <span class='ocrx_word' id='word_1_16' title='bbox 1705 311 1724 336; x_wconf 86' lang='lat'>&gt;›</span> 
     </span>
     <span class='ocr_line' id='line_1_4' title="bbox 96 364 1728 424; baseline -0.001 -14"><span class='ocrx_word' id='word_1_17' title='bbox 96 365 204 424; x_wconf 91' lang='lat' dir='ltr'>(can.</span> <span class='ocrx_word' id='word_1_18' title='bbox 246 365 363 423; x_wconf 73' lang='grc'>2110),</span> <span class='ocrx_word' id='word_1_19' title='bbox 405 381 425 407; x_wconf 83' lang='grc'>((</span> <span class='ocrx_word' id='word_1_20' title='bbox 448 366 726 422; x_wconf 71' lang='lat' dir='ltr'>(longi-egatio</span> <span class='ocrx_word' id='word_1_21' title='bbox 759 365 810 408; x_wconf 88' lang='lat' dir='ltr'>de</span> <span class='ocrx_word' id='word_1_22' title='bbox 845 364 1114 420; x_wconf 85' lang='lat' dir='ltr'>Propaganda</span> <span class='ocrx_word' id='word_1_23' title='bbox 1153 364 1294 408; x_wconf 83' lang='lat' dir='ltr'>Fide»</span> <span class='ocrx_word' id='word_1_24' title='bbox 1335 365 1442 422; x_wconf 88' lang='lat' dir='ltr'>(can.</span> <span class='ocrx_word' id='word_1_25' title='bbox 1480 365 1576 414; x_wconf 68' lang='grc'>252,</span> <span class='ocrx_word' id='word_1_26' title='bbox 1611 366 1638 424; x_wconf 59' lang='grc' dir='ltr'>ξ</span> <span class='ocrx_word' id='word_1_27' title='bbox 1671 365 1728 422; x_wconf 85' lang='grc'>2),</span> 
     </span>
     <span class='ocr_line' id='line_1_5' title="bbox 95 435 1728 493; baseline 0 -13"><span class='ocrx_word' id='word_1_28' title='bbox 95 437 294 481; x_wconf 89' lang='lat' dir='ltr'>alterutra</span> <span class='ocrx_word' id='word_1_29' title='bbox 342 451 414 493; x_wconf 94' lang='lat' dir='ltr'>pro</span> <span class='ocrx_word' id='word_1_30' title='bbox 458 437 702 480; x_wconf 83' lang='lat' dir='ltr'>diversitate</span> <span class='ocrx_word' id='word_1_31' title='bbox 743 437 954 491; x_wconf 84' lang='lat' dir='ltr'>territorii,</span> <span class='ocrx_word' id='word_1_32' title='bbox 990 435 1130 479; x_wconf 89' lang='lat' dir='ltr'>relicta</span> <span class='ocrx_word' id='word_1_33' title='bbox 1171 436 1407 479; x_wconf 86' lang='lat' dir='ltr'>huiusmodi</span> <span class='ocrx_word' id='word_1_34' title='bbox 1452 439 1728 492; x_wconf 75' lang='lat' dir='ltr'>competentia</span> 
     </span>
     <span class='ocr_line' id='line_1_6' title="bbox 99 504 1724 564; baseline -0.001 -15"><span class='ocrx_word' id='word_1_35' title='bbox 99 523 121 549; x_wconf 88' lang='lat'>&lt;‹</span> <span class='ocrx_word' id='word_1_36' title='bbox 144 506 465 564; x_wconf 86' lang='lat' dir='ltr'>Congregationi</span> <span class='ocrx_word' id='word_1_37' title='bbox 504 522 577 564; x_wconf 95' lang='lat' dir='ltr'>pro</span> <span class='ocrx_word' id='word_1_38' title='bbox 610 507 793 551; x_wconf 79' lang='lat' dir='ltr'>Ecclesia</span> <span class='ocrx_word' id='word_1_39' title='bbox 836 504 1055 562; x_wconf 74' lang='lat' dir='ltr'>Orientali,</span> <span class='ocrx_word' id='word_1_40' title='bbox 1090 520 1162 563; x_wconf 91' lang='lat' dir='ltr'>pro</span> <span class='ocrx_word' id='word_1_41' title='bbox 1196 507 1391 551; x_wconf 88' lang='lat' dir='ltr'>Ecclesiis</span> <span class='ocrx_word' id='word_1_42' title='bbox 1440 508 1531 551; x_wconf 87' lang='lat' dir='ltr'>talis</span> <span class='ocrx_word' id='word_1_43' title='bbox 1581 510 1724 551; x_wconf 83' lang='lat' dir='ltr'>ritus»</span> 
     </span>
     <span class='ocr_line' id='line_1_7' title="bbox 96 578 1067 636; baseline -0.003 -14"><span class='ocrx_word' id='word_1_44' title='bbox 96 578 208 635; x_wconf 85' lang='lat' dir='ltr'>(can.</span> <span class='ocrx_word' id='word_1_45' title='bbox 245 579 343 632; x_wconf 74' lang='grc'>257,</span> <span class='ocrx_word' id='word_1_46' title='bbox 380 578 408 636; x_wconf 59' lang='grc' dir='ltr'>ξ</span> <span class='ocrx_word' id='word_1_47' title='bbox 442 578 499 636; x_wconf 78' lang='grc'>2),</span> <span class='ocrx_word' id='word_1_48' title='bbox 534 579 572 621; x_wconf 75' lang='lat' dir='ltr'>si</span> <span class='ocrx_word' id='word_1_49' title='bbox 606 584 763 636; x_wconf 61' lang='lat' dir='ltr'>agatur</span> <span class='ocrx_word' id='word_1_50' title='bbox 794 579 1067 622; x_wconf 69' lang='lat' dir='ltr'>d-isiunctire:</span> 
     </span>
    </p>

    <p class='ocr_par' dir='ltr' id='par_1_4' title="bbox 91 648 1732 1487">
     <span class='ocr_line' id='line_1_8' title="bbox 216 648 1731 707; baseline 0 -14"><span class='ocrx_word' id='word_1_51' title='bbox 216 648 258 692; x_wconf 85' lang='lat'>1⁰</span> <span class='ocrx_word' id='word_1_52' title='bbox 297 649 354 692; x_wconf 84' lang='lat' dir='ltr'>De</span> <span class='ocrx_word' id='word_1_53' title='bbox 387 650 619 693; x_wconf 80' lang='lat' dir='ltr'>alienandis</span> <span class='ocrx_word' id='word_1_54' title='bbox 651 649 773 692; x_wconf 74' lang='lat' dir='ltr'>rebus</span> <span class='ocrx_word' id='word_1_55' title='bbox 803 648 1017 707; x_wconf 54' lang='lat' dir='ltr'>pretiosae,</span> <span class='ocrx_word' id='word_1_56' title='bbox 1038 649 1165 693; x_wconf 88' lang='lat' dir='ltr'>idest:</span> <span class='ocrx_word' id='word_1_57' title='bbox 1201 649 1251 693; x_wconf 91' lang='lat' dir='ltr'>ad</span> <span class='ocrx_word' id='word_1_58' title='bbox 1277 662 1464 692; x_wconf 89' lang='lat' dir='ltr'>normam</span> <span class='ocrx_word' id='word_1_59' title='bbox 1490 650 1731 706; x_wconf 75' lang='lat' dir='ltr'>can.1497,</span> 
     </span>
     <span class='ocr_line' id='line_1_9' title="bbox 91 719 1732 778; baseline 0 -15"><span class='ocrx_word' id='word_1_60' title='bbox 91 719 121 778; x_wconf 62' lang='grc' dir='ltr'>ξι</span> <span class='ocrx_word' id='word_1_61' title='bbox 158 720 197 775; x_wconf 79' lang='grc'>2,</span> <span class='ocrx_word' id='word_1_62' title='bbox 232 722 339 764; x_wconf 90' lang='lat' dir='ltr'>sicut</span> <span class='ocrx_word' id='word_1_63' title='bbox 379 723 502 764; x_wconf 86' lang='lat' dir='ltr'>«iam</span> <span class='ocrx_word' id='word_1_64' title='bbox 554 726 648 764; x_wconf 88' lang='lat' dir='ltr'>ante</span> <span class='ocrx_word' id='word_1_65' title='bbox 686 719 879 765; x_wconf 87' lang='lat' dir='ltr'>Codiccm</span> <span class='ocrx_word' id='word_1_66' title='bbox 924 719 1085 763; x_wconf 84' lang='lat' dir='ltr'>classici</span> <span class='ocrx_word' id='word_1_67' title='bbox 1130 722 1367 776; x_wconf 76' lang='lat' dir='ltr'>scriptores,</span> <span class='ocrx_word' id='word_1_68' title='bbox 1403 734 1440 762; x_wconf 78' lang='lat' dir='ltr'>v.</span> <span class='ocrx_word' id='word_1_69' title='bbox 1475 735 1512 777; x_wconf 90' lang='lat' dir='ltr'>g.</span> <span class='ocrx_word' id='word_1_70' title='bbox 1550 720 1732 777; x_wconf 81' lang='lat' dir='ltr'>l&#39;irhing,</span> 
     </span>
     <span class='ocr_line' id='line_1_10' title="bbox 91 785 1730 848; baseline 0 -14"><span class='ocrx_word' id='word_1_71' title='bbox 91 785 135 834; x_wconf 74' lang='lat' dir='ltr'>in</span> <span class='ocrx_word' id='word_1_72' title='bbox 171 790 240 835; x_wconf 89' lang='lat' dir='ltr'>lib.</span> <span class='ocrx_word' id='word_1_73' title='bbox 266 791 330 847; x_wconf 87' lang='lat' dir='ltr'>lll,</span> <span class='ocrx_word' id='word_1_74' title='bbox 366 794 423 836; x_wconf 91' lang='lat' dir='ltr'>tit.</span> <span class='ocrx_word' id='word_1_75' title='bbox 452 791 555 847; x_wconf 84' lang='lat' dir='ltr'>Xlll,</span> <span class='ocrx_word' id='word_1_76' title='bbox 579 805 616 835; x_wconf 92' lang='lat' dir='ltr'>n.</span> <span class='ocrx_word' id='word_1_77' title='bbox 643 792 711 844; x_wconf 81' lang='grc'>32,</span> <span class='ocrx_word' id='word_1_78' title='bbox 736 790 942 848; x_wconf 80' lang='lat' dir='ltr'>negabant</span> <span class='ocrx_word' id='word_1_79' title='bbox 975 804 1107 848; x_wconf 85' lang='lat' dir='ltr'>posse,</span> <span class='ocrx_word' id='word_1_80' title='bbox 1141 793 1229 834; x_wconf 90' lang='lat' dir='ltr'>sine</span> <span class='ocrx_word' id='word_1_81' title='bbox 1264 791 1522 848; x_wconf 89' lang='lat' dir='ltr'>beneplacito</span> <span class='ocrx_word' id='word_1_82' title='bbox 1555 793 1592 836; x_wconf 86' lang='lat' dir='ltr'>S.</span> <span class='ocrx_word' id='word_1_83' title='bbox 1613 792 1730 835; x_wconf 86' lang='lat' dir='ltr'>Sedis</span> 
     </span>
     <span class='ocr_line' id='line_1_11' title="bbox 94 862 1730 920; baseline 0.001 -15"><span class='ocrx_word' id='word_1_84' title='bbox 94 862 266 906; x_wconf 89' lang='lat' dir='ltr'>alienari</span> <span class='ocrx_word' id='word_1_85' title='bbox 305 879 327 903; x_wconf 86' lang='lat'>«</span> <span class='ocrx_word' id='word_1_86' title='bbox 353 875 448 906; x_wconf 90' lang='lat' dir='ltr'>vasa</span> <span class='ocrx_word' id='word_1_87' title='bbox 483 875 607 906; x_wconf 88' lang='lat' dir='ltr'>aurea</span> <span class='ocrx_word' id='word_1_88' title='bbox 643 867 683 906; x_wconf 91' lang='lat' dir='ltr'>et</span> <span class='ocrx_word' id='word_1_89' title='bbox 716 869 925 919; x_wconf 83' lang='lat' dir='ltr'>argentea,</span> <span class='ocrx_word' id='word_1_90' title='bbox 949 875 1137 918; x_wconf 88' lang='lat' dir='ltr'>gemmas</span> <span class='ocrx_word' id='word_1_91' title='bbox 1160 867 1199 905; x_wconf 81' lang='lat' dir='ltr'>et</span> <span class='ocrx_word' id='word_1_92' title='bbox 1225 867 1359 905; x_wconf 85' lang='lat' dir='ltr'>vestes</span> <span class='ocrx_word' id='word_1_93' title='bbox 1394 865 1592 919; x_wconf 89' lang='lat' dir='ltr'>pretiosas</span> <span class='ocrx_word' id='word_1_94' title='bbox 1624 875 1730 920; x_wconf 88' lang='lat' dir='ltr'>quae</span> 
     </span>
     <span class='ocr_line' id='line_1_12' title="bbox 94 932 1729 990; baseline 0 -14"><span class='ocrx_word' id='word_1_95' title='bbox 94 934 304 977; x_wconf 80' lang='lat' dir='ltr'>servando</span> <span class='ocrx_word' id='word_1_96' title='bbox 337 936 543 978; x_wconf 85' lang='lat' dir='ltr'>asservari</span> <span class='ocrx_word' id='word_1_97' title='bbox 581 936 749 990; x_wconf 79' lang='lat' dir='ltr'>possint,</span> <span class='ocrx_word' id='word_1_98' title='bbox 773 939 812 977; x_wconf 90' lang='lat' dir='ltr'>et</span> <span class='ocrx_word' id='word_1_99' title='bbox 847 933 1027 986; x_wconf 86' lang='lat' dir='ltr'>mobilia,</span> <span class='ocrx_word' id='word_1_100' title='bbox 1051 932 1185 990; x_wconf 90' lang='lat' dir='ltr'>qualis</span> <span class='ocrx_word' id='word_1_101' title='bbox 1218 947 1336 989; x_wconf 84' lang='lat' dir='ltr'>grex,</span> <span class='ocrx_word' id='word_1_102' title='bbox 1361 933 1469 976; x_wconf 90' lang='lat' dir='ltr'>unde</span> <span class='ocrx_word' id='word_1_103' title='bbox 1503 933 1657 977; x_wconf 88' lang='lat' dir='ltr'>utilitas</span> <span class='ocrx_word' id='word_1_104' title='bbox 1690 938 1729 976; x_wconf 90' lang='lat' dir='ltr'>et</span> 
     </span>
     <span class='ocr_line' id='line_1_13' title="bbox 97 1002 1728 1062; baseline -0.001 -14"><span class='ocrx_word' id='word_1_105' title='bbox 97 1005 256 1048; x_wconf 80' lang='lat' dir='ltr'>fructus</span> <span class='ocrx_word' id='word_1_106' title='bbox 288 1004 510 1048; x_wconf 86' lang='lat' dir='ltr'>diuturnus</span> <span class='ocrx_word' id='word_1_107' title='bbox 546 1007 701 1062; x_wconf 80' lang='lat' dir='ltr'>percipi</span> <span class='ocrx_word' id='word_1_108' title='bbox 737 1009 912 1061; x_wconf 77' lang='lat' dir='ltr'>potest»</span> <span class='ocrx_word' id='word_1_109' title='bbox 943 1004 969 1045; x_wconf 75' lang='lat'>¹.</span> <span class='ocrx_word' id='word_1_110' title='bbox 1004 1002 1123 1057; x_wconf 81' lang='lat' dir='ltr'>Quod</span> <span class='ocrx_word' id='word_1_111' title='bbox 1160 1009 1415 1060; x_wconf 89' lang='lat' dir='ltr'>postremum</span> <span class='ocrx_word' id='word_1_112' title='bbox 1461 1009 1520 1047; x_wconf 90' lang='lat' dir='ltr'>est</span> <span class='ocrx_word' id='word_1_113' title='bbox 1563 1017 1728 1061; x_wconf 91' lang='lat' dir='ltr'>quoque</span> 
     </span>
     <span class='ocr_line' id='line_1_14' title="bbox 96 1074 1726 1133; baseline 0.001 -16"><span class='ocrx_word' id='word_1_114' title='bbox 96 1088 241 1119; x_wconf 79' lang='lat' dir='ltr'>verum</span> <span class='ocrx_word' id='word_1_115' title='bbox 266 1075 409 1119; x_wconf 87' lang='lat' dir='ltr'>saltem</span> <span class='ocrx_word' id='word_1_116' title='bbox 436 1075 487 1119; x_wconf 94' lang='lat' dir='ltr'>ob</span> <span class='ocrx_word' id='word_1_117' title='bbox 508 1089 726 1119; x_wconf 89' lang='lat' dir='ltr'>numerum</span> <span class='ocrx_word' id='word_1_118' title='bbox 749 1080 990 1133; x_wconf 77' lang='lat' dir='ltr'>sequentem</span> <span class='ocrx_word' id='word_1_119' title='bbox 1009 1094 1016 1129; x_wconf 78' lang='lat'>3</span> <span class='ocrx_word' id='word_1_120' title='bbox 1036 1077 1231 1132; x_wconf 79' lang='lat' dir='ltr'>quamvis</span> <span class='ocrx_word' id='word_1_121' title='bbox 1248 1076 1286 1120; x_wconf 88' lang='lat' dir='ltr'>S.</span> <span class='ocrx_word' id='word_1_122' title='bbox 1306 1075 1457 1132; x_wconf 81' lang='lat' dir='ltr'>Congr.</span> <span class='ocrx_word' id='word_1_123' title='bbox 1476 1074 1648 1119; x_wconf 87' lang='lat' dir='ltr'>Concilii</span> <span class='ocrx_word' id='word_1_124' title='bbox 1668 1077 1726 1118; x_wconf 92' lang='lat' dir='ltr'>in-</span> 
     </span>
     <span class='ocr_line' id='line_1_15' title="bbox 95 1147 1728 1204; baseline 0 -15"><span class='ocrx_word' id='word_1_125' title='bbox 95 1150 327 1203; x_wconf 84' lang='lat' dir='ltr'>terrogata:</span> <span class='ocrx_word' id='word_1_126' title='bbox 358 1162 377 1187; x_wconf 84' lang='lat'>«</span> <span class='ocrx_word' id='word_1_127' title='bbox 404 1147 429 1189; x_wconf 94' lang='grc' dir='ltr'>Ι.</span> <span class='ocrx_word' id='word_1_128' title='bbox 454 1147 600 1191; x_wconf 87' lang='lat' dir='ltr'>Utrum</span> <span class='ocrx_word' id='word_1_129' title='bbox 626 1147 675 1190; x_wconf 91' lang='lat' dir='ltr'>ad</span> <span class='ocrx_word' id='word_1_130' title='bbox 701 1147 991 1191; x_wconf 75' lang='lat' dir='ltr'>alienationem</span> <span class='ocrx_word' id='word_1_131' title='bbox 1019 1160 1155 1189; x_wconf 87' lang='lat' dir='ltr'>rerum</span> <span class='ocrx_word' id='word_1_132' title='bbox 1183 1151 1409 1204; x_wconf 91' lang='lat' dir='ltr'>utcumque</span> <span class='ocrx_word' id='word_1_133' title='bbox 1438 1149 1728 1203; x_wconf 89' lang='lat' dir='ltr'>pretiosarum,</span> 
     </span>
     <span class='ocr_line' id='line_1_16' title="bbox 91 1215 1725 1274; baseline 0 -14"><span class='ocrx_word' id='word_1_134' title='bbox 91 1230 257 1274; x_wconf 82' lang='lat' dir='ltr'>semper</span> <span class='ocrx_word' id='word_1_135' title='bbox 286 1220 566 1261; x_wconf 85' lang='lat' dir='ltr'>necessarium</span> <span class='ocrx_word' id='word_1_136' title='bbox 601 1221 652 1261; x_wconf 90' lang='lat' dir='ltr'>sit</span> <span class='ocrx_word' id='word_1_137' title='bbox 686 1217 990 1274; x_wconf 89' lang='lat' dir='ltr'>beneplacitum</span> <span class='ocrx_word' id='word_1_138' title='bbox 1024 1217 1324 1274; x_wconf 80' lang='lat' dir='ltr'>Apostolicurn,</span> <span class='ocrx_word' id='word_1_139' title='bbox 1358 1230 1408 1260; x_wconf 89' lang='lat' dir='ltr'>an</span> <span class='ocrx_word' id='word_1_140' title='bbox 1445 1220 1569 1273; x_wconf 86' lang='lat' dir='ltr'>possit</span> <span class='ocrx_word' id='word_1_141' title='bbox 1603 1215 1725 1262; x_wconf 86' lang='lat' dir='ltr'>Ordi-</span> 
     </span>
     <span class='ocr_line' id='line_1_17' title="bbox 94 1288 1728 1345; baseline 0.001 -14"><span class='ocrx_word' id='word_1_142' title='bbox 94 1290 235 1332; x_wconf 87' lang='lat' dir='ltr'>narius</span> <span class='ocrx_word' id='word_1_143' title='bbox 259 1290 364 1332; x_wconf 89' lang='lat' dir='ltr'>intra</span> <span class='ocrx_word' id='word_1_144' title='bbox 389 1294 524 1333; x_wconf 90' lang='lat' dir='ltr'>certos</span> <span class='ocrx_word' id='word_1_145' title='bbox 557 1302 745 1332; x_wconf 89' lang='lat' dir='ltr'>summae</span> <span class='ocrx_word' id='word_1_146' title='bbox 780 1289 930 1332; x_wconf 89' lang='lat' dir='ltr'>limites</span> <span class='ocrx_word' id='word_1_147' title='bbox 964 1288 1200 1332; x_wconf 87' lang='lat' dir='ltr'>huiusmodi</span> <span class='ocrx_word' id='word_1_148' title='bbox 1235 1288 1525 1332; x_wconf 86' lang='lat' dir='ltr'>alienationem</span> <span class='ocrx_word' id='word_1_149' title='bbox 1564 1291 1728 1345; x_wconf 90' lang='lat' dir='ltr'>permit-</span> 
     </span>
     <span class='ocr_line' id='line_1_18' title="bbox 93 1359 1724 1417; baseline 0.001 -15"><span class='ocrx_word' id='word_1_150' title='bbox 93 1363 247 1414; x_wconf 76' lang='lat' dir='ltr'>tere3...</span> <span class='ocrx_word' id='word_1_151' title='bbox 285 1361 619 1417; x_wconf 90' lang='lat' dir='ltr'>respondendum</span> <span class='ocrx_word' id='word_1_152' title='bbox 654 1363 836 1404; x_wconf 89' lang='lat' dir='ltr'>censuit:</span> <span class='ocrx_word' id='word_1_153' title='bbox 872 1360 932 1404; x_wconf 78' lang='lat' dir='ltr'>Aa</span> <span class='ocrx_word' id='word_1_154' title='bbox 960 1360 986 1403; x_wconf 92' lang='lat' dir='ltr'>l.</span> <span class='ocrx_word' id='word_1_155' title='bbox 1012 1360 1073 1403; x_wconf 75' lang='lat' dir='ltr'>Aa</span> <span class='ocrx_word' id='word_1_156' title='bbox 1101 1360 1354 1403; x_wconf 56' lang='lat' dir='ltr'>l&#39;ontit‘iciam</span> <span class='ocrx_word' id='word_1_157' title='bbox 1381 1359 1724 1404; x_wconf 85' lang='lat' dir='ltr'>Commissionem</span> 
     </span>
     <span class='ocr_line' id='line_1_19' title="bbox 93 1429 1309 1487; baseline 0.002 -14"><span class='ocrx_word' id='word_1_158' title='bbox 93 1429 255 1474; x_wconf 87' lang='lat' dir='ltr'>Codicis</span> <span class='ocrx_word' id='word_1_159' title='bbox 292 1445 362 1487; x_wconf 92' lang='lat' dir='ltr'>pro</span> <span class='ocrx_word' id='word_1_160' title='bbox 397 1431 625 1475; x_wconf 91' lang='lat' dir='ltr'>canonibus</span> <span class='ocrx_word' id='word_1_161' title='bbox 657 1431 894 1475; x_wconf 79' lang='lat' dir='ltr'>authentice</span> <span class='ocrx_word' id='word_1_162' title='bbox 928 1432 1309 1487; x_wconf 76' lang='lat' dir='ltr'>interpretandis».</span> 
     </span>
    </p>

    <p class='ocr_par' dir='ltr' id='par_1_5' title="bbox 92 1501 1725 2128">
     <span class='ocr_line' id='line_1_20' title="bbox 210 1501 1723 1558; baseline 0.001 -13"><span class='ocrx_word' id='word_1_163' title='bbox 210 1503 258 1545; x_wconf 69' lang='grc'>’20</span> <span class='ocrx_word' id='word_1_164' title='bbox 296 1502 354 1545; x_wconf 82' lang='lat' dir='ltr'>De</span> <span class='ocrx_word' id='word_1_165' title='bbox 385 1503 615 1546; x_wconf 82' lang='lat' dir='ltr'>alienandis</span> <span class='ocrx_word' id='word_1_166' title='bbox 648 1503 770 1546; x_wconf 72' lang='lat' dir='ltr'>rebus</span> <span class='ocrx_word' id='word_1_167' title='bbox 803 1502 1095 1546; x_wconf 88' lang='lat' dir='ltr'>ecclesiasticis</span> <span class='ocrx_word' id='word_1_168' title='bbox 1133 1508 1238 1558; x_wconf 64' lang='lat' dir='ltr'>(can.</span> <span class='ocrx_word' id='word_1_169' title='bbox 1276 1502 1403 1555; x_wconf 75' lang='lat'>1497,</span> <span class='ocrx_word' id='word_1_170' title='bbox 1436 1501 1464 1558; x_wconf 60' lang='grc' dir='ltr'>ξ</span> <span class='ocrx_word' id='word_1_171' title='bbox 1498 1503 1538 1558; x_wconf 81' lang='lat'>1)</span> <span class='ocrx_word' id='word_1_172' title='bbox 1577 1518 1598 1543; x_wconf 87' lang='lat'>«</span> <span class='ocrx_word' id='word_1_173' title='bbox 1623 1508 1723 1546; x_wconf 90' lang='lat' dir='ltr'>tem-</span> 
     </span>
     <span class='ocr_line' id='line_1_21' title="bbox 96 1572 1722 1631; baseline 0.002 -18"><span class='ocrx_word' id='word_1_174' title='bbox 96 1572 319 1627; x_wconf 76' lang='lat' dir='ltr'>poralIbus,</span> <span class='ocrx_word' id='word_1_175' title='bbox 354 1576 443 1616; x_wconf 84' lang='lat' dir='ltr'>sive</span> <span class='ocrx_word' id='word_1_176' title='bbox 476 1586 583 1631; x_wconf 90' lang='lat' dir='ltr'>quae</span> <span class='ocrx_word' id='word_1_177' title='bbox 617 1574 846 1630; x_wconf 87' lang='lat' dir='ltr'>corporalia</span> <span class='ocrx_word' id='word_1_178' title='bbox 890 1576 983 1627; x_wconf 86' lang='lat' dir='ltr'>sint,</span> <span class='ocrx_word' id='word_1_179' title='bbox 1017 1578 1102 1616; x_wconf 88' lang='lat' dir='ltr'>tum</span> <span class='ocrx_word' id='word_1_180' title='bbox 1150 1573 1432 1617; x_wconf 84' lang='lat' dir='ltr'>immobilibus</span> <span class='ocrx_word' id='word_1_181' title='bbox 1470 1579 1555 1617; x_wconf 92' lang='lat' dir='ltr'>tum</span> <span class='ocrx_word' id='word_1_182' title='bbox 1593 1573 1722 1618; x_wconf 88' lang='lat' dir='ltr'>mobi-</span> 
     </span>
     <span class='ocr_line' id='line_1_22' title="bbox 96 1641 1722 1703; baseline 0.002 -19"><span class='ocrx_word' id='word_1_183' title='bbox 96 1641 214 1695; x_wconf 81' lang='lat' dir='ltr'>libus,</span> <span class='ocrx_word' id='word_1_184' title='bbox 248 1646 337 1687; x_wconf 78' lang='lat' dir='ltr'>sive</span> <span class='ocrx_word' id='word_1_185' title='bbox 383 1644 656 1701; x_wconf 89' lang='lat' dir='ltr'>incorporalia</span> <span class='ocrx_word' id='word_1_186' title='bbox 683 1660 720 1698; x_wconf 84' lang='lat'>›&gt;,</span> <span class='ocrx_word' id='word_1_187' title='bbox 755 1647 877 1688; x_wconf 84' lang='lat' dir='ltr'>etiam</span> <span class='ocrx_word' id='word_1_188' title='bbox 922 1659 1029 1702; x_wconf 76' lang='lat' dir='ltr'>quae</span> <span class='ocrx_word' id='word_1_189' title='bbox 1066 1646 1287 1700; x_wconf 85' lang='lat' dir='ltr'>«pretiosa</span> <span class='ocrx_word' id='word_1_190' title='bbox 1312 1660 1330 1685; x_wconf 63' lang='lat'>&gt;³</span> <span class='ocrx_word' id='word_1_191' title='bbox 1371 1644 1479 1701; x_wconf 88' lang='lat' dir='ltr'>(can.</span> <span class='ocrx_word' id='word_1_192' title='bbox 1518 1648 1584 1688; x_wconf 89' lang='lat' dir='ltr'>cit.</span> <span class='ocrx_word' id='word_1_193' title='bbox 1618 1645 1646 1703; x_wconf 58' lang='grc' dir='ltr'>ξ</span> <span class='ocrx_word' id='word_1_194' title='bbox 1680 1644 1722 1702; x_wconf 93' lang='grc'>2)</span> 
     </span>
     <span class='ocr_line' id='line_1_23' title="bbox 92 1713 1723 1773; baseline 0.001 -17"><span class='ocrx_word' id='word_1_195' title='bbox 92 1713 174 1757; x_wconf 87' lang='lat' dir='ltr'>dici</span> <span class='ocrx_word' id='word_1_196' title='bbox 211 1719 429 1772; x_wconf 77' lang='lat' dir='ltr'>nequeant,</span> <span class='ocrx_word' id='word_1_197' title='bbox 464 1716 631 1772; x_wconf 91' lang='lat' dir='ltr'>quando</span> <span class='ocrx_word' id='word_1_198' title='bbox 664 1715 848 1759; x_wconf 73' lang='lat' dir='ltr'>valorem</span> <span class='ocrx_word' id='word_1_199' title='bbox 886 1715 1147 1759; x_wconf 89' lang='lat' dir='ltr'>alienationis</span> <span class='ocrx_word' id='word_1_200' title='bbox 1179 1714 1384 1758; x_wconf 66' lang='lat' dir='ltr'>medum</span> <span class='ocrx_word' id='word_1_201' title='bbox 1418 1715 1597 1773; x_wconf 67' lang='lat' dir='ltr'>trt&#39;yv&#39;nta</span> <span class='ocrx_word' id='word_1_202' title='bbox 1630 1716 1723 1759; x_wconf 74' lang='grc' dir='ltr'>111ίί-</span> 
     </span>
     <span class='ocr_line' id='line_1_24' title="bbox 92 1783 1725 1844; baseline 0.002 -17"><span class='ocrx_word' id='word_1_203' title='bbox 92 1783 198 1827; x_wconf 70' lang='lat' dir='ltr'>lium.</span> <span class='ocrx_word' id='word_1_204' title='bbox 231 1785 472 1828; x_wconf 65' lang='lat' dir='ltr'>libellarem</span> <span class='ocrx_word' id='word_1_205' title='bbox 505 1800 576 1829; x_wconf 75' lang='lat' dir='ltr'>seu</span> <span class='ocrx_word' id='word_1_206' title='bbox 609 1785 857 1844; x_wconf 72' lang='lat' dir='ltr'>sraneorwn</span> <span class='ocrx_word' id='word_1_207' title='bbox 884 1786 947 1830; x_wconf 72' lang='lat' dir='ltr'>vel</span> <span class='ocrx_word' id='word_1_208' title='bbox 973 1789 1172 1843; x_wconf 88' lang='lat' dir='ltr'>pecuniae</span> <span class='ocrx_word' id='word_1_209' title='bbox 1206 1786 1523 1844; x_wconf 89' lang='lat' dir='ltr'>aequipollentis</span> <span class='ocrx_word' id='word_1_210' title='bbox 1558 1787 1725 1841; x_wconf 79' lang='lat' dir='ltr'>valoris,</span> 
     </span>
     <span class='ocr_line' id='line_1_25' title="bbox 94 1855 1725 1915; baseline 0.002 -17"><span class='ocrx_word' id='word_1_211' title='bbox 94 1869 173 1899; x_wconf 91' lang='lat' dir='ltr'>non</span> <span class='ocrx_word' id='word_1_212' title='bbox 219 1855 359 1900; x_wconf 86' lang='lat' dir='ltr'>habito</span> <span class='ocrx_word' id='word_1_213' title='bbox 405 1862 593 1914; x_wconf 87' lang='lat' dir='ltr'>respectu</span> <span class='ocrx_word' id='word_1_214' title='bbox 637 1858 685 1901; x_wconf 89' lang='lat' dir='ltr'>ad</span> <span class='ocrx_word' id='word_1_215' title='bbox 731 1857 940 1902; x_wconf 85' lang='lat' dir='ltr'>cambium</span> <span class='ocrx_word' id='word_1_216' title='bbox 982 1858 1265 1915; x_wconf 87' lang='lat' dir='ltr'>independens</span> <span class='ocrx_word' id='word_1_217' title='bbox 1298 1857 1350 1902; x_wconf 91' lang='lat' dir='ltr'>ab</span> <span class='ocrx_word' id='word_1_218' title='bbox 1383 1859 1725 1902; x_wconf 83' lang='lat' dir='ltr'>extraordinariis</span> 
     </span>
     <span class='ocr_line' id='line_1_26' title="bbox 93 1929 1723 1986; baseline 0.002 -17"><span class='ocrx_word' id='word_1_219' title='bbox 93 1929 430 1971; x_wconf 87' lang='lat' dir='ltr'>circumstantiis.</span> <span class='ocrx_word' id='word_1_220' title='bbox 467 1929 636 1985; x_wconf 75' lang='lat' dir='ltr'>l&#39;ropter</span> <span class='ocrx_word' id='word_1_221' title='bbox 671 1931 767 1972; x_wconf 88' lang='lat' dir='ltr'>istas</span> <span class='ocrx_word' id='word_1_222' title='bbox 802 1931 910 1973; x_wconf 90' lang='lat' dir='ltr'>enim</span> <span class='ocrx_word' id='word_1_223' title='bbox 955 1929 1321 1986; x_wconf 85' lang='lat' dir='ltr'>aequipollentiam</span> <span class='ocrx_word' id='word_1_224' title='bbox 1357 1943 1406 1972; x_wconf 85' lang='lat' dir='ltr'>ex</span> <span class='ocrx_word' id='word_1_225' title='bbox 1442 1929 1604 1972; x_wconf 87' lang='lat' dir='ltr'>cambio</span> <span class='ocrx_word' id='word_1_226' title='bbox 1639 1931 1723 1973; x_wconf 86' lang='lat' dir='ltr'>sore</span> 
     </span>
     <span class='ocr_line' id='line_1_27' title="bbox 95 1998 1722 2058; baseline 0.002 -18"><span class='ocrx_word' id='word_1_227' title='bbox 95 1998 404 2054; x_wconf 87' lang='lat' dir='ltr'>ponderandam</span> <span class='ocrx_word' id='word_1_228' title='bbox 440 1999 585 2043; x_wconf 91' lang='lat' dir='ltr'>saltem</span> <span class='ocrx_word' id='word_1_229' title='bbox 623 2003 661 2043; x_wconf 88' lang='grc'>111</span> <span class='ocrx_word' id='word_1_230' title='bbox 696 2014 961 2044; x_wconf 93' lang='lat' dir='ltr'>nummorum</span> <span class='ocrx_word' id='word_1_231' title='bbox 997 2001 1314 2057; x_wconf 67' lang='lat' dir='ltr'>depredatione,</span> <span class='ocrx_word' id='word_1_232' title='bbox 1347 2001 1493 2044; x_wconf 89' lang='lat' dir='ltr'>suadet</span> <span class='ocrx_word' id='word_1_233' title='bbox 1536 2003 1722 2058; x_wconf 89' lang='lat' dir='ltr'>aequitas</span> 
     </span>
     <span class='ocr_line' id='line_1_28' title="bbox 97 2070 1650 2128; baseline 0.003 -18"><span class='ocrx_word' id='word_1_234' title='bbox 97 2070 470 2125; x_wconf 69' lang='lat' dir='ltr'>interpretationis,</span> <span class='ocrx_word' id='word_1_235' title='bbox 507 2084 545 2112; x_wconf 89' lang='lat' dir='ltr'>v.</span> <span class='ocrx_word' id='word_1_236' title='bbox 575 2085 635 2127; x_wconf 92' lang='lat' dir='ltr'>gr.</span> <span class='ocrx_word' id='word_1_237' title='bbox 671 2084 780 2114; x_wconf 89' lang='lat' dir='ltr'>nunc</span> <span class='ocrx_word' id='word_1_238' title='bbox 815 2073 853 2114; x_wconf 90' lang='lat' dir='ltr'>in</span> <span class='ocrx_word' id='word_1_239' title='bbox 888 2071 1129 2128; x_wconf 83' lang='lat' dir='ltr'>regionibus</span> <span class='ocrx_word' id='word_1_240' title='bbox 1162 2071 1350 2128; x_wconf 86' lang='lat' dir='ltr'>Europae</span> <span class='ocrx_word' id='word_1_241' title='bbox 1384 2071 1650 2116; x_wconf 91' lang='lat' dir='ltr'>centralibus.</span> 
     </span>
    </p>

    <p class='ocr_par' dir='ltr' id='par_1_6' title="bbox 88 2138 1721 2834">
     <span class='ocr_line' id='line_1_29' title="bbox 211 2138 1718 2198; baseline 0.002 -16"><span class='ocrx_word' id='word_1_242' title='bbox 211 2138 301 2184; x_wconf 88' lang='lat' dir='ltr'>Huc</span> <span class='ocrx_word' id='word_1_243' title='bbox 334 2146 565 2197; x_wconf 90' lang='lat' dir='ltr'>opportune</span> <span class='ocrx_word' id='word_1_244' title='bbox 599 2142 867 2185; x_wconf 88' lang='lat' dir='ltr'>memoranda</span> <span class='ocrx_word' id='word_1_245' title='bbox 903 2147 962 2185; x_wconf 89' lang='lat' dir='ltr'>est</span> <span class='ocrx_word' id='word_1_246' title='bbox 995 2143 1034 2187; x_wconf 87' lang='lat' dir='ltr'>S.</span> <span class='ocrx_word' id='word_1_247' title='bbox 1067 2142 1231 2198; x_wconf 69' lang='lat' dir='ltr'>Congi⁸.</span> <span class='ocrx_word' id='word_1_248' title='bbox 1260 2142 1431 2186; x_wconf 89' lang='lat' dir='ltr'>Concilii</span> <span class='ocrx_word' id='word_1_249' title='bbox 1456 2142 1651 2186; x_wconf 86' lang='lat' dir='ltr'>resolutio</span> <span class='ocrx_word' id='word_1_250' title='bbox 1681 2146 1718 2185; x_wconf 93' lang='lat' dir='ltr'>in</span> 
     </span>
     <span class='ocr_line' id='line_1_30' title="bbox 91 2212 1719 2268; baseline 0.003 -16"><span class='ocrx_word' id='word_1_251' title='bbox 91 2221 218 2253; x_wconf 86' lang='lat' dir='ltr'>causa</span> <span class='ocrx_word' id='word_1_252' title='bbox 259 2224 383 2268; x_wconf 85' lang='lat' dir='ltr'>supra</span> <span class='ocrx_word' id='word_1_253' title='bbox 428 2214 573 2256; x_wconf 85' lang='lat' dir='ltr'>citata:</span> <span class='ocrx_word' id='word_1_254' title='bbox 614 2212 681 2255; x_wconf 82' lang='grc'>((1.</span> <span class='ocrx_word' id='word_1_255' title='bbox 716 2212 778 2256; x_wconf 89' lang='lat' dir='ltr'>An</span> <span class='ocrx_word' id='word_1_256' title='bbox 813 2213 1021 2256; x_wconf 88' lang='lat' dir='ltr'>ordinaria</span> <span class='ocrx_word' id='word_1_257' title='bbox 1057 2216 1197 2256; x_wconf 70' lang='lat' dir='ltr'>votiva</span> <span class='ocrx_word' id='word_1_258' title='bbox 1230 2215 1269 2255; x_wconf 90' lang='lat' dir='ltr'>in</span> <span class='ocrx_word' id='word_1_259' title='bbox 1304 2214 1449 2257; x_wconf 91' lang='lat' dir='ltr'>ordine</span> <span class='ocrx_word' id='word_1_260' title='bbox 1481 2214 1531 2257; x_wconf 91' lang='lat' dir='ltr'>ad</span> <span class='ocrx_word' id='word_1_261' title='bbox 1566 2213 1719 2257; x_wconf 87' lang='lat' dir='ltr'>aliena-</span> 
     </span>
     <span class='ocr_line' id='line_1_31' title="bbox 94 2282 1717 2342; baseline 0.004 -19"><span class='ocrx_word' id='word_1_262' title='bbox 94 2282 245 2324; x_wconf 87' lang='lat' dir='ltr'>tionem</span> <span class='ocrx_word' id='word_1_263' title='bbox 281 2283 534 2327; x_wconf 88' lang='lat' dir='ltr'>recensenda</span> <span class='ocrx_word' id='word_1_264' title='bbox 568 2286 649 2327; x_wconf 88' lang='lat' dir='ltr'>sint</span> <span class='ocrx_word' id='word_1_265' title='bbox 680 2286 788 2327; x_wconf 89' lang='lat' dir='ltr'>inter</span> <span class='ocrx_word' id='word_1_266' title='bbox 822 2298 886 2327; x_wconf 89' lang='lat' dir='ltr'>res</span> <span class='ocrx_word' id='word_1_267' title='bbox 920 2287 1119 2341; x_wconf 88' lang='lat' dir='ltr'>pretiosas</span> <span class='ocrx_word' id='word_1_268' title='bbox 1152 2285 1202 2328; x_wconf 89' lang='lat' dir='ltr'>de</span> <span class='ocrx_word' id='word_1_269' title='bbox 1236 2284 1386 2342; x_wconf 89' lang='lat' dir='ltr'>quibus</span> <span class='ocrx_word' id='word_1_270' title='bbox 1419 2286 1717 2341; x_wconf 72' lang='grc'>1116311.1532,</span> 
     </span>
     <span class='ocr_line' id='line_1_32' title="bbox 92 2352 1720 2413; baseline 0.003 -18"><span class='ocrx_word' id='word_1_271' title='bbox 92 2353 118 2405; x_wconf 62' lang='grc' dir='ltr'>ἐ</span> <span class='ocrx_word' id='word_1_272' title='bbox 153 2352 192 2406; x_wconf 83' lang='lat'>1,</span> <span class='ocrx_word' id='word_1_273' title='bbox 226 2366 264 2397; x_wconf 90' lang='lat' dir='ltr'>n.</span> <span class='ocrx_word' id='word_1_274' title='bbox 300 2353 335 2396; x_wconf 91' lang='lat'>1.</span> <span class='ocrx_word' id='word_1_275' title='bbox 371 2380 428 2385; x_wconf 97' lang='lat'><strong>—</strong></span> <span class='ocrx_word' id='word_1_276' title='bbox 461 2354 507 2397; x_wconf 88' lang='lat' dir='ltr'>ll.</span> <span class='ocrx_word' id='word_1_277' title='bbox 542 2357 718 2411; x_wconf 83' lang='lat' dir='ltr'>Quinam</span> <span class='ocrx_word' id='word_1_278' title='bbox 756 2355 873 2399; x_wconf 81' lang='lat' dir='ltr'>valor</span> <span class='ocrx_word' id='word_1_279' title='bbox 904 2356 985 2400; x_wconf 87' lang='lat' dir='ltr'>dici</span> <span class='ocrx_word' id='word_1_280' title='bbox 1022 2358 1146 2413; x_wconf 92' lang='lat' dir='ltr'>possit</span> <span class='ocrx_word' id='word_1_281' title='bbox 1180 2356 1370 2400; x_wconf 87' lang='lat' dir='ltr'>notabilis</span> <span class='ocrx_word' id='word_1_282' title='bbox 1405 2359 1442 2399; x_wconf 92' lang='lat' dir='ltr'>iu</span> <span class='ocrx_word' id='word_1_283' title='bbox 1479 2356 1601 2400; x_wconf 87' lang='lat' dir='ltr'>rebus</span> <span class='ocrx_word' id='word_1_284' title='bbox 1635 2371 1720 2413; x_wconf 91' lang='lat' dir='ltr'>pre-</span> 
     </span>
     <span class='ocr_line' id='line_1_33' title="bbox 94 2424 1719 2485; baseline 0.004 -20"><span class='ocrx_word' id='word_1_285' title='bbox 94 2424 208 2466; x_wconf 87' lang='lat' dir='ltr'>tiosis</span> <span class='ocrx_word' id='word_1_286' title='bbox 230 2426 283 2467; x_wconf 90' lang='lat' dir='ltr'>ita</span> <span class='ocrx_word' id='word_1_287' title='bbox 309 2430 351 2468; x_wconf 90' lang='lat' dir='ltr'>ut</span> <span class='ocrx_word' id='word_1_288' title='bbox 375 2437 517 2469; x_wconf 90' lang='lat' dir='ltr'>earum</span> <span class='ocrx_word' id='word_1_289' title='bbox 553 2426 746 2469; x_wconf 89' lang='lat' dir='ltr'>alienatio</span> <span class='ocrx_word' id='word_1_290' title='bbox 779 2428 829 2469; x_wconf 94' lang='lat' dir='ltr'>sit</span> <span class='ocrx_word' id='word_1_291' title='bbox 862 2424 1096 2471; x_wconf 87' lang='lat' dir='ltr'>Ordinariis</span> <span class='ocrx_word' id='word_1_292' title='bbox 1131 2427 1313 2471; x_wconf 91' lang='lat' dir='ltr'>locorum</span> <span class='ocrx_word' id='word_1_293' title='bbox 1351 2428 1719 2485; x_wconf 75' lang='lat' dir='ltr'>vetita—Atque</span> 
     </span>
     <span class='ocr_line' id='line_1_34' title="bbox 93 2492 1717 2552; baseline 0.003 -16"><span class='ocrx_word' id='word_1_294' title='bbox 93 2492 182 2536; x_wconf 73' lang='lat' dir='ltr'>Emi</span> <span class='ocrx_word' id='word_1_295' title='bbox 217 2494 256 2538; x_wconf 92' lang='lat' dir='ltr'>S.</span> <span class='ocrx_word' id='word_1_296' title='bbox 290 2494 333 2539; x_wconf 88' lang='lat' dir='ltr'>C.</span> <span class='ocrx_word' id='word_1_297' title='bbox 367 2495 537 2540; x_wconf 90' lang='lat' dir='ltr'>Concilii</span> <span class='ocrx_word' id='word_1_298' title='bbox 574 2497 770 2552; x_wconf 84' lang='lat' dir='ltr'>Patres,...</span> <span class='ocrx_word' id='word_1_299' title='bbox 807 2499 1039 2542; x_wconf 84' lang='lat' dir='ltr'>reformatis</span> <span class='ocrx_word' id='word_1_300' title='bbox 1082 2498 1220 2542; x_wconf 92' lang='lat' dir='ltr'>dubiis</span> <span class='ocrx_word' id='word_1_301' title='bbox 1253 2501 1291 2542; x_wconf 93' lang='lat' dir='ltr'>in</span> <span class='ocrx_word' id='word_1_302' title='bbox 1326 2499 1431 2542; x_wconf 92' lang='lat' dir='ltr'>hanc</span> <span class='ocrx_word' id='word_1_303' title='bbox 1474 2499 1717 2542; x_wconf 87' lang='lat' dir='ltr'>formulam:</span> 
     </span>
     <span class='ocr_line' id='line_1_35' title="bbox 92 2564 1721 2627; baseline 0.003 -20"><span class='ocrx_word' id='word_1_304' title='bbox 92 2564 154 2608; x_wconf 90' lang='lat' dir='ltr'>An</span> <span class='ocrx_word' id='word_1_305' title='bbox 191 2565 362 2610; x_wconf 89' lang='lat' dir='ltr'>donaria</span> <span class='ocrx_word' id='word_1_306' title='bbox 398 2570 538 2610; x_wconf 76' lang='lat' dir='ltr'>votiva</span> <span class='ocrx_word' id='word_1_307' title='bbox 572 2568 742 2611; x_wconf 87' lang='lat' dir='ltr'>alienari</span> <span class='ocrx_word' id='word_1_308' title='bbox 778 2571 934 2625; x_wconf 89' lang='lat' dir='ltr'>possint</span> <span class='ocrx_word' id='word_1_309' title='bbox 967 2569 1123 2627; x_wconf 89' lang='lat' dir='ltr'>absque</span> <span class='ocrx_word' id='word_1_310' title='bbox 1167 2569 1425 2626; x_wconf 87' lang='lat' dir='ltr'>beneplacito</span> <span class='ocrx_word' id='word_1_311' title='bbox 1459 2569 1721 2626; x_wconf 81' lang='lat' dir='ltr'>Apostolicae</span> 
     </span>
     <span class='ocr_line' id='line_1_36' title="bbox 94 2635 1720 2697; baseline 0.003 -19"><span class='ocrx_word' id='word_1_312' title='bbox 94 2635 233 2689; x_wconf 81' lang='lat' dir='ltr'>Sedis;</span> <span class='ocrx_word' id='word_1_313' title='bbox 270 2638 603 2693; x_wconf 89' lang='lat' dir='ltr'>respondendum</span> <span class='ocrx_word' id='word_1_314' title='bbox 629 2644 901 2684; x_wconf 89' lang='lat' dir='ltr'>censuerunt:</span> <span class='ocrx_word' id='word_1_315' title='bbox 936 2639 1138 2697; x_wconf 72' lang='lat' dir='ltr'>Negative</span> <span class='ocrx_word' id='word_1_316' title='bbox 1162 2656 1199 2683; x_wconf 82' lang='grc'>&gt;).</span> <span class='ocrx_word' id='word_1_317' title='bbox 1225 2640 1419 2684; x_wconf 86' lang='lat' dir='ltr'>Rationes</span> <span class='ocrx_word' id='word_1_318' title='bbox 1442 2640 1645 2683; x_wconf 85' lang='lat' dir='ltr'>adductae</span> <span class='ocrx_word' id='word_1_319' title='bbox 1669 2639 1720 2683; x_wconf 89' lang='lat' dir='ltr'>ab</span> 
     </span>
     <span class='ocr_line' id='line_1_37' title="bbox 93 2706 1717 2767; baseline 0.002 -19"><span class='ocrx_word' id='word_1_320' title='bbox 93 2708 183 2749; x_wconf 90' lang='lat' dir='ltr'>eius</span> <span class='ocrx_word' id='word_1_321' title='bbox 215 2706 330 2750; x_wconf 87' lang='lat' dir='ltr'>Sacri</span> <span class='ocrx_word' id='word_1_322' title='bbox 363 2707 588 2752; x_wconf 90' lang='lat' dir='ltr'>Consessus</span> <span class='ocrx_word' id='word_1_323' title='bbox 620 2710 852 2753; x_wconf 85' lang='lat' dir='ltr'>Secretario</span> <span class='ocrx_word' id='word_1_324' title='bbox 886 2709 1039 2754; x_wconf 91' lang='lat' dir='ltr'>ibidem</span> <span class='ocrx_word' id='word_1_325' title='bbox 1083 2711 1214 2754; x_wconf 70' lang='lat' dir='ltr'>videri</span> <span class='ocrx_word' id='word_1_326' title='bbox 1261 2715 1441 2766; x_wconf 75' lang='lat' dir='ltr'>possunt,</span> <span class='ocrx_word' id='word_1_327' title='bbox 1477 2713 1717 2767; x_wconf 77' lang='lat' dir='ltr'>praesertim</span> 
     </span>
     <span class='ocr_line' id='line_1_38' title="bbox 88 2777 1715 2834; baseline 0.002 -14"><span class='ocrx_word' id='word_1_328' title='bbox 88 2779 202 2834; x_wconf 87' lang='lat' dir='ltr'>quia,</span> <span class='ocrx_word' id='word_1_329' title='bbox 234 2793 253 2818; x_wconf 83' lang='lat'>«</span> <span class='ocrx_word' id='word_1_330' title='bbox 280 2782 321 2821; x_wconf 93' lang='lat' dir='ltr'>ut</span> <span class='ocrx_word' id='word_1_331' title='bbox 346 2777 467 2822; x_wconf 87' lang='lat' dir='ltr'>hodie</span> <span class='ocrx_word' id='word_1_332' title='bbox 490 2779 570 2822; x_wconf 90' lang='lat' dir='ltr'>dici</span> <span class='ocrx_word' id='word_1_333' title='bbox 595 2779 711 2832; x_wconf 84' lang='lat' dir='ltr'>solet,</span> <span class='ocrx_word' id='word_1_334' title='bbox 736 2793 814 2823; x_wconf 92' lang='lat' dir='ltr'>non</span> <span class='ocrx_word' id='word_1_335' title='bbox 848 2780 981 2824; x_wconf 90' lang='lat' dir='ltr'>solum</span> <span class='ocrx_word' id='word_1_336' title='bbox 1020 2781 1134 2825; x_wconf 83' lang='lat' dir='ltr'>valor</span> <span class='ocrx_word' id='word_1_337' title='bbox 1167 2783 1477 2832; x_wconf 90' lang='lat' dir='ltr'>aestimationis,</span> <span class='ocrx_word' id='word_1_338' title='bbox 1499 2781 1569 2824; x_wconf 89' lang='lat' dir='ltr'>sed</span> <span class='ocrx_word' id='word_1_339' title='bbox 1595 2783 1715 2829; x_wconf 85' lang='lat' dir='ltr'>etiam</span> 
     </span>
    </p>
   </div>
   <div class='ocr_carea' id='block_1_4' title="bbox 209 2931 1713 2974">
    <p class='ocr_par' dir='ltr' id='par_1_7' title="bbox 209 2931 1713 2974">
     <span class='ocr_line' id='line_1_39' title="bbox 209 2931 1713 2974; baseline 0.003 -9"><span class='ocrx_word' id='word_1_340' title='bbox 209 2932 219 2953; x_wconf 79' lang='lat'>1</span> <span class='ocrx_word' id='word_1_341' title='bbox 248 2931 450 2966; x_wconf 77' lang='lat' dir='ltr'>Dioecesis</span> <span class='ocrx_word' id='word_1_342' title='bbox 476 2931 522 2966; x_wconf 82' lang='lat' dir='ltr'>N.</span> <span class='ocrx_word' id='word_1_343' title='bbox 552 2931 815 2967; x_wconf 82' lang='lat' dir='ltr'>Donariorum</span> <span class='ocrx_word' id='word_1_344' title='bbox 850 2934 1086 2968; x_wconf 76' lang='lat' dir='ltr'>votivorum.</span> <span class='ocrx_word' id='word_1_345' title='bbox 1118 2935 1161 2968; x_wconf 74' lang='lat'>12</span> <span class='ocrx_word' id='word_1_346' title='bbox 1187 2934 1262 2968; x_wconf 85' lang='lat' dir='ltr'>Iul.</span> <span class='ocrx_word' id='word_1_347' title='bbox 1295 2934 1396 2969; x_wconf 81' lang='lat'>1919.</span> <span class='ocrx_word' id='word_1_348' title='bbox 1427 2933 1503 2968; x_wconf 92' lang='lat' dir='ltr'>CO.</span> <span class='ocrx_word' id='word_1_349' title='bbox 1533 2933 1603 2974; x_wconf 84' lang='lat' dir='ltr'>XI,</span> <span class='ocrx_word' id='word_1_350' title='bbox 1631 2934 1713 2969; x_wconf 82' lang='lat'>417.</span> 
     </span>
    </p>
   </div>
  </div>
 </body>
</html>
