<?xml version="1.0" encoding="UTF-8"?>
<!DOCTYPE html PUBLIC "-//W3C//DTD XHTML 1.0 Transitional//EN"
    "http://www.w3.org/TR/xhtml1/DTD/xhtml1-transitional.dtd">
<html xmlns="http://www.w3.org/1999/xhtml" xml:lang="en" lang="en">
 <head>
  <title>
</title>
<meta http-equiv="Content-Type" content="text/html;charset=utf-8" />
  <meta name='ocr-system' content='tesseract 3.04.00' />
  <meta name='ocr-capabilities' content='ocr_page ocr_carea ocr_par ocr_line ocrx_word'/>
</head>
<body>
  <div class='ocr_page' id='page_1' title='image "./commentariumtext03blatuoft_0419.png"; bbox 0 0 1965 3240; ppageno 0'>
   <div class='ocr_carea' id='block_1_1' title="bbox 498 135 1749 180">
    <p class='ocr_par' dir='ltr' id='par_1_1' title="bbox 498 135 1749 180">
     <span class='ocr_line' id='line_1_1' title="bbox 498 135 1749 180; baseline -0.001 -10"><span class='ocrx_word' id='word_1_1' title='bbox 498 136 581 170; x_wconf 75' lang='lat' dir='ltr'>Ti&#39;r.</span> <span class='ocrx_word' id='word_1_2' title='bbox 609 136 735 171; x_wconf 69' lang='lat' dir='ltr'>XXV.</span> <span class='ocrx_word' id='word_1_3' title='bbox 765 156 776 161; x_wconf 96' lang='lat'>-</span> <span class='ocrx_word' id='word_1_4' title='bbox 804 136 861 170; x_wconf 85' lang='lat' dir='ltr'>De</span> <span class='ocrx_word' id='word_1_5' title='bbox 886 136 1077 180; x_wconf 72' lang='lat' dir='ltr'>beneficiis·</span> <span class='ocrx_word' id='word_1_6' title='bbox 1103 137 1368 170; x_wconf 67' lang='lat' dir='ltr'>ecclesiasticis</span> <span class='ocrx_word' id='word_1_7' title='bbox 1679 135 1749 169; x_wconf 75' lang='lat'>407</span> 
     </span>
    </p>
   </div>
   <div class='ocr_carea' id='block_1_2' title="bbox 163 197 1744 202">
    <p class='ocr_par' dir='ltr' id='par_1_2' title="bbox 163 197 1744 202">
     <span class='ocr_line' id='line_1_2' title="bbox 163 197 1744 202; baseline 0 0"><span class='ocrx_word' id='word_1_8' title='bbox 163 197 1744 202; x_wconf 95' lang='lat' dir='ltr'> </span> 
     </span>
    </p>
   </div>
   <div class='ocr_carea' id='block_1_3' title="bbox 115 254 1758 2794">
    <p class='ocr_par' dir='ltr' id='par_1_3' title="bbox 116 254 1753 1661">
     <span class='ocr_line' id='line_1_3' title="bbox 236 254 1753 314; baseline -0.001 -14"><span class='ocrx_word' id='word_1_9' title='bbox 236 257 279 300; x_wconf 92' lang='lat' dir='ltr'>ln</span> <span class='ocrx_word' id='word_1_10' title='bbox 314 255 494 314; x_wconf 83' lang='lat' dir='ltr'>Epistola</span> <span class='ocrx_word' id='word_1_11' title='bbox 528 256 566 301; x_wconf 81' lang='lat' dir='ltr'>S.</span> <span class='ocrx_word' id='word_1_12' title='bbox 600 255 643 300; x_wconf 89' lang='lat' dir='ltr'>C.</span> <span class='ocrx_word' id='word_1_13' title='bbox 679 270 751 313; x_wconf 90' lang='lat' dir='ltr'>pro</span> <span class='ocrx_word' id='word_1_14' title='bbox 795 254 896 312; x_wconf 87' lang='lat' dir='ltr'>Neg.</span> <span class='ocrx_word' id='word_1_15' title='bbox 932 254 1089 298; x_wconf 83' lang='lat' dir='ltr'>EccleS.</span> <span class='ocrx_word' id='word_1_16' title='bbox 1137 254 1389 298; x_wconf 53' lang='grc' dir='ltr'>ΕκῑῐιῊοι-(Ι.1</span> <span class='ocrx_word' id='word_1_17' title='bbox 1429 257 1606 299; x_wconf 83' lang='lat' dir='ltr'>ret&#39;ertur</span> <span class='ocrx_word' id='word_1_18' title='bbox 1641 255 1753 299; x_wconf 82' lang='lat' dir='ltr'>«Du-</span> 
     </span>
     <span class='ocr_line' id='line_1_4' title="bbox 120 326 1749 385; baseline -0.002 -12"><span class='ocrx_word' id='word_1_19' title='bbox 120 329 233 374; x_wconf 92' lang='lat' dir='ltr'>bium</span> <span class='ocrx_word' id='word_1_20' title='bbox 267 329 478 385; x_wconf 81' lang='lat' dir='ltr'>sequentis</span> <span class='ocrx_word' id='word_1_21' title='bbox 511 329 685 370; x_wconf 84' lang='lat' dir='ltr'>tenoris:</span> <span class='ocrx_word' id='word_1_22' title='bbox 720 332 857 370; x_wconf 89' lang='lat' dir='ltr'>utrum</span> <span class='ocrx_word' id='word_1_23' title='bbox 893 326 986 369; x_wconf 91' lang='lat' dir='ltr'>data</span> <span class='ocrx_word' id='word_1_24' title='bbox 1021 328 1266 369; x_wconf 84' lang='lat' dir='ltr'>necessitate</span> <span class='ocrx_word' id='word_1_25' title='bbox 1308 326 1616 370; x_wconf 92' lang='lat' dir='ltr'>dimembrandi</span> <span class='ocrx_word' id='word_1_26' title='bbox 1652 340 1749 369; x_wconf 90' lang='lat' dir='ltr'>non-</span> 
     </span>
     <span class='ocr_line' id='line_1_5' title="bbox 119 395 1750 455; baseline -0.002 -11"><span class='ocrx_word' id='word_1_27' title='bbox 119 399 253 444; x_wconf 87' lang='lat' dir='ltr'>nullas</span> <span class='ocrx_word' id='word_1_28' title='bbox 287 400 515 455; x_wconf 75' lang='lat' dir='ltr'>paroecias,</span> <span class='ocrx_word' id='word_1_29' title='bbox 546 397 669 454; x_wconf 78' lang='lat' dir='ltr'>pleno</span> <span class='ocrx_word' id='word_1_30' title='bbox 704 397 796 440; x_wconf 78' lang='lat' dir='ltr'>iure.</span> <span class='ocrx_word' id='word_1_31' title='bbox 828 396 1008 441; x_wconf 90' lang='lat' dir='ltr'>creditas</span> <span class='ocrx_word' id='word_1_32' title='bbox 1039 395 1308 439; x_wconf 83' lang='lat' dir='ltr'>Missionariis</span> <span class='ocrx_word' id='word_1_33' title='bbox 1352 397 1572 453; x_wconf 72' lang='lat' dir='ltr'>religiosis,</span> <span class='ocrx_word' id='word_1_34' title='bbox 1618 410 1750 441; x_wconf 70' lang='lat' dir='ltr'>norae</span> 
     </span>
     <span class='ocr_line' id='line_1_6' title="bbox 118 468 1749 528; baseline -0.001 -14"><span class='ocrx_word' id='word_1_35' title='bbox 118 472 335 528; x_wconf 79' lang='lat' dir='ltr'>paroeciae</span> <span class='ocrx_word' id='word_1_36' title='bbox 369 469 514 512; x_wconf 88' lang='lat' dir='ltr'>tiliales</span> <span class='ocrx_word' id='word_1_37' title='bbox 538 468 754 512; x_wconf 82' lang='lat' dir='ltr'>habendae</span> <span class='ocrx_word' id='word_1_38' title='bbox 785 470 865 511; x_wconf 91' lang='lat' dir='ltr'>sint</span> <span class='ocrx_word' id='word_1_39' title='bbox 898 481 975 511; x_wconf 87' lang='lat' dir='ltr'>ceu</span> <span class='ocrx_word' id='word_1_40' title='bbox 1009 468 1180 510; x_wconf 79' lang='lat' dir='ltr'>affectae</span> <span class='ocrx_word' id='word_1_41' title='bbox 1214 468 1359 511; x_wconf 91' lang='lat' dir='ltr'>eodem</span> <span class='ocrx_word' id='word_1_42' title='bbox 1397 471 1485 511; x_wconf 89' lang='lat' dir='ltr'>iure</span> <span class='ocrx_word' id='word_1_43' title='bbox 1520 470 1664 511; x_wconf 78' lang='lat' dir='ltr'>lavore</span> <span class='ocrx_word' id='word_1_44' title='bbox 1689 483 1749 512; x_wconf 90' lang='lat' dir='ltr'>re-</span> 
     </span>
     <span class='ocr_line' id='line_1_7' title="bbox 118 539 1750 598; baseline -0.002 -13"><span class='ocrx_word' id='word_1_45' title='bbox 118 542 358 598; x_wconf 86' lang='lat' dir='ltr'>ligiosorum</span> <span class='ocrx_word' id='word_1_46' title='bbox 393 540 650 595; x_wconf 89' lang='lat' dir='ltr'>eorumdem,</span> <span class='ocrx_word' id='word_1_47' title='bbox 677 544 880 597; x_wconf 83' lang='lat' dir='ltr'>quatenus</span> <span class='ocrx_word' id='word_1_48' title='bbox 915 540 1005 596; x_wconf 87' lang='lat' dir='ltr'>ipsi,</span> <span class='ocrx_word' id='word_1_49' title='bbox 1030 552 1122 581; x_wconf 91' lang='lat' dir='ltr'>cum</span> <span class='ocrx_word' id='word_1_50' title='bbox 1166 539 1315 595; x_wconf 89' lang='lat' dir='ltr'>populo</span> <span class='ocrx_word' id='word_1_51' title='bbox 1351 542 1598 595; x_wconf 72' lang='lat' dir='ltr'>respective,</span> <span class='ocrx_word' id='word_1_52' title='bbox 1626 552 1750 583; x_wconf 88' lang='lat' dir='ltr'>onera</span> 
     </span>
     <span class='ocr_line' id='line_1_8' title="bbox 117 609 1749 667; baseline -0.003 -10"><span class='ocrx_word' id='word_1_53' title='bbox 117 617 266 657; x_wconf 89' lang='lat' dir='ltr'>cuncta</span> <span class='ocrx_word' id='word_1_54' title='bbox 299 613 549 667; x_wconf 84' lang='lat' dir='ltr'>suscipiant:</span> <span class='ocrx_word' id='word_1_55' title='bbox 585 613 650 654; x_wconf 88' lang='lat' dir='ltr'>cui</span> <span class='ocrx_word' id='word_1_56' title='bbox 686 610 812 654; x_wconf 90' lang='lat' dir='ltr'>dubio</span> <span class='ocrx_word' id='word_1_57' title='bbox 838 609 1168 667; x_wconf 86' lang='lat' dir='ltr'>respondebatur</span> <span class='ocrx_word' id='word_1_58' title='bbox 1174 643 1241 653; x_wconf 92' lang='grc'><strong>.....</strong></span> <span class='ocrx_word' id='word_1_59' title='bbox 1268 609 1305 653; x_wconf 66' lang='lat'>‘’2.</span> <span class='ocrx_word' id='word_1_60' title='bbox 1333 609 1561 666; x_wconf 81' lang='lat' dir='ltr'>Religiosos</span> <span class='ocrx_word' id='word_1_61' title='bbox 1586 612 1647 652; x_wconf 82' lang='lat' dir='ltr'>ins</span> <span class='ocrx_word' id='word_1_62' title='bbox 1671 623 1749 653; x_wconf 92' lang='lat' dir='ltr'>non</span> 
     </span>
     <span class='ocr_line' id='line_1_9' title="bbox 117 679 1750 738; baseline -0.002 -11"><span class='ocrx_word' id='word_1_63' title='bbox 117 682 271 727; x_wconf 88' lang='lat' dir='ltr'>habere</span> <span class='ocrx_word' id='word_1_64' title='bbox 304 682 353 726; x_wconf 90' lang='lat' dir='ltr'>ad</span> <span class='ocrx_word' id='word_1_65' title='bbox 391 694 542 725; x_wconf 91' lang='lat' dir='ltr'>novam</span> <span class='ocrx_word' id='word_1_66' title='bbox 580 683 830 738; x_wconf 89' lang='lat' dir='ltr'>paroeciam,</span> <span class='ocrx_word' id='word_1_67' title='bbox 870 693 1005 738; x_wconf 84' lang='lat' dir='ltr'>neque</span> <span class='ocrx_word' id='word_1_68' title='bbox 1038 679 1149 723; x_wconf 90' lang='lat' dir='ltr'>illam</span> <span class='ocrx_word' id='word_1_69' title='bbox 1184 679 1433 736; x_wconf 82' lang='lat' dir='ltr'>Episcopum</span> <span class='ocrx_word' id='word_1_70' title='bbox 1469 681 1622 723; x_wconf 89' lang='lat' dir='ltr'>eisdem</span> <span class='ocrx_word' id='word_1_71' title='bbox 1659 694 1750 724; x_wconf 87' lang='lat' dir='ltr'>con-</span> 
     </span>
     <span class='ocr_line' id='line_1_10' title="bbox 116 751 1750 811; baseline -0.002 -12"><span class='ocrx_word' id='word_1_72' title='bbox 116 757 269 799; x_wconf 83' lang='lat' dir='ltr'>cedere</span> <span class='ocrx_word' id='word_1_73' title='bbox 303 766 434 811; x_wconf 87' lang='lat' dir='ltr'>posse.</span> <span class='ocrx_word' id='word_1_74' title='bbox 470 753 507 796; x_wconf 85' lang='lat'>3.</span> <span class='ocrx_word' id='word_1_75' title='bbox 544 752 759 807; x_wconf 85' lang='lat' dir='ltr'>Quatenus</span> <span class='ocrx_word' id='word_1_76' title='bbox 809 751 1037 808; x_wconf 88' lang='lat' dir='ltr'>Episcopus</span> <span class='ocrx_word' id='word_1_77' title='bbox 1080 751 1215 794; x_wconf 88' lang='lat' dir='ltr'>eidem</span> <span class='ocrx_word' id='word_1_78' title='bbox 1267 753 1484 807; x_wconf 84' lang='lat' dir='ltr'>paroeciae</span> <span class='ocrx_word' id='word_1_79' title='bbox 1532 751 1750 795; x_wconf 88' lang='lat' dir='ltr'>consulere</span> 
     </span>
     <span class='ocr_line' id='line_1_11' title="bbox 118 821 1751 884; baseline -0.002 -15"><span class='ocrx_word' id='word_1_80' title='bbox 118 829 309 884; x_wconf 78' lang='lat' dir='ltr'>nequeat,</span> <span class='ocrx_word' id='word_1_81' title='bbox 346 824 647 868; x_wconf 91' lang='lat' dir='ltr'>recurrendum</span> <span class='ocrx_word' id='word_1_82' title='bbox 674 825 709 866; x_wconf 90' lang='lat' dir='ltr'>ei</span> <span class='ocrx_word' id='word_1_83' title='bbox 744 836 833 866; x_wconf 83' lang='lat' dir='ltr'>esse</span> <span class='ocrx_word' id='word_1_84' title='bbox 857 822 907 866; x_wconf 87' lang='lat' dir='ltr'>ad</span> <span class='ocrx_word' id='word_1_85' title='bbox 933 821 1213 878; x_wconf 88' lang='lat' dir='ltr'>Apostolicam</span> <span class='ocrx_word' id='word_1_86' title='bbox 1238 821 1386 865; x_wconf 82' lang='lat' dir='ltr'>Sedem</span> <span class='ocrx_word' id='word_1_87' title='bbox 1413 836 1485 876; x_wconf 89' lang='lat' dir='ltr'>pro</span> <span class='ocrx_word' id='word_1_88' title='bbox 1508 825 1751 878; x_wconf 85' lang='lat' dir='ltr'>opportunis</span> 
     </span>
     <span class='ocr_line' id='line_1_12' title="bbox 117 892 1748 951; baseline -0.004 -11"><span class='ocrx_word' id='word_1_89' title='bbox 117 894 396 950; x_wconf 81' lang='lat' dir='ltr'>facultatibus,</span> <span class='ocrx_word' id='word_1_90' title='bbox 437 899 480 937; x_wconf 88' lang='lat' dir='ltr'>ut</span> <span class='ocrx_word' id='word_1_91' title='bbox 513 894 732 951; x_wconf 84' lang='lat' dir='ltr'>Religiosis</span> <span class='ocrx_word' id='word_1_92' title='bbox 766 895 996 950; x_wconf 88' lang='lat' dir='ltr'>provisorie</span> <span class='ocrx_word' id='word_1_93' title='bbox 1029 905 1119 936; x_wconf 84' lang='lat' dir='ltr'>eam</span> <span class='ocrx_word' id='word_1_94' title='bbox 1155 893 1386 936; x_wconf 80' lang='lat' dir='ltr'>concedere</span> <span class='ocrx_word' id='word_1_95' title='bbox 1423 892 1570 946; x_wconf 73' lang='lat' dir='ltr'>valeat,</span> <span class='ocrx_word' id='word_1_96' title='bbox 1604 892 1748 936; x_wconf 89' lang='lat' dir='ltr'>eadem</span> 
     </span>
     <span class='ocr_line' id='line_1_13' title="bbox 118 963 1751 1025; baseline -0.002 -15"><span class='ocrx_word' id='word_1_97' title='bbox 118 971 387 1025; x_wconf 84' lang='lat' dir='ltr'>permanente</span> <span class='ocrx_word' id='word_1_98' title='bbox 421 965 625 1009; x_wconf 87' lang='lat' dir='ltr'>saeculari</span> <span class='ocrx_word' id='word_1_99' title='bbox 669 970 707 1008; x_wconf 91' lang='lat' dir='ltr'>et</span> <span class='ocrx_word' id='word_1_100' title='bbox 752 964 906 1009; x_wconf 87' lang='lat' dir='ltr'>liberae</span> <span class='ocrx_word' id='word_1_101' title='bbox 940 964 1149 1008; x_wconf 87' lang='lat' dir='ltr'>collationi</span> <span class='ocrx_word' id='word_1_102' title='bbox 1175 980 1213 1005; x_wconf 68' lang='lat' dir='ltr'>J).</span> <span class='ocrx_word' id='word_1_103' title='bbox 1248 963 1494 1007; x_wconf 79' lang='lat' dir='ltr'>Huiilsmodi</span> <span class='ocrx_word' id='word_1_104' title='bbox 1533 963 1751 1020; x_wconf 73' lang='lat' dir='ltr'>disciplina</span> 
     </span>
     <span class='ocr_line' id='line_1_14' title="bbox 118 1034 1749 1094; baseline -0.003 -13"><span class='ocrx_word' id='word_1_105' title='bbox 118 1042 257 1082; x_wconf 87' lang='lat' dir='ltr'>manet</span> <span class='ocrx_word' id='word_1_106' title='bbox 288 1037 403 1081; x_wconf 80' lang='lat' dir='ltr'>salva</span> <span class='ocrx_word' id='word_1_107' title='bbox 439 1039 477 1079; x_wconf 86' lang='lat' dir='ltr'>in</span> <span class='ocrx_word' id='word_1_108' title='bbox 511 1036 538 1094; x_wconf 68' lang='grc' dir='ltr'>ξ</span> <span class='ocrx_word' id='word_1_109' title='bbox 569 1038 611 1081; x_wconf 78' lang='lat'>5.</span> <span class='ocrx_word' id='word_1_110' title='bbox 652 1035 797 1079; x_wconf 69' lang='lat' dir='ltr'>Divisa</span> <span class='ocrx_word' id='word_1_111' title='bbox 827 1035 1029 1094; x_wconf 79' lang='lat' dir='ltr'>paroecia</span> <span class='ocrx_word' id='word_1_112' title='bbox 1062 1049 1169 1093; x_wconf 81' lang='lat' dir='ltr'>qnae</span> <span class='ocrx_word' id='word_1_113' title='bbox 1202 1035 1257 1078; x_wconf 70' lang='lat' dir='ltr'>acl</span> <span class='ocrx_word' id='word_1_114' title='bbox 1291 1034 1479 1092; x_wconf 73' lang='lat' dir='ltr'>aliquam</span> <span class='ocrx_word' id='word_1_115' title='bbox 1503 1034 1749 1091; x_wconf 68' lang='lat' dir='ltr'>reliqionem</span> 
     </span>
     <span class='ocr_line' id='line_1_15' title="bbox 117 1105 1749 1167; baseline -0.002 -15"><span class='ocrx_word' id='word_1_116' title='bbox 117 1113 293 1167; x_wconf 77' lang='lat' dir='ltr'>spectat,</span> <span class='ocrx_word' id='word_1_117' title='bbox 317 1110 391 1151; x_wconf 90' lang='lat' dir='ltr'>etsi</span> <span class='ocrx_word' id='word_1_118' title='bbox 420 1123 440 1148; x_wconf 71' lang='grc' dir='ltr'>α</span> <span class='ocrx_word' id='word_1_119' title='bbox 459 1107 600 1151; x_wconf 87' lang='lat' dir='ltr'>domui</span> <span class='ocrx_word' id='word_1_120' title='bbox 627 1107 847 1164; x_wconf 80' lang='lat' dir='ltr'>religiosae</span> <span class='ocrx_word' id='word_1_121' title='bbox 873 1106 992 1163; x_wconf 90' lang='lat' dir='ltr'>pleno</span> <span class='ocrx_word' id='word_1_122' title='bbox 1017 1108 1106 1149; x_wconf 93' lang='lat' dir='ltr'>iure</span> <span class='ocrx_word' id='word_1_123' title='bbox 1130 1108 1287 1149; x_wconf 89' lang='lat' dir='ltr'>unitam</span> <span class='ocrx_word' id='word_1_124' title='bbox 1312 1122 1332 1147; x_wconf 67' lang='lat'>3)</span> <span class='ocrx_word' id='word_1_125' title='bbox 1362 1105 1471 1162; x_wconf 89' lang='lat' dir='ltr'>(can.</span> <span class='ocrx_word' id='word_1_126' title='bbox 1498 1105 1625 1160; x_wconf 67' lang='lat'>1425,</span> <span class='ocrx_word' id='word_1_127' title='bbox 1649 1108 1673 1159; x_wconf 56' lang='grc' dir='ltr'><strong>ἓ</strong></span> <span class='ocrx_word' id='word_1_128' title='bbox 1693 1105 1749 1163; x_wconf 71' lang='lat'>⁴2),</span> 
     </span>
     <span class='ocr_line' id='line_1_16' title="bbox 116 1176 1752 1237; baseline -0.002 -14"><span class='ocrx_word' id='word_1_129' title='bbox 116 1179 280 1223; x_wconf 73' lang='lat' dir='ltr'>vicaria</span> <span class='ocrx_word' id='word_1_130' title='bbox 321 1184 526 1237; x_wconf 76' lang='lat' dir='ltr'>perpetua</span> <span class='ocrx_word' id='word_1_131' title='bbox 561 1183 634 1220; x_wconf 79' lang='lat' dir='ltr'>ciat</span> <span class='ocrx_word' id='word_1_132' title='bbox 666 1177 865 1235; x_wconf 78' lang='lat' dir='ltr'>paroecia</span> <span class='ocrx_word' id='word_1_133' title='bbox 900 1177 1028 1220; x_wconf 87' lang='lat' dir='ltr'>relate</span> <span class='ocrx_word' id='word_1_134' title='bbox 1061 1177 1111 1220; x_wconf 89' lang='lat' dir='ltr'>ad</span> <span class='ocrx_word' id='word_1_135' title='bbox 1146 1180 1171 1231; x_wconf 61' lang='grc' dir='ltr'>ξ</span> <span class='ocrx_word' id='word_1_136' title='bbox 1204 1177 1224 1220; x_wconf 92' lang='grc'>1</span> <span class='ocrx_word' id='word_1_137' title='bbox 1262 1190 1310 1220; x_wconf 85' lang='lat' dir='ltr'>ex</span> <span class='ocrx_word' id='word_1_138' title='bbox 1346 1177 1551 1220; x_wconf 85' lang='lat' dir='ltr'>divisione</span> <span class='ocrx_word' id='word_1_139' title='bbox 1589 1176 1752 1219; x_wconf 65' lang='lat' dir='ltr'>noviler</span> 
     </span>
     <span class='ocr_line' id='line_1_17' title="bbox 117 1248 1748 1306; baseline -0.002 -12"><span class='ocrx_word' id='word_1_140' title='bbox 117 1255 257 1294; x_wconf 76' lang='lat' dir='ltr'>erecta</span> <span class='ocrx_word' id='word_1_141' title='bbox 290 1263 370 1293; x_wconf 88' lang='lat' dir='ltr'>non</span> <span class='ocrx_word' id='word_1_142' title='bbox 403 1255 463 1292; x_wconf 79' lang='lat' dir='ltr'>est</span> <span class='ocrx_word' id='word_1_143' title='bbox 498 1248 714 1306; x_wconf 69' lang='lat' dir='ltr'>reliqiosa,</span> <span class='ocrx_word' id='word_1_144' title='bbox 738 1248 809 1292; x_wconf 90' lang='lat' dir='ltr'>sed</span> <span class='ocrx_word' id='word_1_145' title='bbox 845 1248 1084 1303; x_wconf 87' lang='lat' dir='ltr'>saecularis,</span> <span class='ocrx_word' id='word_1_146' title='bbox 1119 1248 1229 1291; x_wconf 90' lang='lat' dir='ltr'>unde</span> <span class='ocrx_word' id='word_1_147' title='bbox 1264 1248 1384 1303; x_wconf 84' lang='lat' dir='ltr'>plene</span> <span class='ocrx_word' id='word_1_148' title='bbox 1419 1249 1532 1304; x_wconf 80' lang='lat' dir='ltr'>viget</span> <span class='ocrx_word' id='word_1_149' title='bbox 1564 1261 1614 1291; x_wconf 81' lang='lat' dir='ltr'>ex</span> <span class='ocrx_word' id='word_1_150' title='bbox 1653 1261 1748 1291; x_wconf 86' lang='lat' dir='ltr'>con—</span> 
     </span>
     <span class='ocr_line' id='line_1_18' title="bbox 116 1318 1752 1379; baseline -0.002 -14"><span class='ocrx_word' id='word_1_151' title='bbox 116 1323 306 1379; x_wconf 88' lang='lat' dir='ltr'>sequenti</span> <span class='ocrx_word' id='word_1_152' title='bbox 331 1320 558 1364; x_wconf 84' lang='lat' dir='ltr'>declaratio</span> <span class='ocrx_word' id='word_1_153' title='bbox 585 1321 791 1376; x_wconf 72' lang='lat' dir='ltr'>praefata,</span> <span class='ocrx_word' id='word_1_154' title='bbox 826 1322 944 1363; x_wconf 87' lang='lat' dir='ltr'>cuius</span> <span class='ocrx_word' id='word_1_155' title='bbox 969 1321 1189 1376; x_wconf 88' lang='lat' dir='ltr'>postremis</span> <span class='ocrx_word' id='word_1_156' title='bbox 1216 1318 1353 1362; x_wconf 82' lang='lat' dir='ltr'>verbis</span> <span class='ocrx_word' id='word_1_157' title='bbox 1377 1332 1550 1362; x_wconf 90' lang='lat' dir='ltr'>concors</span> <span class='ocrx_word' id='word_1_158' title='bbox 1574 1323 1633 1361; x_wconf 85' lang='lat' dir='ltr'>est</span> <span class='ocrx_word' id='word_1_159' title='bbox 1658 1331 1752 1375; x_wconf 91' lang='lat' dir='ltr'>pars</span> 
     </span>
     <span class='ocr_line' id='line_1_19' title="bbox 117 1389 1753 1450; baseline -0.003 -14"><span class='ocrx_word' id='word_1_160' title='bbox 117 1405 296 1450; x_wconf 89' lang='lat' dir='ltr'>sequens</span> <span class='ocrx_word' id='word_1_161' title='bbox 330 1394 368 1434; x_wconf 91' lang='lat' dir='ltr'>in</span> <span class='ocrx_word' id='word_1_162' title='bbox 405 1391 450 1449; x_wconf 69' lang='lat'>§⁰</span> <span class='ocrx_word' id='word_1_163' title='bbox 483 1391 651 1448; x_wconf 83' lang='lat' dir='ltr'>pariter</span> <span class='ocrx_word' id='word_1_164' title='bbox 683 1389 821 1433; x_wconf 72' lang='lat' dir='ltr'>divisa</span> <span class='ocrx_word' id='word_1_165' title='bbox 853 1390 1055 1448; x_wconf 76' lang='lat' dir='ltr'>paroecia</span> <span class='ocrx_word' id='word_1_166' title='bbox 1088 1389 1198 1432; x_wconf 80' lang='lat' dir='ltr'>iaris</span> <span class='ocrx_word' id='word_1_167' title='bbox 1228 1395 1484 1447; x_wconf 80' lang='lat' dir='ltr'>palronalas</span> <span class='ocrx_word' id='word_1_168' title='bbox 1512 1391 1601 1433; x_wconf 78' lang='lat' dir='ltr'>sive</span> <span class='ocrx_word' id='word_1_169' title='bbox 1624 1389 1753 1433; x_wconf 85' lang='lat' dir='ltr'>eccle-</span> 
     </span>
     <span class='ocr_line' id='line_1_20' title="bbox 117 1459 1751 1519; baseline -0.002 -12"><span class='ocrx_word' id='word_1_170' title='bbox 117 1465 270 1507; x_wconf 89' lang='lat' dir='ltr'>siastici</span> <span class='ocrx_word' id='word_1_171' title='bbox 305 1464 393 1506; x_wconf 82' lang='lat' dir='ltr'>sive</span> <span class='ocrx_word' id='word_1_172' title='bbox 428 1462 597 1517; x_wconf 88' lang='lat' dir='ltr'>laicalis,</span> <span class='ocrx_word' id='word_1_173' title='bbox 631 1475 736 1504; x_wconf 81' lang='lat' dir='ltr'>noca</span> <span class='ocrx_word' id='word_1_174' title='bbox 777 1461 979 1519; x_wconf 81' lang='lat' dir='ltr'>paroecia</span> <span class='ocrx_word' id='word_1_175' title='bbox 1026 1475 1076 1504; x_wconf 86' lang='lat' dir='ltr'>ex</span> <span class='ocrx_word' id='word_1_176' title='bbox 1125 1461 1349 1516; x_wconf 80' lang='lat' dir='ltr'>divisione,</span> <span class='ocrx_word' id='word_1_177' title='bbox 1393 1473 1439 1504; x_wconf 91' lang='lat' dir='ltr'>ac</span> <span class='ocrx_word' id='word_1_178' title='bbox 1483 1460 1535 1504; x_wconf 90' lang='lat' dir='ltr'>ob</span> <span class='ocrx_word' id='word_1_179' title='bbox 1577 1459 1751 1504; x_wconf 72' lang='lat' dir='ltr'>verbum</span> 
     </span>
     <span class='ocr_line' id='line_1_21' title="bbox 122 1530 1753 1590; baseline -0.001 -15"><span class='ocrx_word' id='word_1_180' title='bbox 122 1535 363 1590; x_wconf 80' lang='lat' dir='ltr'>«pariter»</span> <span class='ocrx_word' id='word_1_181' title='bbox 416 1534 570 1575; x_wconf 89' lang='lat' dir='ltr'>vicaria</span> <span class='ocrx_word' id='word_1_182' title='bbox 607 1536 804 1588; x_wconf 87' lang='lat' dir='ltr'>perpetua</span> <span class='ocrx_word' id='word_1_183' title='bbox 853 1544 1020 1589; x_wconf 81' lang='lat' dir='ltr'>quoque</span> <span class='ocrx_word' id='word_1_184' title='bbox 1068 1536 1129 1573; x_wconf 83' lang='lat' dir='ltr'>est</span> <span class='ocrx_word' id='word_1_185' title='bbox 1165 1530 1324 1573; x_wconf 84' lang='lat' dir='ltr'>liberae</span> <span class='ocrx_word' id='word_1_186' title='bbox 1356 1530 1613 1586; x_wconf 81' lang='lat' dir='ltr'>collationis,</span> <span class='ocrx_word' id='word_1_187' title='bbox 1658 1543 1753 1573; x_wconf 87' lang='lat' dir='ltr'>cum</span> 
     </span>
     <span class='ocr_line' id='line_1_22' title="bbox 118 1602 868 1661; baseline -0.004 -13"><span class='ocrx_word' id='word_1_188' title='bbox 118 1609 293 1661; x_wconf 79' lang='lat' dir='ltr'>utraque</span> <span class='ocrx_word' id='word_1_189' title='bbox 327 1605 378 1647; x_wconf 89' lang='lat' dir='ltr'>sit</span> <span class='ocrx_word' id='word_1_190' title='bbox 412 1616 567 1646; x_wconf 87' lang='lat' dir='ltr'>novum</span> <span class='ocrx_word' id='word_1_191' title='bbox 605 1602 868 1646; x_wconf 71' lang='lat' dir='ltr'>beneficium.</span> 
     </span>
    </p>

    <p class='ocr_par' dir='ltr' id='par_1_4' title="bbox 115 1675 1758 2710">
     <span class='ocr_line' id='line_1_23' title="bbox 237 1675 1753 1731; baseline 0 -14"><span class='ocrx_word' id='word_1_192' title='bbox 237 1675 334 1718; x_wconf 67' lang='lat'>3⁵27.</span> <span class='ocrx_word' id='word_1_193' title='bbox 361 1676 681 1731; x_wconf 76' lang='lat' dir='ltr'>praescripta</span> <span class='ocrx_word' id='word_1_194' title='bbox 703 1676 1058 1721; x_wconf 83' lang='lat' dir='ltr'>mutationibus</span> <span class='ocrx_word' id='word_1_195' title='bbox 1080 1675 1435 1720; x_wconf 82' lang='lat' dir='ltr'>beneficiorum</span> <span class='ocrx_word' id='word_1_196' title='bbox 1465 1675 1753 1719; x_wconf 87' lang='lat' dir='ltr'>communia.</span> 
     </span>
     <span class='ocr_line' id='line_1_24' title="bbox 120 1743 1754 1801; baseline -0.002 -12"><span class='ocrx_word' id='word_1_197' title='bbox 120 1745 221 1791; x_wconf 85' lang='lat' dir='ltr'>Can.</span> <span class='ocrx_word' id='word_1_198' title='bbox 256 1747 390 1789; x_wconf 69' lang='grc'>1428.</span> <span class='ocrx_word' id='word_1_199' title='bbox 412 1744 440 1801; x_wconf 68' lang='grc' dir='ltr'>ξ</span> <span class='ocrx_word' id='word_1_200' title='bbox 464 1748 486 1788; x_wconf 87' lang='grc'>1</span> <span class='ocrx_word' id='word_1_201' title='bbox 511 1746 758 1788; x_wconf 81' lang='lat' dir='ltr'>uniformem</span> <span class='ocrx_word' id='word_1_202' title='bbox 785 1745 923 1788; x_wconf 87' lang='lat' dir='ltr'>reddit</span> <span class='ocrx_word' id='word_1_203' title='bbox 949 1745 1251 1801; x_wconf 84' lang='lat' dir='ltr'>legislationem</span> <span class='ocrx_word' id='word_1_204' title='bbox 1290 1747 1349 1787; x_wconf 88' lang='lat' dir='ltr'>sic</span> <span class='ocrx_word' id='word_1_205' title='bbox 1388 1748 1586 1788; x_wconf 88' lang='lat' dir='ltr'>statuens.</span> <span class='ocrx_word' id='word_1_206' title='bbox 1629 1743 1754 1787; x_wconf 83' lang='lat' dir='ltr'>Loco-</span> 
     </span>
     <span class='ocr_line' id='line_1_25' title="bbox 115 1815 1756 1872; baseline -0.002 -12"><span class='ocrx_word' id='word_1_207' title='bbox 115 1831 210 1860; x_wconf 76' lang='lat' dir='ltr'>rum</span> <span class='ocrx_word' id='word_1_208' title='bbox 247 1815 475 1861; x_wconf 83' lang='lat' dir='ltr'>Ordinarii</span> <span class='ocrx_word' id='word_1_209' title='bbox 507 1820 793 1872; x_wconf 84' lang='lat' dir='ltr'>competentes</span> <span class='ocrx_word' id='word_1_210' title='bbox 817 1818 928 1859; x_wconf 79' lang='lat' dir='ltr'>iuxta</span> <span class='ocrx_word' id='word_1_211' title='bbox 954 1818 1302 1859; x_wconf 89' lang='lat' dir='ltr'>commentarium</span> <span class='ocrx_word' id='word_1_212' title='bbox 1344 1828 1547 1858; x_wconf 88' lang='lat' dir='ltr'>canonum</span> <span class='ocrx_word' id='word_1_213' title='bbox 1590 1820 1756 1871; x_wconf 81' lang='lat' dir='ltr'>pi·aec.¹¹¹</span> 
     </span>
     <span class='ocr_line' id='line_1_26' title="bbox 117 1885 1756 1945; baseline -0.002 -14"><span class='ocrx_word' id='word_1_214' title='bbox 117 1887 292 1932; x_wconf 75' lang='lat' dir='ltr'>uniones</span> <span class='ocrx_word' id='word_1_215' title='bbox 315 1887 367 1931; x_wconf 91' lang='lat' dir='ltr'>de</span> <span class='ocrx_word' id='word_1_216' title='bbox 390 1886 541 1945; x_wconf 83' lang='lat' dir='ltr'>quibus</span> <span class='ocrx_word' id='word_1_217' title='bbox 565 1899 656 1930; x_wconf 92' lang='lat' dir='ltr'>can.</span> <span class='ocrx_word' id='word_1_218' title='bbox 683 1887 811 1942; x_wconf 61' lang='lat'>1423,</span> <span class='ocrx_word' id='word_1_219' title='bbox 834 1886 891 1945; x_wconf 59' lang='lat' dir='ltr'>§g</span> <span class='ocrx_word' id='word_1_220' title='bbox 913 1887 948 1942; x_wconf 86' lang='lat'>1,</span> <span class='ocrx_word' id='word_1_221' title='bbox 971 1887 1009 1941; x_wconf 75' lang='lat'>⁶2,</span> <span class='ocrx_word' id='word_1_222' title='bbox 1037 1885 1343 1929; x_wconf 70' lang='lat' dir='ltr'>translationes</span> <span class='ocrx_word' id='word_1_223' title='bbox 1367 1891 1411 1929; x_wconf 90' lang='lat' dir='ltr'>ut</span> <span class='ocrx_word' id='word_1_224' title='bbox 1435 1888 1472 1929; x_wconf 92' lang='lat' dir='ltr'>in</span> <span class='ocrx_word' id='word_1_225' title='bbox 1506 1898 1596 1929; x_wconf 87' lang='lat' dir='ltr'>can.</span> <span class='ocrx_word' id='word_1_226' title='bbox 1629 1885 1756 1939; x_wconf 69' lang='lat'>1426,</span> 
     </span>
     <span class='ocr_line' id='line_1_27' title="bbox 116 1956 1754 2014; baseline -0.001 -13"><span class='ocrx_word' id='word_1_227' title='bbox 116 1958 345 2002; x_wconf 76' lang='lat' dir='ltr'>divisiones</span> <span class='ocrx_word' id='word_1_228' title='bbox 370 1962 455 2001; x_wconf 88' lang='lat' dir='ltr'>tum</span> <span class='ocrx_word' id='word_1_229' title='bbox 480 1960 769 2014; x_wconf 89' lang='lat' dir='ltr'>paroeciarum</span> <span class='ocrx_word' id='word_1_230' title='bbox 795 1957 905 2014; x_wconf 89' lang='lat' dir='ltr'>(can.</span> <span class='ocrx_word' id='word_1_231' title='bbox 933 1958 1044 2000; x_wconf 67' lang='lat'>1427</span> <span class='ocrx_word' id='word_1_232' title='bbox 1070 1960 1095 2010; x_wconf 62' lang='grc' dir='ltr'>ἓ</span> <span class='ocrx_word' id='word_1_233' title='bbox 1122 1957 1162 2014; x_wconf 86' lang='grc'>1)</span> <span class='ocrx_word' id='word_1_234' title='bbox 1202 1965 1288 2000; x_wconf 86' lang='lat' dir='ltr'>tum</span> <span class='ocrx_word' id='word_1_235' title='bbox 1328 1956 1627 2000; x_wconf 85' lang='lat' dir='ltr'>beneficiorum</span> <span class='ocrx_word' id='word_1_236' title='bbox 1667 1968 1754 1999; x_wconf 87' lang='lat' dir='ltr'>sae-</span> 
     </span>
     <span class='ocr_line' id='line_1_28' title="bbox 117 2026 1756 2085; baseline -0.002 -12"><span class='ocrx_word' id='word_1_237' title='bbox 117 2029 336 2084; x_wconf 88' lang='lat' dir='ltr'>cularium,</span> <span class='ocrx_word' id='word_1_238' title='bbox 375 2027 767 2071; x_wconf 78' lang='lat' dir='ltr'>dismembrationes</span> <span class='ocrx_word' id='word_1_239' title='bbox 811 2030 1117 2085; x_wconf 82' lang='lat' dir='ltr'>paroeciarum,</span> <span class='ocrx_word' id='word_1_240' title='bbox 1164 2028 1272 2071; x_wconf 90' lang='lat' dir='ltr'>unde</span> <span class='ocrx_word' id='word_1_241' title='bbox 1311 2027 1562 2084; x_wconf 86' lang='lat' dir='ltr'>generaliter</span> <span class='ocrx_word' id='word_1_242' title='bbox 1604 2026 1756 2070; x_wconf 82' lang='lat' dir='ltr'>(licitur</span> 
     </span>
     <span class='ocr_line' id='line_1_29' title="bbox 118 2096 1755 2156; baseline -0.001 -15"><span class='ocrx_word' id='word_1_243' title='bbox 118 2098 425 2155; x_wconf 81' lang='lat' dir='ltr'>beneficiorum,</span> <span class='ocrx_word' id='word_1_244' title='bbox 456 2112 507 2141; x_wconf 88' lang='lat' dir='ltr'>ne</span> <span class='ocrx_word' id='word_1_245' title='bbox 535 2097 717 2156; x_wconf 79' lang='lat' dir='ltr'>faciant,</span> <span class='ocrx_word' id='word_1_246' title='bbox 741 2098 963 2155; x_wconf 87' lang='lat' dir='ltr'>probibitio</span> <span class='ocrx_word' id='word_1_247' title='bbox 988 2103 1162 2154; x_wconf 88' lang='lat' dir='ltr'>tantum,</span> <span class='ocrx_word' id='word_1_248' title='bbox 1187 2098 1273 2141; x_wconf 84' lang='lat' dir='ltr'>nisi</span> <span class='ocrx_word' id='word_1_249' title='bbox 1293 2111 1370 2155; x_wconf 83' lang='lat' dir='ltr'>per</span> <span class='ocrx_word' id='word_1_250' title='bbox 1393 2096 1678 2140; x_wconf 75' lang='lat' dir='ltr'>authenticam</span> <span class='ocrx_word' id='word_1_251' title='bbox 1704 2096 1755 2140; x_wconf 91' lang='lat' dir='ltr'>ob</span> 
     </span>
     <span class='ocr_line' id='line_1_30' title="bbox 117 2168 1756 2227; baseline -0.002 -14"><span class='ocrx_word' id='word_1_252' title='bbox 117 2172 234 2226; x_wconf 87' lang='lat' dir='ltr'>signa</span> <span class='ocrx_word' id='word_1_253' title='bbox 272 2169 335 2213; x_wconf 87' lang='lat' dir='ltr'>vel</span> <span class='ocrx_word' id='word_1_254' title='bbox 368 2171 659 2213; x_wconf 87' lang='lat' dir='ltr'>auctoritatem</span> <span class='ocrx_word' id='word_1_255' title='bbox 695 2169 904 2226; x_wconf 89' lang='lat' dir='ltr'>publicam</span> <span class='ocrx_word' id='word_1_256' title='bbox 939 2172 1149 2214; x_wconf 83' lang='lat' dir='ltr'>exarantis</span> <span class='ocrx_word' id='word_1_257' title='bbox 1172 2169 1445 2227; x_wconf 71' lang='lat' dir='ltr'>sm·i&#39;1)tzc1·‹1m‚</span> <span class='ocrx_word' id='word_1_258' title='bbox 1485 2181 1591 2226; x_wconf 82' lang='lat' dir='ltr'>quae</span> <span class='ocrx_word' id='word_1_259' title='bbox 1625 2168 1756 2211; x_wconf 88' lang='lat' dir='ltr'>dictas</span> 
     </span>
     <span class='ocr_line' id='line_1_31' title="bbox 121 2238 1756 2297; baseline -0.002 -14"><span class='ocrx_word' id='word_1_260' title='bbox 121 2242 369 2284; x_wconf 87' lang='lat' dir='ltr'>mutationes</span> <span class='ocrx_word' id='word_1_261' title='bbox 402 2241 553 2283; x_wconf 86' lang='lat' dir='ltr'>reserat</span> <span class='ocrx_word' id='word_1_262' title='bbox 586 2242 644 2283; x_wconf 87' lang='lat' dir='ltr'>uti</span> <span class='ocrx_word' id='word_1_263' title='bbox 682 2240 863 2283; x_wconf 90' lang='lat' dir='ltr'>medium</span> <span class='ocrx_word' id='word_1_264' title='bbox 901 2241 1125 2297; x_wconf 86' lang='lat' dir='ltr'>peragendi</span> <span class='ocrx_word' id='word_1_265' title='bbox 1161 2240 1264 2290; x_wconf 88' lang='lat' dir='ltr'>illas,</span> <span class='ocrx_word' id='word_1_266' title='bbox 1299 2239 1460 2282; x_wconf 69' lang='lat' dir='ltr'>audilis</span> <span class='ocrx_word' id='word_1_267' title='bbox 1493 2239 1543 2282; x_wconf 91' lang='lat' dir='ltr'>ad</span> <span class='ocrx_word' id='word_1_268' title='bbox 1571 2238 1756 2282; x_wconf 69' lang='lat' dir='ltr'>validita-</span> 
     </span>
     <span class='ocr_line' id='line_1_32' title="bbox 120 2309 1755 2369; baseline -0.002 -15"><span class='ocrx_word' id='word_1_269' title='bbox 120 2315 201 2354; x_wconf 90' lang='lat' dir='ltr'>tem</span> <span class='ocrx_word' id='word_1_270' title='bbox 237 2313 275 2354; x_wconf 91' lang='lat' dir='ltr'>in</span> <span class='ocrx_word' id='word_1_271' title='bbox 309 2323 400 2354; x_wconf 87' lang='lat' dir='ltr'>can.</span> <span class='ocrx_word' id='word_1_272' title='bbox 436 2311 535 2365; x_wconf 78' lang='lat'>105,</span> <span class='ocrx_word' id='word_1_273' title='bbox 572 2310 617 2353; x_wconf 77' lang='lat' dir='ltr'>1O</span> <span class='ocrx_word' id='word_1_274' title='bbox 648 2310 690 2367; x_wconf 89' lang='lat' dir='ltr'>a)</span> <span class='ocrx_word' id='word_1_275' title='bbox 718 2310 914 2369; x_wconf 78' lang='lat' dir='ltr'>Capitale</span> <span class='ocrx_word' id='word_1_276' title='bbox 943 2310 1193 2355; x_wconf 79' lang='lat' dir='ltr'>Cathedrali</span> <span class='ocrx_word' id='word_1_277' title='bbox 1215 2324 1397 2367; x_wconf 82' lang='lat' dir='ltr'>semper,</span> <span class='ocrx_word' id='word_1_278' title='bbox 1431 2315 1474 2353; x_wconf 90' lang='lat' dir='ltr'>ut</span> <span class='ocrx_word' id='word_1_279' title='bbox 1514 2309 1692 2364; x_wconf 79' lang='lat' dir='ltr'>videtur,</span> <span class='ocrx_word' id='word_1_280' title='bbox 1717 2313 1755 2351; x_wconf 84' lang='lat' dir='ltr'>et</span> 
     </span>
     <span class='ocr_line' id='line_1_33' title="bbox 122 2380 1757 2439; baseline -0.002 -13"><span class='ocrx_word' id='word_1_281' title='bbox 122 2381 165 2438; x_wconf 90' lang='lat' dir='ltr'>b)</span> <span class='ocrx_word' id='word_1_282' title='bbox 189 2381 258 2433; x_wconf 84' lang='lat' dir='ltr'>iis,</span> <span class='ocrx_word' id='word_1_283' title='bbox 295 2395 331 2426; x_wconf 86' lang='lat' dir='ltr'>v.</span> <span class='ocrx_word' id='word_1_284' title='bbox 355 2395 415 2439; x_wconf 88' lang='lat' dir='ltr'>gr.</span> <span class='ocrx_word' id='word_1_285' title='bbox 441 2386 628 2438; x_wconf 83' lang='lat' dir='ltr'>patrono,</span> <span class='ocrx_word' id='word_1_286' title='bbox 655 2381 921 2425; x_wconf 72' lang='lat' dir='ltr'>beneficiario</span> <span class='ocrx_word' id='word_1_287' title='bbox 951 2382 1118 2431; x_wconf 87' lang='lat' dir='ltr'>actuali,</span> <span class='ocrx_word' id='word_1_288' title='bbox 1154 2387 1323 2439; x_wconf 85' lang='lat' dir='ltr'>propter</span> <span class='ocrx_word' id='word_1_289' title='bbox 1355 2381 1465 2439; x_wconf 88' lang='lat' dir='ltr'>quod</span> <span class='ocrx_word' id='word_1_290' title='bbox 1506 2381 1680 2424; x_wconf 90' lang='lat' dir='ltr'>dicitur:</span> <span class='ocrx_word' id='word_1_291' title='bbox 1721 2380 1757 2422; x_wconf 79' lang='lat' dir='ltr'>si</span> 
     </span>
     <span class='ocr_line' id='line_1_34' title="bbox 121 2451 1754 2511; baseline -0.002 -16"><span class='ocrx_word' id='word_1_292' title='bbox 121 2452 194 2511; x_wconf 81' lang='lat' dir='ltr'>qni</span> <span class='ocrx_word' id='word_1_293' title='bbox 224 2452 324 2508; x_wconf 82' lang='lat' dir='ltr'>sint,</span> <span class='ocrx_word' id='word_1_294' title='bbox 358 2466 535 2510; x_wconf 79' lang='lat' dir='ltr'>quoram</span> <span class='ocrx_word' id='word_1_295' title='bbox 558 2452 745 2506; x_wconf 79' lang='lat' dir='ltr'>intersit,</span> <span class='ocrx_word' id='word_1_296' title='bbox 778 2466 854 2496; x_wconf 91' lang='lat' dir='ltr'>nec</span> <span class='ocrx_word' id='word_1_297' title='bbox 877 2452 970 2496; x_wconf 88' lang='lat' dir='ltr'>talis</span> <span class='ocrx_word' id='word_1_298' title='bbox 994 2454 1214 2510; x_wconf 88' lang='lat' dir='ltr'>reputandi</span> <span class='ocrx_word' id='word_1_299' title='bbox 1238 2457 1332 2496; x_wconf 89' lang='lat' dir='ltr'>sunt</span> <span class='ocrx_word' id='word_1_300' title='bbox 1357 2451 1595 2509; x_wconf 86' lang='lat' dir='ltr'>parochiani</span> <span class='ocrx_word' id='word_1_301' title='bbox 1621 2451 1754 2508; x_wconf 80' lang='lat' dir='ltr'>quoad</span> 
     </span>
     <span class='ocr_line' id='line_1_35' title="bbox 121 2522 1758 2581; baseline -0.001 -15"><span class='ocrx_word' id='word_1_302' title='bbox 121 2525 338 2580; x_wconf 88' lang='lat' dir='ltr'>paroeciae</span> <span class='ocrx_word' id='word_1_303' title='bbox 371 2523 620 2567; x_wconf 88' lang='lat' dir='ltr'>divisionem</span> <span class='ocrx_word' id='word_1_304' title='bbox 656 2523 766 2580; x_wconf 82' lang='lat' dir='ltr'>(can.</span> <span class='ocrx_word' id='word_1_305' title='bbox 803 2524 914 2567; x_wconf 75' lang='lat'>1427</span> <span class='ocrx_word' id='word_1_306' title='bbox 951 2529 977 2579; x_wconf 65' lang='lat' dir='ltr'>g</span> <span class='ocrx_word' id='word_1_307' title='bbox 1014 2523 1072 2581; x_wconf 86' lang='lat'>1),</span> <span class='ocrx_word' id='word_1_308' title='bbox 1105 2525 1176 2568; x_wconf 85' lang='lat' dir='ltr'>sed</span> <span class='ocrx_word' id='word_1_309' title='bbox 1211 2537 1283 2580; x_wconf 89' lang='lat' dir='ltr'>pro</span> <span class='ocrx_word' id='word_1_310' title='bbox 1308 2523 1370 2566; x_wconf 80' lang='lat' dir='ltr'>liis</span> <span class='ocrx_word' id='word_1_311' title='bbox 1393 2522 1668 2567; x_wconf 68' lang='lat' dir='ltr'>divisionibus</span> <span class='ocrx_word' id='word_1_312' title='bbox 1691 2522 1758 2564; x_wconf 90' lang='lat' dir='ltr'>ad-</span> 
     </span>
     <span class='ocr_line' id='line_1_36' title="bbox 121 2592 1757 2652; baseline -0.002 -15"><span class='ocrx_word' id='word_1_313' title='bbox 121 2594 256 2638; x_wconf 88' lang='lat' dir='ltr'>ditur:</span> <span class='ocrx_word' id='word_1_314' title='bbox 288 2594 543 2652; x_wconf 80' lang='lat' dir='ltr'>praesertim</span> <span class='ocrx_word' id='word_1_315' title='bbox 576 2594 809 2637; x_wconf 77' lang='lat' dir='ltr'>rectoribus</span> <span class='ocrx_word' id='word_1_316' title='bbox 832 2594 1106 2638; x_wconf 75' lang='lat' dir='ltr'>ecclesiaram</span> <span class='ocrx_word' id='word_1_317' title='bbox 1143 2595 1206 2638; x_wconf 72' lang='lat' dir='ltr'>vel</span> <span class='ocrx_word' id='word_1_318' title='bbox 1234 2593 1544 2651; x_wconf 88' lang='lat' dir='ltr'>paroecialium,</span> <span class='ocrx_word' id='word_1_319' title='bbox 1586 2592 1647 2635; x_wconf 72' lang='lat' dir='ltr'>vel</span> <span class='ocrx_word' id='word_1_320' title='bbox 1690 2592 1757 2635; x_wconf 92' lang='lat' dir='ltr'>ubi</span> 
     </span>
     <span class='ocr_line' id='line_1_37' title="bbox 123 2663 604 2710; baseline 0 -1"><span class='ocrx_word' id='word_1_321' title='bbox 123 2664 326 2710; x_wconf 85' lang='lat' dir='ltr'>beneficia</span> <span class='ocrx_word' id='word_1_322' title='bbox 361 2668 482 2708; x_wconf 90' lang='lat' dir='ltr'>erunt</span> <span class='ocrx_word' id='word_1_323' title='bbox 514 2663 604 2709; x_wconf 81' lang='lat' dir='ltr'>sita.</span> 
     </span>
    </p>

    <p class='ocr_par' dir='ltr' id='par_1_5' title="bbox 241 2734 1758 2794">
     <span class='ocr_line' id='line_1_38' title="bbox 241 2734 1758 2794; baseline -0.002 -15"><span class='ocrx_word' id='word_1_324' title='bbox 241 2735 438 2792; x_wconf 81' lang='lat' dir='ltr'>Sequitur</span> <span class='ocrx_word' id='word_1_325' title='bbox 526 2738 569 2790; x_wconf 68' lang='lat'>2,</span> <span class='ocrx_word' id='word_1_326' title='bbox 593 2737 663 2794; x_wconf 90' lang='lat' dir='ltr'>qui</span> <span class='ocrx_word' id='word_1_327' title='bbox 696 2748 876 2781; x_wconf 88' lang='lat' dir='ltr'>canones</span> <span class='ocrx_word' id='word_1_328' title='bbox 901 2738 1197 2794; x_wconf 84' lang='lat' dir='ltr'>praecedentes</span> <span class='ocrx_word' id='word_1_329' title='bbox 1231 2737 1443 2780; x_wconf 88' lang='lat' dir='ltr'>constituit</span> <span class='ocrx_word' id='word_1_330' title='bbox 1480 2737 1518 2777; x_wconf 91' lang='lat' dir='ltr'>in</span> <span class='ocrx_word' id='word_1_331' title='bbox 1544 2734 1618 2778; x_wconf 86' lang='lat' dir='ltr'>bac</span> <span class='ocrx_word' id='word_1_332' title='bbox 1645 2740 1758 2791; x_wconf 87' lang='lat' dir='ltr'>parte</span> 
     </span>
    </p>
   </div>
   <div class='ocr_carea' id='block_1_4' title="bbox 244 2888 1074 2934">
    <p class='ocr_par' dir='ltr' id='par_1_6' title="bbox 244 2888 1074 2934">
     <span class='ocr_line' id='line_1_39' title="bbox 244 2888 1074 2934; baseline 0.001 -12"><span class='ocrx_word' id='word_1_333' title='bbox 244 2890 254 2911; x_wconf 79' lang='lat'><strong>1</strong></span> <span class='ocrx_word' id='word_1_334' title='bbox 286 2889 329 2922; x_wconf 85' lang='lat'>16</span> <span class='ocrx_word' id='word_1_335' title='bbox 357 2888 455 2922; x_wconf 85' lang='lat' dir='ltr'>Nov.</span> <span class='ocrx_word' id='word_1_336' title='bbox 487 2888 591 2922; x_wconf 77' lang='lat'>1896.</span> <span class='ocrx_word' id='word_1_337' title='bbox 620 2889 665 2925; x_wconf 84' lang='lat' dir='ltr'>A.</span> <span class='ocrx_word' id='word_1_338' title='bbox 693 2888 730 2923; x_wconf 82' lang='lat' dir='ltr'>S.</span> <span class='ocrx_word' id='word_1_339' title='bbox 761 2888 799 2923; x_wconf 84' lang='lat' dir='ltr'>s.</span> <span class='ocrx_word' id='word_1_340' title='bbox 830 2888 962 2934; x_wconf 85' lang='lat' dir='ltr'>XXX,</span> <span class='ocrx_word' id='word_1_341' title='bbox 993 2890 1074 2923; x_wconf 68' lang='lat'><strong>1⁶28.</strong></span> 
     </span>
    </p>
   </div>
  </div>
 </body>
</html>
