1965 3240
178 118 247 154 530
366 117 451 153 Lm.
479 116 553 151 III.
582 136 595 141 -
623 116 734 150 PARS
759 115 826 150 VI.
856 135 869 140 -
895 115 952 150 De
977 116 1088 150 bouis
1113 116 1305 150 Ecclesiae
1335 115 1617 160 temporalibus

177 250 228 281 ex
249 235 387 279 verbis
405 235 448 278 iii
466 249 544 278 saa
561 233 744 285 civitate,
763 248 813 278 ex
832 230 913 292 qua
931 234 1133 278 dioecesis
1151 233 1411 277 denominari
1434 233 1550 291 solet,
1574 233 1808 292 episcopali

177 306 228 351 ob
261 306 424 360 Sedem,
460 304 524 348 vel
558 303 765 348 Abbatiali
799 308 870 348 aut
904 304 1150 359 Praelatitia,
1184 305 1260 347 etsi
1303 303 1405 347 haec
1440 303 1567 348 verba
1601 318 1681 348 non
1725 306 1805 348 sint

177 378 215 419 in
250 389 325 419 usu
357 378 464 419 sicut
498 374 612 429 illud,
651 373 883 417 Consilium
916 376 1081 431 proprie
1115 373 1271 417 dictum
1307 378 1476 430 propter
1510 376 1592 417 vim
1617 375 1805 431 suffragii

176 446 430 490 ordinariam
463 444 663 488 instituat
694 458 745 487 ex
778 448 946 488 canonis
984 457 1082 487 vero
1117 445 1386 501 praescripto,
1427 446 1650 502 statimque
1698 444 1804 488 desi-

176 522 326 574 gnatur
359 515 468 559 illius
502 516 760 571 compositio,
795 513 905 573 qaod
936 518 1095 558 constet
1124 513 1325 571 praeside
1372 526 1396 557 a
1443 515 1532 557 iure
1575 515 1684 570 dato,
1733 514 1806 572 qui

175 593 237 631 est
267 587 443 645 ipsemet
475 585 573 629 illud
609 587 826 629 instituens
859 598 906 629 ac
939 598 1156 629 successor
1173 587 1212 627 in
1238 587 1440 641 regimine
1468 583 1742 638 Ordinarias,
1767 590 1807 628 et

176 662 214 713 3)
246 657 408 702 duobus
438 657 583 700 saltem
616 655 680 699 vei
707 655 903 714 pluribus
936 655 1040 698 viris
1084 660 1242 698 tantum
1285 654 1374 712 (sed
1419 655 1512 699 laici
1545 668 1625 698 non
1670 655 1809 699 exclu-

178 728 350 786 duntur)
383 727 546 771 idoneis
569 732 760 783 respectu
783 727 1153 770 administrationis
1175 725 1481 783 temporalium,
1505 731 1673 782 propter
1695 726 1804 784 quod

179 813 374 857 expresse
407 799 595 842 additur:
629 797 673 855 b)
706 797 816 840 iaris
848 797 976 840 etiam
1008 796 1146 839 civilis
1177 797 1372 840 servandi
1408 810 1481 854 pro
1525 795 1809 841 contractibus

179 885 228 915 ex
263 883 352 915 can.
387 869 512 925 1529,
547 874 746 927 quamam
782 867 875 925 fieri
904 873 1053 926 potest,
1088 867 1198 911 unde
1220 867 1365 911 saltem
1390 881 1484 923 uno,
1506 867 1671 925 peritis,
1697 866 1737 924 c)
1757 865 1807 910 ab

179 941 269 999 ipso
296 939 544 991 Ordinario,
567 941 636 996 qui
661 951 786 995 supra
810 938 1045 982 declaratus
1069 942 1141 993 est,
1167 937 1314 981 audito
1341 936 1539 995 Capitalo
1562 937 1809 993 simpliciter

179 1011 289 1054 dicto
321 1023 393 1053 sen
431 1008 748 1053 «cathedrali»
787 1008 893 1065 (can.
930 1008 1027 1062 391,
1061 1010 1085 1062 ἓ
1119 1006 1176 1065 1),
1211 1021 1283 1051 seu
1323 1006 1486 1051 «coetu
1520 1006 1804 1051 consultorum

179 1081 537 1133 dioecesanorum,
569 1081 637 1137 qui
674 1081 788 1123 vices
819 1078 994 1134 Capituli
1029 1077 1280 1122 cathedralis
1303 1077 1505 1135 supplet»
1545 1077 1653 1135 (can.
1689 1076 1808 1132 4⁶27),

179 1150 383 1209 eliqeizdis
416 1164 589 1207 nempe:
630 1165 650 1191 ((
679 1149 731 1194 ab
763 1147 987 1195 Ordinario
1016 1166 1036 1190 ))
1075 1162 1154 1193 non
1190 1163 1262 1206 per
1294 1147 1471 1205 Capituli
1505 1148 1765 1192 electionem.

296 1221 449 1264 Norma
483 1221 699 1278 hucusque
732 1220 941 1264 declarata
969 1222 1120 1276 patitur
1142 1219 1278 1277 quoad
1304 1221 1393 1263 eius
1419 1221 1503 1262 vim
1526 1220 1806 1275 exceptiones,

180 1298 222 1336 ut
254 1294 462 1350 sequitur:
497 1291 582 1334 nisi
614 1292 708 1334 iure
739 1293 893 1347 scripto
916 1290 978 1333 vel
1001 1289 1313 1341 consuetudine,
1338 1289 1406 1333 illo
1430 1292 1560 1333 istave
1580 1287 1806 1347 peculiari,

178 1376 328 1419 nempe
360 1362 427 1406 hic
455 1362 516 1405 vel
541 1361 638 1405 alibi
662 1361 748 1404 iam
771 1360 857 1404 alio
881 1360 1166 1418 aequivalenti
1189 1360 1397 1418 (respectu
1423 1359 1583 1404 consilii
1614 1358 1807 1416 praefati)

178 1433 298 1477 modo
331 1432 517 1490 leyilime
548 1446 619 1476 sen
653 1432 900 1489 ob-ligatorio
933 1432 1055 1475 modo
1088 1430 1221 1489 faerit
1249 1430 1467 1489 provisum
1510 1434 1646 1474 rectae
1679 1430 1809 1474 admi-

179 1506 424 1548 nistrationi.
458 1503 705 1547 Huiusmodi
739 1503 929 1560 exempla
962 1505 1063 1546 sint:
1109 1516 1159 1546 ex
1194 1502 1467 1545 Instructione
1500 1501 1539 1545 S.
1572 1500 1722 1557 Congr.
1755 1501 1808 1544 de

181 1576 297 1632 Prop.
333 1574 431 1618 Fide
464 1575 515 1618 ad
551 1573 737 1618 Vicarios
769 1573 875 1630 App.
900 1573 1051 1616 Indiar,
1075 1570 1234 1618 Orient.
1257 1573 1269 1595 1
1296 1588 1315 1614 «
1333 1586 1372 1617 n.
1399 1573 1466 1615 27.
1492 1569 1611 1625 Quod
1638 1570 1806 1628 quidem

178 1645 403 1691 Consilium
439 1645 591 1703 (eidem
627 1645 972 1688 administrationi
1007 1643 1234 1701 gerendae)
1281 1657 1330 1687 ex
1379 1643 1589 1686 nonnullis
1628 1643 1805 1699 pruden-

178 1717 352 1761 tioribus
386 1718 656 1760 missionariis
688 1728 710 1759 3
747 1714 831 1759 Vic.
875 1715 951 1772 Ap.
986 1715 1255 1771 designandis
1297 1719 1486 1758 constare
1529 1713 1666 1769 debet,
1711 1726 1805 1757 cum

179 1788 328 1846 quibus
361 1790 447 1844 ipse
485 1787 569 1832 Vic.
616 1789 655 1830 in
704 1788 880 1843 negotiis
927 1788 1133 1842 gravioris
1182 1787 1378 1829 momenti
1422 1789 1529 1842 aget,
1578 1797 1809 1841 eorumque

179 1859 319 1902 audiet
350 1858 545 1914 consilia,
578 1862 617 1901 et
649 1870 746 1901 cum
767 1870 905 1901 sermo
938 1858 990 1899 sit
1022 1857 1073 1900 de
1107 1858 1226 1899 novis
1258 1855 1445 1899 ecclesiis
1487 1859 1557 1899 aut
1600 1853 1806 1909 domibus,

179 1929 376 1985 collegiis,
408 1928 560 1972 scholis
592 1927 813 1972 fundandis
845 1939 1075 1984 numquam
1108 1931 1203 1982 aget
1235 1930 1377 1969 contra
1412 1927 1580 1969 maioris
1612 1926 1804 1968 sanioris-

181 2014 259 2057 que
304 2001 657 2043 missionariorum
706 2000 833 2055 partis
865 1997 1141 2041 consilium».
1176 1996 1276 2040 Item
1311 2010 1361 2040 ex
1396 1995 1514 2039 lnstr.
1548 1998 1734 2039 eiusdem
1766 1995 1807 2039 S.

179 2069 520 2126 Congregationis
551 2070 602 2113 ad
654 2068 839 2112 Vicarios
885 2069 990 2132 App.
1023 2066 1192 2112 Sinar.2
1225 2081 1265 2110 n.
1315 2066 1422 2122 XIV,
1473 2069 1511 2109 in
1556 2079 1637 2124 quo
1680 2066 1806 2109 Sacra

181 2140 306 2197 Cong.
341 2141 449 2184 idem
484 2153 531 2184 ac
574 2143 612 2183 in
659 2139 923 2197 praecedenti
973 2138 1090 2182 Instr.
1142 2140 1422 2195 praescripsit,
1469 2137 1644 2181 addens:
1696 2137 1806 2193 «qui

181 2211 484 2267 (prudentiores
507 2211 775 2268 missionarii)
809 2209 865 2252 illi
901 2203 975 2265 ipsi
1010 2222 1099 2252 esse
1132 2213 1302 2266 possunt
1335 2210 1403 2265 qui
1428 2208 1629 2251 adsistere
1653 2206 1808 2252 debent

183 2281 287 2325 Vic0.
322 2282 418 2337 Ap0.
454 2284 492 2324 in
525 2281 616 2325 aliis
648 2279 913 2338 gravioribus
947 2279 1150 2323 Missionis
1182 2281 1359 2336 negotiis
1391 2278 1675 2335 expediendis,
1709 2290 1805 2327 cum

181 2351 330 2409 quibus
363 2354 447 2408 ipse
485 2351 568 2396 Vic.
617 2354 654 2394 in
703 2350 828 2395 rebus
874 2349 1175 2406 temporalibus
1222 2362 1388 2407 quoque
1421 2353 1530 2405 agat,
1577 2360 1807 2404 eorumque

179 2423 320 2467 audiat
341 2422 523 2466 consilia.
557 2421 645 2466 Hoc
678 2434 873 2466 consessu
906 2423 964 2464 uti
997 2420 1120 2464 debet
1157 2419 1240 2463 Vic.
1274 2420 1349 2476 Ap.
1384 2422 1474 2462 sive
1506 2419 1556 2462 ad
1596 2419 1804 2462 tractatio-

178 2507 272 2537 nem
308 2506 444 2536 rerum
494 2495 676 2549 ipsarum
724 2491 1014 2548 temporalium
1064 2491 1307 2547 gerendam,
1335 2492 1443 2533 ,sive
1489 2493 1710 2546 antequam
1754 2487 1805 2531 ad

179 2563 446 2606 alienationes
469 2563 708 2606 efficiendas
731 2575 821 2605 rem
843 2560 955 2617 ΑΨ.
980 2561 1075 2604 Sedi
1099 2564 1313 2617 proponat,
1337 2561 1427 2602 sive
1450 2559 1501 2602 ad
1525 2557 1804 2601 exercendam

183 2633 437 2690 vigilantiam
472 2635 581 2677 circa
615 2633 995 2677 administrationes
1027 2630 1229 2687 speciales
1252 2629 1453 2674 bonorum
1479 2630 1806 2684 uniuscuiusque

179 2704 501 2760 christianitatis,
537 2703 791 2748 oblationum
826 2706 864 2745 ei
907 2701 1189 2756 collectarum,
1223 2703 1313 2744 sive
1345 2701 1397 2744 ad
1431 2701 1682 2743 revisionem
1717 2697 1806 2740 red-

299 2812 309 2832 ¹
338 2810 500 2845 Colleot.
531 2810 568 2844 S.
607 2810 647 2845 G.
677 2810 723 2844 de
749 2809 793 2843 P.
822 2808 864 2842 F.
893 2819 933 2843 n.
965 2807 1067 2841 1346.
1094 2807 1117 2842 8
1146 2807 1253 2852 Sept.
1283 2807 1387 2842 1869.
1431 2826 1473 2831 —
1511 2805 1526 2828 '³
1564 2804 1727 2839 Collect.
1764 2802 1802 2837 S.

171 2858 322 2900 Congr-
351 2856 396 2891 de
423 2857 467 2891 P.
496 2857 538 2891 F.
568 2869 606 2891 n.
640 2856 741 2892 1606.
771 2855 816 2890 18
842 2854 928 2890 Oct.
959 2854 1063 2889 1883.
1130 2879 1132 2883 »
