1965 3240
142 134 211 169 308
402 132 487 166 Lm.
517 132 586 166 ΙΙΙ.
614 152 625 156 -
645 108 763 165 PARS
790 131 855 166 IV.
882 151 891 156 -
920 131 977 166 De
1002 134 1231 176 magisterio
1257 132 1510 166 ecclesiastico

142 252 316 312 aliquod
351 258 522 309 tempus,
558 250 701 294 saltem
738 251 958 307 quadrans,
983 250 1160 293 mentali
1181 250 1369 293 orationi
1390 255 1535 293 vacent
1567 256 1770 308 quatenus

141 330 311 370 externe
345 327 528 379 apparet,
563 320 603 378 c)
637 320 846 377 sacrificio
880 320 1038 364 Missae
1074 321 1286 363 intersint.
1332 347 1384 351 —
1417 320 1466 364 2⁰
1510 320 1644 364 Semel
1684 320 1768 363 sal-

143 402 221 439 tem
274 394 315 451 a)
354 393 395 436 in
451 391 721 444 bebdomada,
768 404 873 449 quae
926 396 1130 435 «constat
1177 392 1200 434 7
1255 393 1449 435 continuo
1496 391 1769 448 supputandis

139 466 329 511 diebus»
367 463 620 521 quibuslibet
656 463 762 519 (can.
799 458 866 519 32,
901 465 926 516 ἓ
959 462 1017 519 1),
1052 467 1096 506 ut
1129 464 1289 519 piarum
1337 464 1415 506 fert
1458 476 1546 506 mos
1579 474 1770 519 persona-

141 551 248 589 rum,
281 535 336 578 acl
368 539 674 577 sacramentum
708 533 996 591 poenitentiae
1032 533 1246 580 accedant,
1286 535 1383 591 quin
1418 534 1468 577 de
1501 533 1579 577 alia
1613 546 1657 576 re
1689 535 1768 576 sint

139 608 317 661 solliciti,
354 604 395 662 h)
430 610 468 648 et
500 603 757 663 frequenter,
792 606 915 647 etiam
950 606 1206 661 frequentius
1229 606 1268 647 in
1293 603 1567 657 hebdomada,
1592 603 1661 647 sed
1687 617 1767 660 qua

135 693 220 738 par
251 683 311 721 est
350 677 522 735 pietate,
555 677 713 719 ratione
759 676 1087 731 praeparationis
1120 680 1159 718 et
1192 677 1418 731 gratiarum
1465 677 1653 730 actionis,
1686 673 1769 718 Eu-

140 748 367 793 eliaristieo
412 761 523 805 pane
570 760 613 789 se
660 746 853 802 reficiant
902 746 1037 803 quoad
1073 747 1243 802 spiritus
1278 748 1400 790 vii-es.
1436 748 1510 790 Hic
1545 748 1766 788 memorari

140 824 300 878 oportet
331 832 380 862 ex
415 817 529 861 Dec.s
561 817 599 860 S.
633 815 798 873 Congr.s
829 816 952 860 Cone.
993 815 1094 859 «De
1127 817 1366 874 quotidiana
1389 816 1456 860 SS.
1482 815 1766 859 Eucharistiae

138 893 372 948 sumptione
396 905 416 930 ))
459 892 468 911 ¹
505 902 617 931 num.
663 889 703 931 7.
753 886 1037 931 «Communio
1070 888 1264 945 frequens
1297 893 1336 931 et
1368 887 1609 945 quotidiana
1642 899 1764 946 quam

140 964 320 1005 maxime
367 972 531 1017 quoque
579 962 876 1014 promoveatur
925 959 963 1000 in
1003 957 1250 1001 clericorum
1300 958 1556 1012 Seminariis,
1588 970 1764 1014 quorum

137 1033 294 1076 alumni
328 1031 468 1074 altaris
503 1029 663 1072 inhiant
694 1031 865 1072 servitio
891 1045 928 1070 )).

254 1102 302 1146 30
336 1100 570 1145 Dominicis
613 1104 652 1142 et
681 1098 805 1157 festis
844 1098 987 1142 (liebus
1038 1101 1252 1143 recensitis
1302 1101 1340 1142 in
1379 1112 1470 1143 can.
1506 1098 1633 1152 1247,
1666 1098 1693 1156 ξ
1728 1099 1765 1150 1,

138 1174 178 1231 a)
211 1173 346 1216 saeris
379 1172 612 1214 Missurum
646 1175 684 1213 et
729 1169 1003 1228 lesperarum
1041 1169 1325 1224 sollemnibus,
1350 1182 1456 1228 quae
1479 1174 1645 1213 cantum
1670 1183 1764 1226 sup-

140 1249 309 1302 ponunt,
343 1242 499 1298 adsint,
534 1247 630 1284 tunc
664 1246 704 1284 et
736 1240 838 1284 alias
871 1240 913 1298 b)
948 1240 1082 1284 altari
1114 1240 1350 1283 inserviant
1372 1254 1445 1297 pro
1479 1253 1620 1283 eorum
1656 1239 1764 1283 ordi-

138 1315 270 1369 nibus,
306 1313 345 1371 c)
380 1326 607 1370 sacrasque
641 1311 925 1355 caeremonias
962 1317 1199 1363 eoeerceant,
1237 1324 1365 1369 quum
1404 1311 1498 1354 illae
1531 1312 1571 1353 in
1605 1309 1765 1354 actibus

136 1388 373 1431 consistant.
411 1384 497 1428 Hoc
532 1385 619 1427 lieri
656 1387 788 1440 potest
822 1385 860 1426 in
895 1383 1113 1427 Seminarii
1140 1385 1333 1437 oratorio,
1360 1382 1425 1426 vel
1464 1397 1485 1423 ((
1508 1383 1547 1425 in
1572 1381 1663 1425 aliis
1686 1381 1763 1425 loci

136 1458 322 1502 ecclesiis
345 1472 364 1498 ›)
404 1455 545 1513 (Cone.
580 1454 690 1498 Tricl.
726 1454 802 1498 loc.
836 1457 933 1507 cib),
963 1456 1036 1498 sed
1079 1454 1333 1512 praesertim
1377 1457 1546 1510 propter
1576 1452 1766 1496 solemni-

136 1533 260 1572 tatem
295 1527 336 1570 in
371 1525 545 1569 ecelesia
580 1523 819 1567 cathedrali
846 1524 883 1566 si
915 1523 975 1578 iil,
1007 1523 1165 1567 iudicio
1198 1522 1399 1581 Episcopi
1431 1522 1570 1575 solius,
1604 1522 1675 1565 sed
1721 1527 1763 1565 ut

135 1611 274 1656 supra,
306 1597 396 1640 sine
428 1597 467 1646 a)
501 1595 755 1653 disciplinae
789 1597 826 1638 in
861 1595 1091 1639 Seminario
1123 1594 1357 1638 servandae
1391 1593 1432 1649 b)
1466 1598 1505 1636 et
1528 1591 1765 1636 studiorum

136 1683 156 1713 a
190 1668 364 1725 singulis
397 1670 518 1711 etiam
555 1669 593 1709 in
629 1665 707 1709 illis
749 1665 896 1709 diebus
937 1679 1018 1708 non
1063 1665 1468 1708 intermittendorum
1515 1663 1764 1707 detrimento

137 1740 230 1797 fieri
264 1739 421 1797 possit,·
457 1752 493 1782 v.
527 1751 588 1794 gr.
623 1750 694 1793 per
727 1742 909 1786 turnum,
944 1738 976 1779 si
1010 1735 1307 1792 quamplurimi
1342 1734 1497 1778 alumni
1531 1736 1629 1784 sint;

254 1810 301 1852 4Ο
335 1807 531 1865 Singulis
565 1807 702 1856 annis,
737 1820 913 1864 quorum
954 1807 1163 1848 «nomine
1200 1807 1311 1848 venit
1343 1806 1520 1861 spatium
1556 1804 1639 1846 365
1683 1803 1766 1847 (lie-

138 1894 227 1924 rum
248 1897 273 1940 ᾳ)
313 1879 420 1937 (can.
456 1879 522 1933 34,
558 1880 583 1932 ,ξ
616 1878 669 1934 Ξ),
703 1890 723 1921 a
758 1880 1022 1935 quocumque
1057 1877 1123 1919 (lie
1158 1877 1380 1932 incipiatur
1412 1876 1661 1931 supputatio,
1688 1887 1765 1932 per

134 1951 311 2009 aliquot,
343 1955 426 1994 tres
461 1949 525 1993 vel
562 1963 634 2006 pro
669 1948 861 1992 omnibus
894 1950 1078 2006 quinque
1111 1952 1224 1990 certo
1268 1946 1505 1990 sufficerent
1537 1944 1627 1988 dies
1670 1958 1762 1988 con-

136 2022 275 2065 tinuos
307 2021 443 2079 quoad
477 2021 786 2063 successionem
819 2018 1035 2061 eaereitiis
1058 2015 1373 2075 spiritualibus,
1400 2029 1569 2072 nempe:
1595 2015 1763 2058 medita-

136 2092 329 2146 tionibus,
364 2090 633 2145 orationibus‚
658 2089 916 2143 lectionibus,
942 2087 1218 2142 examinibus,
1243 2092 1320 2131 etc.
1344 2091 1501 2142 uacent,
1526 2086 1617 2129 aliis
1645 2099 1763 2130 occu-

138 2161 372 2220 pationibus
404 2163 526 2205 etiam
562 2160 684 2204 studii
720 2173 799 2203 non
834 2160 1013 2203 detenti:

254 2234 302 2276 50
352 2231 486 2276 Semel
533 2230 682 2274 saltem
725 2230 767 2273 in
809 2229 1066 2273 bebdomada
1109 2241 1233 2285 supra
1277 2232 1410 2271 num.⁰
1455 2226 1498 2270 20
1541 2225 1762 2281 declarata,

138 2318 177 2349 v.
212 2318 273 2360 gr.
306 2304 373 2346 (lie
405 2303 613 2346 dominico
647 2300 791 2344 adsint
814 2299 1087 2342 instructioni
1110 2299 1160 2342 de
1182 2297 1303 2341 rebus
1326 2296 1637 2355 spiritualibus,
1656 2309 1762 2354 quae

136 2374 213 2418 sub
245 2376 421 2417 ascetica
457 2371 882 2429 comprehenduntur,
917 2376 954 2414 et
990 2384 1096 2428 quae
1129 2371 1344 2413 instructio
1369 2367 1446 2426 pia
1470 2366 1764 2410 exhortatione

137 2446 186 2489 ad
222 2458 366 2488 eorum
400 2446 559 2501 praxim
595 2441 833 2494 claudatur.
859 2441 921 2484 Aa
944 2444 1079 2484 minus
1097 2454 1170 2497 per
1193 2439 1466 2497 quadrantem
1486 2437 1761 2494 protrahenda

137 2521 245 2560 esset
283 2515 500 2571 completa.

255 2587 351 2629 ⁶250.
388 2587 771 2631 Seminariorum
804 2585 1060 2640 exemptio
1094 2585 1267 2627 minor.
1302 2580 1467 2623 Novum
1501 2571 1561 2623 est
1595 2581 1761 2622 omnino

135 2657 244 2715 quod
281 2655 525 2713 praescribit
556 2669 645 2697 ean.
682 2655 813 2697 1368.
849 2652 1099 2710 Eoeemptum
1133 2666 1157 2695 a
1187 2649 1484 2694 iurisdictione
1512 2648 1760 2707 paroeciali,

139 2729 244 2771 intra
277 2729 395 2770 cuius
428 2728 530 2769 lines
562 2728 685 2769 situm
730 2728 850 2778 esset,
896 2722 1177 2767 Seminarium
1219 2726 1331 2766 esto:
1364 2733 1439 2764 nec
1472 2720 1511 2764 id
1544 2719 1677 2763 solum
1711 2733 1759 2762 ex

255 2879 266 2901 ¹
293 2879 339 2911 20
366 2878 457 2912 Dee.
490 2877 591 2918 1905,
623 2876 700 2911 CO.
729 2876 779 2917 ΙΙ,
808 2876 890 2910 894.
