1965 3240
161 137 229 171 514
348 134 434 168 Lus.
462 132 534 177 111.
562 152 575 157 -
602 132 713 167 PARS
738 132 802 166 VI.
833 151 846 157 -
871 131 930 166 De
954 132 1064 166 bonis
1092 130 1286 165 Ecclesiae
1313 130 1595 175 temporalibus

162 255 359 306 firmatos,
382 254 421 294 in
450 250 601 308 quibus
634 263 706 306 pro
740 262 883 293 eorum
919 251 1115 306 impensis
1149 252 1189 291 et
1223 248 1491 291 indemnitate
1514 248 1670 305 aliquid
1696 262 1781 292 mo-

159 324 346 367 deratum
381 322 431 365 ad
464 320 572 364 solas
604 321 887 363 ministrorum
922 321 1129 375 impensas
1161 323 1201 361 et
1233 317 1408 361 aliarum
1442 331 1581 362 rerum
1614 318 1664 362 ad
1700 318 1782 362 illo-

159 407 249 437 rum
293 393 670 445 conservationem,
703 391 1034 446 utpraefertur,
1070 390 1380 445 pertinentium,
1413 402 1485 445 pro
1535 402 1679 432 eorum
1723 391 1782 432 in-

157 465 381 508 demnitate
415 462 644 513 dumtaxat,
670 461 774 504 ultra
808 465 960 504 sortem
986 459 1142 517 absque
1176 459 1291 503 lucro
1315 459 1558 503 eorumdem
1582 459 1783 503 Montium

159 536 397 591 percipitur,
432 546 506 575 nec
539 533 721 588 speciem
762 530 858 574 mali
903 532 1131 587 praeferre,
1164 542 1239 587 nec
1284 530 1484 586 peccandi
1529 532 1784 574 incentivum

157 609 383 662 praestare,
405 615 539 660 neque
572 601 654 645 ullo
690 606 808 658 pacto
841 600 1082 657 improbari,
1113 602 1211 657 quin
1247 602 1373 644 immo
1407 602 1664 644 meritorium
1694 614 1784 644 esse

157 688 204 719 ac
239 674 397 718 laudari
432 678 472 717 et
505 674 670 729 probari
703 671 857 716 debere
906 672 985 715 tale
1030 676 1219 714 mutuum
1269 676 1308 714 et
1342 673 1511 715 minime
1545 673 1780 715 usurarium

161 748 292 802 putari
316 760 352 788 )).
1475 790 1477 793 ⁴

280 818 291 838 1
331 813 521 868 «Quaeri
556 827 665 857 nunc
698 819 828 870 potest
861 813 982 871 quale
1015 826 1103 856 esse
1142 812 1292 857 debeat
1326 813 1569 870 periculum,
1604 818 1644 857 et
1674 825 1781 871 quae

159 889 247 930 eius
281 889 398 939 ratio,
431 890 469 929 et
503 890 662 939 natura,
689 889 731 928 ut
764 885 841 928 hoc
874 889 1147 928 concurrente
1181 884 1312 940 titulo,
1338 886 1464 941 possit
1491 888 1685 927 mutuans
1707 884 1779 927 ali-

159 958 255 1016 quid
308 956 410 1000 ultra
459 961 611 1000 sortem
656 957 885 1011 recipere...
911 956 973 999 -Si
1018 954 1248 1011 periculum
1294 968 1343 998 ex
1379 957 1427 998 iis
1459 957 1782 998 circumstantiis

159 1028 374 1071 dumtaxat
408 1026 707 1083 proficiscatur,
740 1039 847 1084 quae
894 1025 1085 1069 omnibus
1107 1025 1402 1087 mutuantibus
1435 1028 1491 1082 (in
1527 1025 1634 1082 loco)
1668 1039 1778 1069 com-

161 1112 303 1141 munes
335 1103 443 1148 sunt,
466 1110 541 1140 nec
575 1096 625 1140 ab
660 1099 743 1153 ipsa
780 1099 911 1140 mutui
946 1101 1091 1140 natura
1114 1096 1295 1152 disiungi
1331 1100 1512 1153 possunt,
1539 1101 1634 1140 tunc
1667 1102 1780 1140 certo

157 1169 369 1227 quodlibet
403 1168 577 1222 lucrum,
602 1168 711 1225 quod
745 1181 795 1211 ex
831 1172 972 1211 mutuo
1006 1171 1208 1224 captatur,
1232 1166 1284 1211 ab
1320 1180 1468 1210 usurae
1496 1166 1587 1211 labe
1612 1169 1779 1224 purgari

159 1242 326 1283 minime
361 1244 501 1295 potest.
538 1238 697 1296 (ltaque
730 1238 966 1282 huiusmodi
1005 1237 1118 1295 suut)
1154 1241 1291 1295 pestis,
1326 1238 1531 1291 incendia,
1564 1242 1776 1282 turcarum

159 1312 475 1366 persecutiones,
496 1309 659 1366 aliaque
701 1309 938 1352 huiusmodi
982 1310 1218 1362 infortunia,
1253 1321 1402 1366 quae...
1439 1311 1476 1351 in
1517 1321 1780 1366 quacumque

159 1380 259 1424 urbe
290 1394 452 1436 semper
485 1382 642 1423 instant·
670 1379 995 1423 mutuantibus...
1030 1379 1225 1423 Maiorem
1263 1381 1395 1436 potius
1431 1380 1596 1423 videtur
1628 1379 1782 1423 habere

157 1452 408 1508 indaginem,
432 1464 525 1494 cum
562 1450 792 1507 periculum
817 1451 1069 1494 amittendae
1091 1453 1213 1494 sortis
1247 1453 1461 1494 immineat
1497 1450 1558 1494 vel
1585 1464 1633 1493 ex
1659 1450 1781 1507 culpa

158 1524 371 1578 ipsiusmet
420 1523 672 1571 mutuatarii,·
704 1522 811 1581 quod
850 1526 1057 1565 veterator
1089 1524 1153 1575 sit,
1188 1521 1325 1576 t'allax,
1362 1522 1487 1577 vafer,
1527 1521 1634 1579 quod
1669 1521 1778 1577 fuga,

157 1598 226 1636 aut
260 1592 472 1636 malitiosis
505 1592 919 1648 tergiversationibus
952 1593 1200 1636 creditorem
1234 1592 1376 1635 tallere
1411 1594 1549 1649 possit,
1585 1592 1649 1635 vel
1684 1605 1779 1635 cum

158 1668 320 1720 praeter
353 1665 480 1720 ipsius
514 1665 750 1706 mutuatarii
785 1663 964 1719 culpam,
990 1663 1068 1707 alia
1104 1665 1256 1706 instent
1288 1663 1484 1706 creditori
1520 1662 1703 1719 pericula
1728 1676 1777 1706 ex

158 1734 248 1788 loci,
284 1736 480 1790 temporis
513 1747 560 1777 ac
581 1747 864 1790 *personarum
899 1737 1236 1788 circumstantiis,
1270 1746 1376 1792 quae
1420 1736 1553 1790 ipsum
1599 1735 1638 1776 in
1672 1738 1781 1777 sorte

158 1805 442 1861 recuperanda
488 1804 607 1848 valde
640 1807 823 1859 anxium,
859 1809 982 1862 atque
1023 1805 1244 1848 sollicitum
1288 1809 1496 1848 teneant...
1534 1803 1781 1848 Confessarii

158 1875 413 1932 perpendant
445 1875 632 1931 singulos
664 1888 796 1931 casus,
834 1878 1044 1933 inquirant
1074 1888 1201 1931 super
1239 1875 1450 1933 qualItate,
1484 1880 1525 1918 et
1556 1874 1780 1932 probabili-

156 1951 236 1989 tate
271 1946 456 2002 periculi,
493 1946 661 1989 videant
692 1949 725 1989 si
758 1948 1066 1994 assecuratione
1100 1948 1283 2003 pignoris
1315 1960 1437 1989 omne
1480 1946 1586 1990 absit
1621 1948 1780 2001 pericu-

157 2016 253 2071 lum,
278 2020 445 2059 servent
480 2019 787 2073 proportionem
811 2019 917 2060 inter
951 2016 1196 2073 periculum,
1220 2021 1344 2074 atque
1378 2016 1417 2059 id
1441 2016 1552 2074 quod
1577 2018 1780 2059 mutuanti

157 2086 307 2130 lucrari
339 2100 462 2143 supra
494 2092 647 2130 sortem
674 2089 937 2144 permittitur,
964 2087 1158 2144 probatos
1191 2092 1381 2131 auctores
1404 2086 1634 2141 consulant,
1658 2091 1781 2143 atque

157 2159 395 2213 praesertim
430 2157 683 2201 adhaereant
704 2160 931 2212 sententiis,
955 2163 1078 2215 atque
1113 2160 1326 2214 principiis
1358 2157 1410 2202 ab
1442 2157 1520 2201 hac
1543 2156 1780 2214 Apostolica

155 2227 261 2271 Sede
294 2228 542 2284 approbatis,
573 2234 655 2272 tam
689 2231 727 2271 in
761 2241 885 2285 snpra
920 2228 1084 2272 laudato
1118 2228 1294 2272 Decreto
1326 2228 1364 2272 S.
1390 2227 1540 2284 Congr.
1575 2228 1626 2271 de
1661 2228 1777 2284 Prop.

156 2297 252 2341 Fide
285 2301 378 2341 anni
417 2300 574 2354 16452,
609 2312 733 2356 quam
766 2301 806 2342 in
839 2298 911 2355 Ep.
946 2299 1168 2356 Encyclica
1213 2299 1364 2343 Bened.
1397 2298 1489 2342 XlV
1529 2314 1550 2340 c(
1576 2297 1651 2342 Vix
1686 2311 1775 2355 per—

160 2370 308 2411 venit»
346 2369 453 2412 edita
486 2383 591 2413 anno
628 2371 800 2413 1745».

271 2474 281 2495 1
310 2474 526 2508 Instructio
561 2474 598 2508 S.
632 2475 668 2509 C.
698 2475 744 2509 de
776 2476 820 2509 P.
850 2475 891 2509 F.
923 2475 1026 2510 1873.
1065 2452 1318 2510 Collectanea
1353 2475 1526 2510 eiusdem
1563 2475 1600 2510 S.
1631 2475 1776 2520 Congr.

154 2531 190 2553 n.
224 2520 324 2562 1393,
351 2521 401 2554 ΙΙ.
431 2542 474 2546 -
500 2522 513 2543 '2
540 2522 790 2557 Collectanea
817 2522 853 2556 S.
884 2523 1026 2568 Congr.
1057 2523 1102 2557 de
1134 2523 1177 2559 P.
1203 2523 1312 2563 Fide,
1341 2535 1378 2557 n.
1412 2523 1490 2557 114.
