<?xml version="1.0" encoding="UTF-8"?>
<!DOCTYPE html PUBLIC "-//W3C//DTD XHTML 1.0 Transitional//EN"
    "http://www.w3.org/TR/xhtml1/DTD/xhtml1-transitional.dtd">
<html xmlns="http://www.w3.org/1999/xhtml" xml:lang="en" lang="en">
 <head>
  <title>
</title>
<meta http-equiv="Content-Type" content="text/html;charset=utf-8" />
  <meta name='ocr-system' content='tesseract 3.04.00' />
  <meta name='ocr-capabilities' content='ocr_page ocr_carea ocr_par ocr_line ocrx_word'/>
</head>
<body>
  <div class='ocr_page' id='page_1' title='image "./commentariumtext03blatuoft_0580.png"; bbox 0 0 1965 3240; ppageno 0'>
   <div class='ocr_carea' id='block_1_1' title="bbox 137 114 1558 158">
    <p class='ocr_par' dir='ltr' id='par_1_1' title="bbox 137 114 1558 158">
     <span class='ocr_line' id='line_1_1' title="bbox 137 114 1558 158; baseline -0.006 -3"><span class='ocrx_word' id='word_1_1' title='bbox 137 121 205 155; x_wconf 77' lang='lat'>568</span> <span class='ocrx_word' id='word_1_2' title='bbox 334 119 416 152; x_wconf 75' lang='lat' dir='ltr'>Lm.</span> <span class='ocrx_word' id='word_1_3' title='bbox 442 117 513 151; x_wconf 86' lang='grc' dir='ltr'><strong>ΙΙΙ.</strong></span> <span class='ocrx_word' id='word_1_4' title='bbox 540 137 551 142; x_wconf 96' lang='grc'>-</span> <span class='ocrx_word' id='word_1_5' title='bbox 579 117 689 150; x_wconf 77' lang='lat' dir='ltr'>PARS</span> <span class='ocrx_word' id='word_1_6' title='bbox 716 116 778 151; x_wconf 85' lang='lat' dir='ltr'>VI.</span> <span class='ocrx_word' id='word_1_7' title='bbox 806 136 817 142; x_wconf 91' lang='lat'>-</span> <span class='ocrx_word' id='word_1_8' title='bbox 845 117 901 150; x_wconf 90' lang='lat' dir='ltr'>De</span> <span class='ocrx_word' id='word_1_9' title='bbox 925 117 1035 150; x_wconf 78' lang='lat' dir='ltr'>bonis</span> <span class='ocrx_word' id='word_1_10' title='bbox 1061 115 1252 149; x_wconf 78' lang='lat' dir='ltr'><em>Ecclesiae</em></span> <span class='ocrx_word' id='word_1_11' title='bbox 1278 114 1558 158; x_wconf 78' lang='lat' dir='ltr'><em>temporalibus</em></span> 
     </span>
    </p>
   </div>
   <div class='ocr_carea' id='block_1_2' title="bbox 142 173 1248 184">
    <p class='ocr_par' dir='ltr' id='par_1_2' title="bbox 142 173 1248 184">
     <span class='ocr_line' id='line_1_2' title="bbox 142 173 1248 184; baseline 0 0"><span class='ocrx_word' id='word_1_12' title='bbox 142 173 1248 184; x_wconf 95' lang='lat' dir='ltr'> </span> 
     </span>
    </p>
   </div>
   <div class='ocr_carea' id='block_1_3' title="bbox 136 231 1766 2342">
    <p class='ocr_par' dir='ltr' id='par_1_3' title="bbox 136 231 1757 571">
     <span class='ocr_line' id='line_1_3' title="bbox 137 231 1746 291; baseline -0.004 -8"><span class='ocrx_word' id='word_1_13' title='bbox 137 244 294 283; x_wconf 88' lang='lat' dir='ltr'>tantum</span> <span class='ocrx_word' id='word_1_14' title='bbox 317 238 437 281; x_wconf 91' lang='lat' dir='ltr'>duret</span> <span class='ocrx_word' id='word_1_15' title='bbox 472 239 532 279; x_wconf 94' lang='lat' dir='ltr'>vis</span> <span class='ocrx_word' id='word_1_16' title='bbox 564 239 811 290; x_wconf 83' lang='lat' dir='ltr'>contractus,</span> <span class='ocrx_word' id='word_1_17' title='bbox 845 233 1009 276; x_wconf 78' lang='lat' dir='ltr'>servari</span> <span class='ocrx_word' id='word_1_18' title='bbox 1040 231 1156 276; x_wconf 83' lang='lat' dir='ltr'>debet</span> <span class='ocrx_word' id='word_1_19' title='bbox 1187 231 1297 275; x_wconf 82' lang='lat' dir='ltr'>idem</span> <span class='ocrx_word' id='word_1_20' title='bbox 1311 233 1624 291; x_wconf 76' lang='lat' dir='ltr'>praescriptum</span> <span class='ocrx_word' id='word_1_21' title='bbox 1655 248 1746 278; x_wconf 81' lang='lat' dir='ltr'>cau.</span> 
     </span>
     <span class='ocr_line' id='line_1_4' title="bbox 138 302 1757 366; baseline -0.003 -13"><span class='ocrx_word' id='word_1_22' title='bbox 138 311 268 363; x_wconf 69' lang='lat'>1532,</span> <span class='ocrx_word' id='word_1_23' title='bbox 301 309 328 366; x_wconf 60' lang='grc' dir='ltr'>ξ</span> <span class='ocrx_word' id='word_1_24' title='bbox 359 310 390 350; x_wconf 75' lang='grc'><em>2</em></span> <span class='ocrx_word' id='word_1_25' title='bbox 421 309 530 350; x_wconf 85' lang='lat' dir='ltr'>circa</span> <span class='ocrx_word' id='word_1_26' title='bbox 564 305 852 349; x_wconf 77' lang='lat' dir='ltr'>alienationem</span> <span class='ocrx_word' id='word_1_27' title='bbox 894 304 988 348; x_wconf 90' lang='lat' dir='ltr'>boni</span> <span class='ocrx_word' id='word_1_28' title='bbox 1028 304 1198 360; x_wconf 84' lang='lat' dir='ltr'>praefati</span> <span class='ocrx_word' id='word_1_29' title='bbox 1240 302 1420 358; x_wconf 81' lang='lat' dir='ltr'>valoris3</span> <span class='ocrx_word' id='word_1_30' title='bbox 1455 302 1498 361; x_wconf 91' lang='lat' dir='ltr'>b)</span> <span class='ocrx_word' id='word_1_31' title='bbox 1531 303 1569 347; x_wconf 82' lang='lat' dir='ltr'>si</span> <span class='ocrx_word' id='word_1_32' title='bbox 1601 304 1757 349; x_wconf 79' lang='lat' dir='ltr'>locatio</span> 
     </span>
     <span class='ocr_line' id='line_1_5' title="bbox 136 373 1749 433; baseline -0.002 -10"><span class='ocrx_word' id='word_1_33' title='bbox 136 394 217 423; x_wconf 78' lang='lat' dir='ltr'>uon</span> <span class='ocrx_word' id='word_1_34' title='bbox 249 379 305 422; x_wconf 76' lang='lat' dir='ltr'>sit</span> <span class='ocrx_word' id='word_1_35' title='bbox 338 377 453 420; x_wconf 75' lang='lat' dir='ltr'>ultra</span> <span class='ocrx_word' id='word_1_36' title='bbox 485 375 757 429; x_wconf 73' lang='lat' dir='ltr'>novennium,</span> <span class='ocrx_word' id='word_1_37' title='bbox 781 377 854 418; x_wconf 92' lang='lat' dir='ltr'>etsi</span> <span class='ocrx_word' id='word_1_38' title='bbox 890 379 1048 418; x_wconf 89' lang='lat' dir='ltr'>tantum</span> <span class='ocrx_word' id='word_1_39' title='bbox 1092 373 1318 430; x_wconf 85' lang='lat' dir='ltr'>perdurare</span> <span class='ocrx_word' id='word_1_40' title='bbox 1360 373 1521 427; x_wconf 81' lang='lat' dir='ltr'>debeat,</span> <span class='ocrx_word' id='word_1_41' title='bbox 1554 374 1648 431; x_wconf 80' lang='lat' dir='ltr'>fieri</span> <span class='ocrx_word' id='word_1_42' title='bbox 1676 388 1749 433; x_wconf 87' lang='lat' dir='ltr'>po-</span> 
     </span>
     <span class='ocr_line' id='line_1_6' title="bbox 137 442 1755 502; baseline -0.002 -10"><span class='ocrx_word' id='word_1_43' title='bbox 137 454 216 492; x_wconf 78' lang='lat' dir='ltr'>test</span> <span class='ocrx_word' id='word_1_44' title='bbox 247 452 483 492; x_wconf 90' lang='lat' dir='ltr'>contractus</span> <span class='ocrx_word' id='word_1_45' title='bbox 514 460 539 488; x_wconf 80' lang='lat' dir='ltr'><em>a</em></span> <span class='ocrx_word' id='word_1_46' title='bbox 572 444 772 502; x_wconf 72' lang='lat' dir='ltr'>leyitimis</span> <span class='ocrx_word' id='word_1_47' title='bbox 806 442 1238 495; x_wconf 43' lang='lat' dir='ltr'>administratoribus</span> <span class='ocrx_word' id='word_1_48' title='bbox 1285 442 1409 487; x_wconf 88' lang='lat' dir='ltr'>veluti</span> <span class='ocrx_word' id='word_1_49' title='bbox 1443 449 1558 488; x_wconf 87' lang='lat' dir='ltr'>actus</span> <span class='ocrx_word' id='word_1_50' title='bbox 1589 445 1755 489; x_wconf 87' lang='lat' dir='ltr'>ordina·</span> 
     </span>
     <span class='ocr_line' id='line_1_7' title="bbox 136 513 1415 571; baseline -0.005 -8"><span class='ocrx_word' id='word_1_51' title='bbox 136 521 220 563; x_wconf 89' lang='lat' dir='ltr'>riae</span> <span class='ocrx_word' id='word_1_52' title='bbox 253 518 633 569; x_wconf 85' lang='lat' dir='ltr'>administrationis,</span> <span class='ocrx_word' id='word_1_53' title='bbox 666 515 737 558; x_wconf 91' lang='lat' dir='ltr'>sed</span> <span class='ocrx_word' id='word_1_54' title='bbox 773 518 941 571; x_wconf 87' lang='lat' dir='ltr'>praevie</span> <span class='ocrx_word' id='word_1_55' title='bbox 973 514 1129 557; x_wconf 70' lang='lat' dir='ltr'>monito</span> <span class='ocrx_word' id='word_1_56' title='bbox 1167 513 1415 558; x_wconf 78' lang='lat' dir='ltr'>Ordinario.</span> 
     </span>
    </p>

    <p class='ocr_par' dir='ltr' id='par_1_4' title="bbox 137 585 1761 1348">
     <span class='ocr_line' id='line_1_8' title="bbox 254 585 1752 643; baseline -0.001 -11"><span class='ocrx_word' id='word_1_57' title='bbox 254 587 440 642; x_wconf 79' lang='lat' dir='ltr'>Quaeres</span> <span class='ocrx_word' id='word_1_58' title='bbox 472 601 520 631; x_wconf 90' lang='lat' dir='ltr'>an</span> <span class='ocrx_word' id='word_1_59' title='bbox 558 587 621 630; x_wconf 89' lang='lat' dir='ltr'>bic</span> <span class='ocrx_word' id='word_1_60' title='bbox 655 599 785 629; x_wconf 83' lang='lat' dir='ltr'>canon</span> <span class='ocrx_word' id='word_1_61' title='bbox 819 585 973 642; x_wconf 88' lang='lat' dir='ltr'>obliget</span> <span class='ocrx_word' id='word_1_62' title='bbox 1020 598 1185 643; x_wconf 89' lang='lat' dir='ltr'>quoque</span> <span class='ocrx_word' id='word_1_63' title='bbox 1218 585 1444 641; x_wconf 84' lang='lat' dir='ltr'>religiosos,</span> <span class='ocrx_word' id='word_1_64' title='bbox 1479 588 1549 643; x_wconf 92' lang='lat' dir='ltr'>qui</span> <span class='ocrx_word' id='word_1_65' title='bbox 1585 587 1752 643; x_wconf 89' lang='lat' dir='ltr'>praedia</span> 
     </span>
     <span class='ocr_line' id='line_1_9' title="bbox 139 655 1754 714; baseline 0.001 -14"><span class='ocrx_word' id='word_1_66' title='bbox 139 660 203 704; x_wconf 91' lang='lat' dir='ltr'>vel</span> <span class='ocrx_word' id='word_1_67' title='bbox 237 660 385 704; x_wconf 92' lang='lat' dir='ltr'>domus</span> <span class='ocrx_word' id='word_1_68' title='bbox 417 659 507 702; x_wconf 91' lang='lat' dir='ltr'>aliis</span> <span class='ocrx_word' id='word_1_69' title='bbox 541 658 710 701; x_wconf 73' lang='lat' dir='ltr'>locant?</span> <span class='ocrx_word' id='word_1_70' title='bbox 745 683 797 687; x_wconf 90' lang='lat'>—</span> <span class='ocrx_word' id='word_1_71' title='bbox 832 657 952 713; x_wconf 89' lang='lat' dir='ltr'>Resp.</span> <span class='ocrx_word' id='word_1_72' title='bbox 987 656 1235 700; x_wconf 84' lang='lat' dir='ltr'>affirmative</span> <span class='ocrx_word' id='word_1_73' title='bbox 1268 656 1402 713; x_wconf 88' lang='lat' dir='ltr'>quoad</span> <span class='ocrx_word' id='word_1_74' title='bbox 1436 655 1493 714; x_wconf 53' lang='grc' dir='ltr'>ξω</span> <span class='ocrx_word' id='word_1_75' title='bbox 1529 657 1608 702; x_wconf 70' lang='lat'>1¹²¹:</span> <span class='ocrx_word' id='word_1_76' title='bbox 1643 657 1754 701; x_wconf 89' lang='lat' dir='ltr'>nulla</span> 
     </span>
     <span class='ocr_line' id='line_1_10' title="bbox 137 725 1754 785; baseline -0.002 -11"><span class='ocrx_word' id='word_1_77' title='bbox 137 734 247 774; x_wconf 89' lang='lat' dir='ltr'>enim</span> <span class='ocrx_word' id='word_1_78' title='bbox 280 735 339 773; x_wconf 90' lang='lat' dir='ltr'>est</span> <span class='ocrx_word' id='word_1_79' title='bbox 373 732 474 773; x_wconf 88' lang='lat' dir='ltr'>ratio</span> <span class='ocrx_word' id='word_1_80' title='bbox 508 729 786 785; x_wconf 88' lang='lat' dir='ltr'>distinguendi</span> <span class='ocrx_word' id='word_1_81' title='bbox 811 728 1004 785; x_wconf 86' lang='lat' dir='ltr'>generale</span> <span class='ocrx_word' id='word_1_82' title='bbox 1030 730 1342 783; x_wconf 86' lang='lat' dir='ltr'>praescriptum.</span> <span class='ocrx_word' id='word_1_83' title='bbox 1367 725 1513 780; x_wconf 81' lang='lat' dir='ltr'>Quoad</span> <span class='ocrx_word' id='word_1_84' title='bbox 1540 728 1593 771; x_wconf 68' lang='lat'>2¹²²</span> <span class='ocrx_word' id='word_1_85' title='bbox 1615 731 1669 782; x_wconf 54' lang='grc' dir='ltr'>ξω</span> <span class='ocrx_word' id='word_1_86' title='bbox 1694 731 1754 771; x_wconf 92' lang='lat' dir='ltr'>vi-</span> 
     </span>
     <span class='ocr_line' id='line_1_11' title="bbox 138 798 1757 857; baseline -0.001 -12"><span class='ocrx_word' id='word_1_87' title='bbox 138 802 306 845; x_wconf 88' lang='lat' dir='ltr'>deretur</span> <span class='ocrx_word' id='word_1_88' title='bbox 349 803 539 857; x_wconf 87' lang='lat' dir='ltr'>negative</span> <span class='ocrx_word' id='word_1_89' title='bbox 584 799 915 856; x_wconf 89' lang='lat' dir='ltr'>respondendum</span> <span class='ocrx_word' id='word_1_90' title='bbox 959 811 1061 850; x_wconf 85' lang='lat' dir='ltr'>esse,</span> <span class='ocrx_word' id='word_1_91' title='bbox 1104 800 1198 855; x_wconf 87' lang='lat' dir='ltr'>quia</span> <span class='ocrx_word' id='word_1_92' title='bbox 1243 811 1331 841; x_wconf 83' lang='lat' dir='ltr'>can.</span> <span class='ocrx_word' id='word_1_93' title='bbox 1369 798 1493 849; x_wconf 73' lang='lat'>1532,</span> <span class='ocrx_word' id='word_1_94' title='bbox 1530 804 1572 842; x_wconf 88' lang='lat' dir='ltr'>ut</span> <span class='ocrx_word' id='word_1_95' title='bbox 1605 799 1660 843; x_wconf 89' lang='lat' dir='ltr'>ibi</span> <span class='ocrx_word' id='word_1_96' title='bbox 1695 800 1757 843; x_wconf 93' lang='lat' dir='ltr'>di—</span> 
     </span>
     <span class='ocr_line' id='line_1_12' title="bbox 138 869 1760 927; baseline -0.001 -12"><span class='ocrx_word' id='word_1_97' title='bbox 138 877 249 916; x_wconf 88' lang='lat' dir='ltr'>ctum</span> <span class='ocrx_word' id='word_1_98' title='bbox 283 873 370 926; x_wconf 81' lang='lat' dir='ltr'>suit,</span> <span class='ocrx_word' id='word_1_99' title='bbox 404 885 482 914; x_wconf 88' lang='lat' dir='ltr'>non</span> <span class='ocrx_word' id='word_1_100' title='bbox 517 876 635 927; x_wconf 88' lang='lat' dir='ltr'>urget</span> <span class='ocrx_word' id='word_1_101' title='bbox 670 870 910 926; x_wconf 73' lang='lat' dir='ltr'>religiosos,</span> <span class='ocrx_word' id='word_1_102' title='bbox 961 874 1262 923; x_wconf 78' lang='lat' dir='ltr'><strong>verumtamen,</strong></span> <span class='ocrx_word' id='word_1_103' title='bbox 1297 871 1393 926; x_wconf 87' lang='lat' dir='ltr'>quia</span> <span class='ocrx_word' id='word_1_104' title='bbox 1427 869 1478 912; x_wconf 90' lang='lat' dir='ltr'>de</span> <span class='ocrx_word' id='word_1_105' title='bbox 1510 869 1760 914; x_wconf 75' lang='lat' dir='ltr'>alienatione</span> 
     </span>
     <span class='ocr_line' id='line_1_13' title="bbox 140 940 1756 999; baseline -0.001 -13"><span class='ocrx_word' id='word_1_106' title='bbox 140 943 205 987; x_wconf 91' lang='lat' dir='ltr'>bic</span> <span class='ocrx_word' id='word_1_107' title='bbox 238 946 374 999; x_wconf 86' lang='lat' dir='ltr'>agitur</span> <span class='ocrx_word' id='word_1_108' title='bbox 408 942 456 985; x_wconf 87' lang='lat' dir='ltr'>ad</span> <span class='ocrx_word' id='word_1_109' title='bbox 488 955 654 985; x_wconf 90' lang='lat' dir='ltr'>sensum</span> <span class='ocrx_word' id='word_1_110' title='bbox 688 954 776 984; x_wconf 85' lang='lat' dir='ltr'>can.</span> <span class='ocrx_word' id='word_1_111' title='bbox 813 941 939 995; x_wconf 74' lang='lat'>1533,</span> <span class='ocrx_word' id='word_1_112' title='bbox 974 944 1013 983; x_wconf 87' lang='lat' dir='ltr'>et</span> <span class='ocrx_word' id='word_1_113' title='bbox 1045 942 1156 983; x_wconf 89' lang='lat' dir='ltr'>circa</span> <span class='ocrx_word' id='word_1_114' title='bbox 1191 942 1320 996; x_wconf 80' lang='lat' dir='ltr'>ipsam</span> <span class='ocrx_word' id='word_1_115' title='bbox 1357 953 1429 996; x_wconf 88' lang='lat' dir='ltr'>pro</span> <span class='ocrx_word' id='word_1_116' title='bbox 1464 940 1667 997; x_wconf 79' lang='lat' dir='ltr'>religiosis</span> <span class='ocrx_word' id='word_1_117' title='bbox 1698 943 1756 984; x_wconf 91' lang='lat' dir='ltr'>vi-</span> 
     </span>
     <span class='ocr_line' id='line_1_14' title="bbox 139 1010 1761 1070; baseline -0.002 -13"><span class='ocrx_word' id='word_1_118' title='bbox 139 1018 207 1070; x_wconf 85' lang='lat' dir='ltr'>get</span> <span class='ocrx_word' id='word_1_119' title='bbox 239 1026 328 1056; x_wconf 90' lang='lat' dir='ltr'>can.</span> <span class='ocrx_word' id='word_1_120' title='bbox 364 1013 445 1055; x_wconf 73' lang='lat'>534.</span> <span class='ocrx_word' id='word_1_121' title='bbox 480 1013 530 1056; x_wconf 91' lang='lat' dir='ltr'>de</span> <span class='ocrx_word' id='word_1_122' title='bbox 565 1012 728 1056; x_wconf 86' lang='lat' dir='ltr'>licentia</span> <span class='ocrx_word' id='word_1_123' title='bbox 763 1011 933 1068; x_wconf 75' lang='lat' dir='ltr'>legitimi</span> <span class='ocrx_word' id='word_1_124' title='bbox 967 1012 1200 1067; x_wconf 87' lang='lat' dir='ltr'>Superioris</span> <span class='ocrx_word' id='word_1_125' title='bbox 1233 1010 1469 1065; x_wconf 85' lang='lat' dir='ltr'>obtinenda,</span> <span class='ocrx_word' id='word_1_126' title='bbox 1503 1013 1562 1054; x_wconf 89' lang='lat' dir='ltr'>sic</span> <span class='ocrx_word' id='word_1_127' title='bbox 1595 1024 1761 1068; x_wconf 87' lang='lat' dir='ltr'>respon-</span> 
     </span>
     <span class='ocr_line' id='line_1_15' title="bbox 140 1081 1757 1139; baseline -0.002 -12"><span class='ocrx_word' id='word_1_128' title='bbox 140 1084 286 1127; x_wconf 88' lang='lat' dir='ltr'>deatur</span> <span class='ocrx_word' id='word_1_129' title='bbox 319 1087 479 1139; x_wconf 89' lang='lat' dir='ltr'>oportet</span> <span class='ocrx_word' id='word_1_130' title='bbox 512 1085 549 1124; x_wconf 87' lang='lat' dir='ltr'>in</span> <span class='ocrx_word' id='word_1_131' title='bbox 584 1095 681 1126; x_wconf 90' lang='lat' dir='ltr'>casu</span> <span class='ocrx_word' id='word_1_132' title='bbox 715 1084 936 1125; x_wconf 83' lang='lat' dir='ltr'>necessarii</span> <span class='ocrx_word' id='word_1_133' title='bbox 982 1081 1225 1137; x_wconf 80' lang='lat' dir='ltr'>beneplaciti</span> <span class='ocrx_word' id='word_1_134' title='bbox 1265 1081 1476 1138; x_wconf 88' lang='lat' dir='ltr'>apostolici</span> <span class='ocrx_word' id='word_1_135' title='bbox 1511 1081 1587 1125; x_wconf 90' lang='lat' dir='ltr'>snb</span> <span class='ocrx_word' id='word_1_136' title='bbox 1620 1082 1680 1126; x_wconf 91' lang='lat' dir='ltr'>n.⁰</span> <span class='ocrx_word' id='word_1_137' title='bbox 1715 1082 1757 1124; x_wconf 86' lang='lat'>1⁰</span> 
     </span>
     <span class='ocr_line' id='line_1_16' title="bbox 139 1152 1761 1209; baseline -0.001 -12"><span class='ocrx_word' id='word_1_138' title='bbox 139 1157 310 1198; x_wconf 85' lang='lat' dir='ltr'>canonis</span> <span class='ocrx_word' id='word_1_139' title='bbox 344 1153 469 1208; x_wconf 70' lang='lat'>1541,</span> <span class='ocrx_word' id='word_1_140' title='bbox 503 1153 609 1196; x_wconf 89' lang='lat' dir='ltr'>istud</span> <span class='ocrx_word' id='word_1_141' title='bbox 642 1154 765 1196; x_wconf 88' lang='lat' dir='ltr'>etiam</span> <span class='ocrx_word' id='word_1_142' title='bbox 799 1165 820 1195; x_wconf 90' lang='lat' dir='ltr'>a</span> <span class='ocrx_word' id='word_1_143' title='bbox 846 1152 1049 1209; x_wconf 73' lang='lat' dir='ltr'>religiosis</span> <span class='ocrx_word' id='word_1_144' title='bbox 1082 1156 1312 1208; x_wconf 79' lang='lat' dir='ltr'>expetatur,</span> <span class='ocrx_word' id='word_1_145' title='bbox 1346 1165 1418 1208; x_wconf 87' lang='lat' dir='ltr'>pro</span> <span class='ocrx_word' id='word_1_146' title='bbox 1449 1152 1540 1196; x_wconf 89' lang='lat' dir='ltr'>aliis</span> <span class='ocrx_word' id='word_1_147' title='bbox 1575 1166 1673 1196; x_wconf 91' lang='lat' dir='ltr'>vero</span> <span class='ocrx_word' id='word_1_148' title='bbox 1696 1165 1761 1196; x_wconf 90' lang='lat' dir='ltr'>ca-</span> 
     </span>
     <span class='ocr_line' id='line_1_17' title="bbox 139 1223 1760 1281; baseline -0.001 -14"><span class='ocrx_word' id='word_1_149' title='bbox 139 1224 252 1268; x_wconf 85' lang='lat' dir='ltr'>sibus</span> <span class='ocrx_word' id='word_1_150' title='bbox 289 1241 311 1265; x_wconf 86' lang='lat'>«</span> <span class='ocrx_word' id='word_1_151' title='bbox 339 1226 562 1281; x_wconf 87' lang='lat' dir='ltr'>requiritur</span> <span class='ocrx_word' id='word_1_152' title='bbox 595 1229 634 1266; x_wconf 90' lang='lat' dir='ltr'>et</span> <span class='ocrx_word' id='word_1_153' title='bbox 665 1224 815 1266; x_wconf 84' lang='lat' dir='ltr'>sufficit</span> <span class='ocrx_word' id='word_1_154' title='bbox 848 1223 1011 1266; x_wconf 85' lang='lat' dir='ltr'>licentia</span> <span class='ocrx_word' id='word_1_155' title='bbox 1035 1239 1057 1263; x_wconf 84' lang='grc'>))</span> <span class='ocrx_word' id='word_1_156' title='bbox 1096 1228 1139 1266; x_wconf 85' lang='lat' dir='ltr'>ut</span> <span class='ocrx_word' id='word_1_157' title='bbox 1173 1225 1211 1265; x_wconf 96' lang='lat' dir='ltr'>in</span> <span class='ocrx_word' id='word_1_158' title='bbox 1251 1235 1341 1266; x_wconf 89' lang='lat' dir='ltr'>can.</span> <span class='ocrx_word' id='word_1_159' title='bbox 1382 1223 1480 1278; x_wconf 76' lang='lat'>534,</span> <span class='ocrx_word' id='word_1_160' title='bbox 1513 1225 1588 1266; x_wconf 87' lang='lat' dir='ltr'>nisi</span> <span class='ocrx_word' id='word_1_161' title='bbox 1613 1228 1760 1280; x_wconf 77' lang='lat' dir='ltr'>agatur</span> 
     </span>
     <span class='ocr_line' id='line_1_18' title="bbox 140 1291 1757 1348; baseline 0.001 -9"><span class='ocrx_word' id='word_1_162' title='bbox 140 1296 191 1339; x_wconf 91' lang='lat' dir='ltr'>de</span> <span class='ocrx_word' id='word_1_163' title='bbox 210 1296 344 1339; x_wconf 87' lang='lat' dir='ltr'>fundis</span> <span class='ocrx_word' id='word_1_164' title='bbox 367 1295 610 1347; x_wconf 77' lang='lat' dir='ltr'>alienandis,</span> <span class='ocrx_word' id='word_1_165' title='bbox 629 1307 805 1348; x_wconf 90' lang='lat' dir='ltr'>quorum</span> <span class='ocrx_word' id='word_1_166' title='bbox 823 1294 1125 1337; x_wconf 81' lang='lat' dir='ltr'>administratio</span> <span class='ocrx_word' id='word_1_167' title='bbox 1149 1291 1372 1338; x_wconf 89' lang='lat' dir='ltr'>Ordinario</span> <span class='ocrx_word' id='word_1_168' title='bbox 1392 1294 1469 1338; x_wconf 90' lang='lat' dir='ltr'>loci</span> <span class='ocrx_word' id='word_1_169' title='bbox 1492 1294 1676 1338; x_wconf 84' lang='lat' dir='ltr'>subiecta</span> <span class='ocrx_word' id='word_1_170' title='bbox 1694 1296 1757 1340; x_wconf 90' lang='lat' dir='ltr'>sit.</span> 
     </span>
    </p>

    <p class='ocr_par' dir='ltr' id='par_1_5' title="bbox 141 1365 1766 2342">
     <span class='ocr_line' id='line_1_19' title="bbox 258 1365 1764 1422; baseline -0.002 -11"><span class='ocrx_word' id='word_1_171' title='bbox 258 1366 354 1408; x_wconf 79' lang='grc'>458.</span> <span class='ocrx_word' id='word_1_172' title='bbox 391 1367 462 1411; x_wconf 91' lang='lat' dir='ltr'>De</span> <span class='ocrx_word' id='word_1_173' title='bbox 494 1367 816 1422; x_wconf 86' lang='lat' dir='ltr'>emphyteusi,</span> <span class='ocrx_word' id='word_1_174' title='bbox 849 1377 994 1422; x_wconf 86' lang='lat' dir='ltr'>«quae</span> <span class='ocrx_word' id='word_1_175' title='bbox 1027 1369 1087 1408; x_wconf 87' lang='lat' dir='ltr'>est</span> <span class='ocrx_word' id='word_1_176' title='bbox 1119 1367 1278 1421; x_wconf 88' lang='lat' dir='ltr'>species</span> <span class='ocrx_word' id='word_1_177' title='bbox 1310 1365 1514 1422; x_wconf 82' lang='lat' dir='ltr'>quaedam</span> <span class='ocrx_word' id='word_1_178' title='bbox 1547 1365 1764 1408; x_wconf 82' lang='lat' dir='ltr'>locationis</span> 
     </span>
     <span class='ocr_line' id='line_1_20' title="bbox 141 1435 1759 1493; baseline -0.001 -13"><span class='ocrx_word' id='word_1_179' title='bbox 141 1442 179 1480; x_wconf 90' lang='lat' dir='ltr'>et</span> <span class='ocrx_word' id='word_1_180' title='bbox 212 1437 511 1490; x_wconf 82' lang='lat' dir='ltr'>conductionis,</span> <span class='ocrx_word' id='word_1_181' title='bbox 544 1441 584 1478; x_wconf 91' lang='lat' dir='ltr'>et</span> <span class='ocrx_word' id='word_1_182' title='bbox 617 1435 859 1491; x_wconf 89' lang='lat' dir='ltr'>intelligitur</span> <span class='ocrx_word' id='word_1_183' title='bbox 891 1440 1126 1479; x_wconf 83' lang='lat' dir='ltr'>contractus</span> <span class='ocrx_word' id='word_1_184' title='bbox 1159 1436 1453 1491; x_wconf 89' lang='lat' dir='ltr'>consensualis,</span> <span class='ocrx_word' id='word_1_185' title='bbox 1484 1449 1564 1493; x_wconf 91' lang='lat' dir='ltr'>quo</span> <span class='ocrx_word' id='word_1_186' title='bbox 1598 1449 1663 1479; x_wconf 82' lang='lat' dir='ltr'>res</span> <span class='ocrx_word' id='word_1_187' title='bbox 1686 1438 1759 1478; x_wconf 93' lang='lat' dir='ltr'>im-</span> 
     </span>
     <span class='ocr_line' id='line_1_21' title="bbox 142 1506 1764 1563; baseline -0.001 -12"><span class='ocrx_word' id='word_1_188' title='bbox 142 1507 304 1551; x_wconf 90' lang='lat' dir='ltr'>mobilis</span> <span class='ocrx_word' id='word_1_189' title='bbox 336 1520 429 1550; x_wconf 87' lang='lat' dir='ltr'>cum</span> <span class='ocrx_word' id='word_1_190' title='bbox 455 1506 720 1549; x_wconf 86' lang='lat' dir='ltr'>translatione</span> <span class='ocrx_word' id='word_1_191' title='bbox 743 1506 914 1549; x_wconf 88' lang='lat' dir='ltr'>dominii</span> <span class='ocrx_word' id='word_1_192' title='bbox 948 1506 1058 1549; x_wconf 85' lang='lat' dir='ltr'>utilis</span> <span class='ocrx_word' id='word_1_193' title='bbox 1082 1508 1119 1549; x_wconf 89' lang='lat' dir='ltr'>in</span> <span class='ocrx_word' id='word_1_194' title='bbox 1157 1510 1401 1562; x_wconf 89' lang='lat' dir='ltr'>perpetuum</span> <span class='ocrx_word' id='word_1_195' title='bbox 1428 1506 1490 1549; x_wconf 86' lang='lat' dir='ltr'>vel</span> <span class='ocrx_word' id='word_1_196' title='bbox 1514 1506 1565 1550; x_wconf 88' lang='lat' dir='ltr'>ad</span> <span class='ocrx_word' id='word_1_197' title='bbox 1600 1506 1764 1563; x_wconf 90' lang='lat' dir='ltr'>longius</span> 
     </span>
     <span class='ocr_line' id='line_1_22' title="bbox 141 1577 1765 1635; baseline -0.001 -13"><span class='ocrx_word' id='word_1_198' title='bbox 141 1583 303 1635; x_wconf 87' lang='lat' dir='ltr'>tempus</span> <span class='ocrx_word' id='word_1_199' title='bbox 335 1577 452 1620; x_wconf 87' lang='lat' dir='ltr'>alteri</span> <span class='ocrx_word' id='word_1_200' title='bbox 494 1577 666 1621; x_wconf 87' lang='lat' dir='ltr'>colenda</span> <span class='ocrx_word' id='word_1_201' title='bbox 708 1581 748 1633; x_wconf 69' lang='lat' dir='ltr'>et</span> <span class='ocrx_word' id='word_1_202' title='bbox 780 1577 952 1620; x_wconf 87' lang='lat' dir='ltr'>fruenda</span> <span class='ocrx_word' id='word_1_203' title='bbox 995 1577 1236 1620; x_wconf 86' lang='lat' dir='ltr'>conceditur</span> <span class='ocrx_word' id='word_1_204' title='bbox 1278 1577 1354 1621; x_wconf 91' lang='lat' dir='ltr'>sub</span> <span class='ocrx_word' id='word_1_205' title='bbox 1397 1591 1522 1620; x_wconf 89' lang='lat' dir='ltr'>onere</span> <span class='ocrx_word' id='word_1_206' title='bbox 1556 1580 1765 1634; x_wconf 89' lang='lat' dir='ltr'>pensionis</span> 
     </span>
     <span class='ocr_line' id='line_1_23' title="bbox 142 1647 1766 1704; baseline -0.001 -12"><span class='ocrx_word' id='word_1_207' title='bbox 142 1648 264 1692; x_wconf 89' lang='lat' dir='ltr'>realis</span> <span class='ocrx_word' id='word_1_208' title='bbox 311 1648 477 1691; x_wconf 90' lang='lat' dir='ltr'>domino</span> <span class='ocrx_word' id='word_1_209' title='bbox 510 1648 667 1690; x_wconf 90' lang='lat' dir='ltr'>directo</span> <span class='ocrx_word' id='word_1_210' title='bbox 708 1649 831 1690; x_wconf 86' lang='lat' dir='ltr'>certis</span> <span class='ocrx_word' id='word_1_211' title='bbox 873 1647 1129 1704; x_wconf 86' lang='lat' dir='ltr'>temporibus</span> <span class='ocrx_word' id='word_1_212' title='bbox 1171 1647 1396 1691; x_wconf 88' lang='lat' dir='ltr'>solvendae</span> <span class='ocrx_word' id='word_1_213' title='bbox 1445 1662 1518 1704; x_wconf 91' lang='lat' dir='ltr'>pro</span> <span class='ocrx_word' id='word_1_214' title='bbox 1561 1648 1766 1692; x_wconf 84' lang='lat' dir='ltr'>fructibus</span> 
     </span>
     <span class='ocr_line' id='line_1_24' title="bbox 142 1718 1763 1774; baseline 0 -12"><span class='ocrx_word' id='word_1_215' title='bbox 142 1725 179 1763; x_wconf 89' lang='lat' dir='ltr'>et</span> <span class='ocrx_word' id='word_1_216' title='bbox 214 1721 252 1762; x_wconf 93' lang='lat' dir='ltr'>in</span> <span class='ocrx_word' id='word_1_217' title='bbox 288 1720 611 1774; x_wconf 83' lang='lat' dir='ltr'>recognitionem</span> <span class='ocrx_word' id='word_1_218' title='bbox 644 1719 814 1761; x_wconf 89' lang='lat' dir='ltr'>dominii</span> <span class='ocrx_word' id='word_1_219' title='bbox 849 1718 1039 1762; x_wconf 82' lang='lat' dir='ltr'>directi»</span> <span class='ocrx_word' id='word_1_220' title='bbox 1078 1718 1107 1761; x_wconf 79' lang='lat'>¹.</span> <span class='ocrx_word' id='word_1_221' title='bbox 1150 1719 1385 1762; x_wconf 84' lang='lat' dir='ltr'>Secundum</span> <span class='ocrx_word' id='word_1_222' title='bbox 1421 1718 1526 1762; x_wconf 84' lang='lat' dir='ltr'>banc</span> <span class='ocrx_word' id='word_1_223' title='bbox 1559 1719 1763 1762; x_wconf 85' lang='lat' dir='ltr'>definitio-</span> 
     </span>
     <span class='ocr_line' id='line_1_25' title="bbox 144 1788 1762 1846; baseline 0.001 -14"><span class='ocrx_word' id='word_1_224' title='bbox 144 1802 236 1833; x_wconf 88' lang='lat' dir='ltr'>nem</span> <span class='ocrx_word' id='word_1_225' title='bbox 270 1789 551 1845; x_wconf 72' lang='lat' dir='ltr'>emphyteusis</span> <span class='ocrx_word' id='word_1_226' title='bbox 594 1793 653 1831; x_wconf 87' lang='lat' dir='ltr'>est</span> <span class='ocrx_word' id='word_1_227' title='bbox 700 1802 794 1831; x_wconf 73' lang='lat' dir='ltr'>vera</span> <span class='ocrx_word' id='word_1_228' title='bbox 841 1788 948 1831; x_wconf 91' lang='lat' dir='ltr'>illius</span> <span class='ocrx_word' id='word_1_229' title='bbox 991 1789 1160 1831; x_wconf 88' lang='lat' dir='ltr'>dominii</span> <span class='ocrx_word' id='word_1_230' title='bbox 1205 1789 1410 1843; x_wconf 85' lang='lat' dir='ltr'>alienatio,</span> <span class='ocrx_word' id='word_1_231' title='bbox 1451 1803 1498 1833; x_wconf 87' lang='lat' dir='ltr'>ac</span> <span class='ocrx_word' id='word_1_232' title='bbox 1548 1794 1762 1846; x_wconf 87' lang='lat' dir='ltr'>propterea</span> 
     </span>
     <span class='ocr_line' id='line_1_26' title="bbox 143 1859 1762 1918; baseline 0.001 -15"><span class='ocrx_word' id='word_1_233' title='bbox 143 1861 324 1917; x_wconf 88' lang='lat' dir='ltr'>religiosi</span> <span class='ocrx_word' id='word_1_234' title='bbox 358 1872 521 1917; x_wconf 88' lang='lat' dir='ltr'>quoque</span> <span class='ocrx_word' id='word_1_235' title='bbox 554 1862 853 1915; x_wconf 89' lang='lat' dir='ltr'>praescriptum</span> <span class='ocrx_word' id='word_1_236' title='bbox 887 1872 1057 1902; x_wconf 67' lang='lat' dir='ltr'>servare</span> <span class='ocrx_word' id='word_1_237' title='bbox 1096 1859 1260 1914; x_wconf 86' lang='lat' dir='ltr'>debent,</span> <span class='ocrx_word' id='word_1_238' title='bbox 1295 1873 1342 1903; x_wconf 93' lang='lat' dir='ltr'>eo</span> <span class='ocrx_word' id='word_1_239' title='bbox 1387 1863 1518 1917; x_wconf 88' lang='lat' dir='ltr'>magis</span> <span class='ocrx_word' id='word_1_240' title='bbox 1551 1861 1658 1918; x_wconf 91' lang='lat' dir='ltr'>quod</span> <span class='ocrx_word' id='word_1_241' title='bbox 1694 1874 1762 1917; x_wconf 89' lang='lat' dir='ltr'>ge-</span> 
     </span>
     <span class='ocr_line' id='line_1_27' title="bbox 144 1929 1766 1989; baseline 0.001 -15"><span class='ocrx_word' id='word_1_242' title='bbox 144 1930 551 1987; x_wconf 82' lang='lat' dir='ltr'>neraliterloquitur</span> <span class='ocrx_word' id='word_1_243' title='bbox 591 1944 681 1972; x_wconf 78' lang='lat' dir='ltr'>cau.</span> <span class='ocrx_word' id='word_1_244' title='bbox 715 1932 846 1973; x_wconf 68' lang='lat'>1542.</span> <span class='ocrx_word' id='word_1_245' title='bbox 882 1932 906 1984; x_wconf 65' lang='grc' dir='ltr'><strong>ἓ</strong></span> <span class='ocrx_word' id='word_1_246' title='bbox 950 1933 984 1973; x_wconf 89' lang='grc'>1.</span> <span class='ocrx_word' id='word_1_247' title='bbox 1020 1929 1067 1972; x_wconf 80' lang='lat' dir='ltr'>In</span> <span class='ocrx_word' id='word_1_248' title='bbox 1100 1930 1362 1989; x_wconf 73' lang='lat' dir='ltr'>emphyteusi</span> <span class='ocrx_word' id='word_1_249' title='bbox 1394 1944 1658 1989; x_wconf 86' lang='lat' dir='ltr'>quacumque</span> <span class='ocrx_word' id='word_1_250' title='bbox 1697 1931 1766 1975; x_wconf 85' lang='lat' dir='ltr'>bo-</span> 
     </span>
     <span class='ocr_line' id='line_1_28' title="bbox 143 2000 1763 2059; baseline 0 -15"><span class='ocrx_word' id='word_1_251' title='bbox 143 2015 291 2045; x_wconf 72' lang='lat' dir='ltr'>norum</span> <span class='ocrx_word' id='word_1_252' title='bbox 323 2000 700 2044; x_wconf 72' lang='lat' dir='ltr'>ecclesiastieorum</span> <span class='ocrx_word' id='word_1_253' title='bbox 731 2005 834 2054; x_wconf 87' lang='lat' dir='ltr'>(can.</span> <span class='ocrx_word' id='word_1_254' title='bbox 865 2001 988 2055; x_wconf 78' lang='lat'>1497,</span> <span class='ocrx_word' id='word_1_255' title='bbox 1023 2004 1047 2055; x_wconf 60' lang='grc' dir='ltr'><strong>ἓ</strong></span> <span class='ocrx_word' id='word_1_256' title='bbox 1082 2001 1122 2057; x_wconf 80' lang='grc'>1)</span> <span class='ocrx_word' id='word_1_257' title='bbox 1153 2002 1347 2059; x_wconf 83' lang='lat' dir='ltr'>equidem</span> <span class='ocrx_word' id='word_1_258' title='bbox 1386 2002 1763 2055; x_wconf 78' lang='lat' dir='ltr'>«immobilium»,</span> 
     </span>
     <span class='ocr_line' id='line_1_29' title="bbox 143 2070 1755 2129; baseline 0.002 -15"><span class='ocrx_word' id='word_1_259' title='bbox 143 2074 232 2115; x_wconf 85' lang='lat' dir='ltr'>sive</span> <span class='ocrx_word' id='word_1_260' title='bbox 264 2071 313 2114; x_wconf 92' lang='lat' dir='ltr'>ad</span> <span class='ocrx_word' id='word_1_261' title='bbox 353 2073 476 2114; x_wconf 88' lang='lat' dir='ltr'>vitam</span> <span class='ocrx_word' id='word_1_262' title='bbox 511 2070 803 2127; x_wconf 78' lang='lat' dir='ltr'>emphyteutae</span> <span class='ocrx_word' id='word_1_263' title='bbox 835 2084 1045 2122; x_wconf 84' lang='lat' dir='ltr'>concessa,</span> <span class='ocrx_word' id='word_1_264' title='bbox 1082 2071 1144 2115; x_wconf 90' lang='lat' dir='ltr'>vel</span> <span class='ocrx_word' id='word_1_265' title='bbox 1185 2072 1282 2115; x_wconf 91' lang='lat' dir='ltr'>dum</span> <span class='ocrx_word' id='word_1_266' title='bbox 1317 2077 1458 2116; x_wconf 86' lang='lat' dir='ltr'>extent</span> <span class='ocrx_word' id='word_1_267' title='bbox 1483 2086 1682 2129; x_wconf 73' lang='lat' dir='ltr'>personae</span> <span class='ocrx_word' id='word_1_268' title='bbox 1705 2073 1755 2117; x_wconf 93' lang='lat' dir='ltr'>ad</span> 
     </span>
     <span class='ocr_line' id='line_1_30' title="bbox 145 2141 1766 2202; baseline 0.001 -17"><span class='ocrx_word' id='word_1_269' title='bbox 145 2144 233 2186; x_wconf 92' lang='lat' dir='ltr'>eius</span> <span class='ocrx_word' id='word_1_270' title='bbox 252 2142 447 2185; x_wconf 79' lang='lat' dir='ltr'>familiam</span> <span class='ocrx_word' id='word_1_271' title='bbox 469 2144 732 2198; x_wconf 81' lang='lat' dir='ltr'>pertinentes,</span> <span class='ocrx_word' id='word_1_272' title='bbox 762 2141 822 2184; x_wconf 89' lang='lat' dir='ltr'>vel</span> <span class='ocrx_word' id='word_1_273' title='bbox 844 2145 881 2184; x_wconf 92' lang='lat' dir='ltr'>in</span> <span class='ocrx_word' id='word_1_274' title='bbox 907 2147 1168 2198; x_wconf 86' lang='lat' dir='ltr'>perpetuum,</span> <span class='ocrx_word' id='word_1_275' title='bbox 1188 2145 1240 2186; x_wconf 88' lang='lat' dir='ltr'>ita</span> <span class='ocrx_word' id='word_1_276' title='bbox 1265 2147 1307 2186; x_wconf 90' lang='lat' dir='ltr'>ut</span> <span class='ocrx_word' id='word_1_277' title='bbox 1330 2143 1380 2187; x_wconf 90' lang='lat' dir='ltr'>ad</span> <span class='ocrx_word' id='word_1_278' title='bbox 1401 2143 1575 2187; x_wconf 89' lang='lat' dir='ltr'>heredes</span> <span class='ocrx_word' id='word_1_279' title='bbox 1597 2157 1766 2202; x_wconf 87' lang='lat' dir='ltr'>quoque</span> 
     </span>
     <span class='ocr_line' id='line_1_31' title="bbox 145 2211 1765 2270; baseline 0.001 -14"><span class='ocrx_word' id='word_1_280' title='bbox 145 2217 337 2265; x_wconf 83' lang='lat' dir='ltr'>transeat,</span> <span class='ocrx_word' id='word_1_281' title='bbox 371 2211 652 2270; x_wconf 74' lang='lat' dir='ltr'>emphyteuta,</span> <span class='ocrx_word' id='word_1_282' title='bbox 690 2214 779 2256; x_wconf 90' lang='lat' dir='ltr'>sive</span> <span class='ocrx_word' id='word_1_283' title='bbox 810 2215 878 2269; x_wconf 90' lang='lat' dir='ltr'>qui</span> <span class='ocrx_word' id='word_1_284' title='bbox 914 2218 1172 2256; x_wconf 84' lang='lat' dir='ltr'>contractum</span> <span class='ocrx_word' id='word_1_285' title='bbox 1208 2216 1281 2257; x_wconf 87' lang='lat' dir='ltr'>init</span> <span class='ocrx_word' id='word_1_286' title='bbox 1321 2227 1415 2257; x_wconf 84' lang='lat' dir='ltr'>eum</span> <span class='ocrx_word' id='word_1_287' title='bbox 1450 2214 1619 2257; x_wconf 90' lang='lat' dir='ltr'>dominii</span> <span class='ocrx_word' id='word_1_288' title='bbox 1654 2214 1765 2258; x_wconf 92' lang='lat' dir='ltr'>utilis</span> 
     </span>
     <span class='ocr_line' id='line_1_32' title="bbox 145 2282 1764 2342; baseline 0.002 -16"><span class='ocrx_word' id='word_1_289' title='bbox 145 2285 429 2340; x_wconf 87' lang='lat' dir='ltr'>acquisitione,</span> <span class='ocrx_word' id='word_1_290' title='bbox 460 2285 549 2326; x_wconf 90' lang='lat' dir='ltr'>sive</span> <span class='ocrx_word' id='word_1_291' title='bbox 582 2285 650 2340; x_wconf 88' lang='lat' dir='ltr'>qui</span> <span class='ocrx_word' id='word_1_292' title='bbox 684 2282 735 2326; x_wconf 89' lang='lat' dir='ltr'>ab</span> <span class='ocrx_word' id='word_1_293' title='bbox 769 2296 816 2326; x_wconf 88' lang='lat' dir='ltr'>eo</span> <span class='ocrx_word' id='word_1_294' title='bbox 849 2296 1017 2326; x_wconf 87' lang='lat' dir='ltr'>causam</span> <span class='ocrx_word' id='word_1_295' title='bbox 1052 2283 1188 2337; x_wconf 87' lang='lat' dir='ltr'>babet,</span> <span class='ocrx_word' id='word_1_296' title='bbox 1210 2284 1354 2342; x_wconf 72' lang='lat' dir='ltr'>nequit</span> <span class='ocrx_word' id='word_1_297' title='bbox 1387 2298 1585 2327; x_wconf 78' lang='lat' dir='ltr'>canonem</span> <span class='ocrx_word' id='word_1_298' title='bbox 1615 2285 1653 2328; x_wconf 91' lang='lat' dir='ltr'>id</span> <span class='ocrx_word' id='word_1_299' title='bbox 1679 2292 1764 2329; x_wconf 85' lang='lat' dir='ltr'>est:</span> 
     </span>
    </p>
   </div>
   <div class='ocr_carea' id='block_1_4' title="bbox 145 2353 1827 2412">
    <p class='ocr_par' dir='ltr' id='par_1_6' title="bbox 145 2340 1952 2413">
     <span class='ocr_line' id='line_1_33' title="bbox 145 2353 1827 2412; baseline 0.002 -17"><span class='ocrx_word' id='word_1_300' title='bbox 145 2365 349 2396; x_wconf 89' lang='lat' dir='ltr'>summam</span> <span class='ocrx_word' id='word_1_301' title='bbox 385 2355 582 2409; x_wconf 86' lang='lat' dir='ltr'>pecuniae</span> <span class='ocrx_word' id='word_1_302' title='bbox 615 2353 788 2409; x_wconf 88' lang='lat' dir='ltr'>singulis</span> <span class='ocrx_word' id='word_1_303' title='bbox 820 2356 943 2397; x_wconf 88' lang='lat' dir='ltr'>certis</span> <span class='ocrx_word' id='word_1_304' title='bbox 978 2354 1232 2410; x_wconf 88' lang='lat' dir='ltr'>temporibus</span> <span class='ocrx_word' id='word_1_305' title='bbox 1269 2354 1509 2398; x_wconf 87' lang='lat' dir='ltr'>solvendam</span> <span class='ocrx_word' id='word_1_306' title='bbox 1544 2354 1764 2412; x_wconf 78' lang='lat' dir='ltr'>redimere,</span> <span class='ocrx_word' id='word_1_307' title='bbox 1825 2355 1827 2357; x_wconf 74' lang='grc'><strong>’</strong></span> 
     </span>
    </p>
   </div>
   <div class='ocr_carea' id='block_1_5' title="bbox 146 2423 1770 2764">
    <p class='ocr_par' dir='ltr' id='par_1_7' title="bbox 146 2423 1770 2764">
     <span class='ocr_line' id='line_1_34' title="bbox 147 2423 1768 2482; baseline 0.002 -16"><span class='ocrx_word' id='word_1_308' title='bbox 147 2426 199 2466; x_wconf 89' lang='lat' dir='ltr'>ita</span> <span class='ocrx_word' id='word_1_309' title='bbox 237 2428 277 2466; x_wconf 91' lang='lat' dir='ltr'>ut</span> <span class='ocrx_word' id='word_1_310' title='bbox 309 2423 434 2466; x_wconf 85' lang='lat' dir='ltr'>semel</span> <span class='ocrx_word' id='word_1_311' title='bbox 470 2438 544 2479; x_wconf 87' lang='lat' dir='ltr'>pro</span> <span class='ocrx_word' id='word_1_312' title='bbox 576 2437 740 2479; x_wconf 87' lang='lat' dir='ltr'>semper</span> <span class='ocrx_word' id='word_1_313' title='bbox 772 2424 959 2467; x_wconf 86' lang='lat' dir='ltr'>eamdem</span> <span class='ocrx_word' id='word_1_314' title='bbox 1009 2424 1156 2473; x_wconf 85' lang='lat' dir='ltr'>solvat,</span> <span class='ocrx_word' id='word_1_315' title='bbox 1177 2427 1227 2478; x_wconf 81' lang='lat' dir='ltr'>a)</span> <span class='ocrx_word' id='word_1_316' title='bbox 1258 2424 1350 2467; x_wconf 81' lang='lat' dir='ltr'>siue</span> <span class='ocrx_word' id='word_1_317' title='bbox 1381 2424 1555 2468; x_wconf 78' lang='lat' dir='ltr'>licentia</span> <span class='ocrx_word' id='word_1_318' title='bbox 1586 2425 1768 2482; x_wconf 59' lang='lat' dir='ltr'>legitimi</span> 
     </span>
     <span class='ocr_line' id='line_1_35' title="bbox 146 2493 1764 2553; baseline 0.002 -18"><span class='ocrx_word' id='word_1_319' title='bbox 146 2493 392 2551; x_wconf 73' lang='lat' dir='ltr'>Superioris</span> <span class='ocrx_word' id='word_1_320' title='bbox 424 2493 697 2536; x_wconf 74' lang='lat' dir='ltr'>ecclesiastici</span> <span class='ocrx_word' id='word_1_321' title='bbox 739 2494 788 2537; x_wconf 89' lang='lat' dir='ltr'>ad</span> <span class='ocrx_word' id='word_1_322' title='bbox 823 2494 1113 2538; x_wconf 87' lang='lat' dir='ltr'>alienationem</span> <span class='ocrx_word' id='word_1_323' title='bbox 1149 2508 1221 2551; x_wconf 92' lang='lat' dir='ltr'>pro</span> <span class='ocrx_word' id='word_1_324' title='bbox 1263 2497 1490 2553; x_wconf 89' lang='lat' dir='ltr'>quantitate</span> <span class='ocrx_word' id='word_1_325' title='bbox 1534 2498 1652 2548; x_wconf 82' lang='lat' dir='ltr'>pretii</span> <span class='ocrx_word' id='word_1_326' title='bbox 1685 2496 1764 2540; x_wconf 88' lang='lat' dir='ltr'>sol-</span> 
     </span>
     <span class='ocr_line' id='line_1_36' title="bbox 148 2564 1770 2624; baseline 0.003 -18"><span class='ocrx_word' id='word_1_327' title='bbox 148 2564 285 2618; x_wconf 89' lang='lat' dir='ltr'>vendi,</span> <span class='ocrx_word' id='word_1_328' title='bbox 318 2564 469 2607; x_wconf 77' lang='lat' dir='ltr'>dicitur</span> <span class='ocrx_word' id='word_1_329' title='bbox 502 2567 609 2607; x_wconf 88' lang='lat' dir='ltr'>enim</span> <span class='ocrx_word' id='word_1_330' title='bbox 644 2564 694 2607; x_wconf 77' lang='lat' dir='ltr'>(le</span> <span class='ocrx_word' id='word_1_331' title='bbox 726 2578 804 2622; x_wconf 83' lang='lat' dir='ltr'>quo</span> <span class='ocrx_word' id='word_1_332' title='bbox 837 2564 881 2607; x_wconf 78' lang='lat' dir='ltr'>in</span> <span class='ocrx_word' id='word_1_333' title='bbox 914 2579 1004 2609; x_wconf 78' lang='lat' dir='ltr'>eun.</span> <span class='ocrx_word' id='word_1_334' title='bbox 1038 2567 1172 2618; x_wconf 70' lang='lat'>1532,</span> <span class='ocrx_word' id='word_1_335' title='bbox 1200 2565 1262 2609; x_wconf 92' lang='lat' dir='ltr'>vel</span> <span class='ocrx_word' id='word_1_336' title='bbox 1296 2566 1429 2623; x_wconf 89' lang='lat' dir='ltr'>quoad</span> <span class='ocrx_word' id='word_1_337' title='bbox 1465 2565 1570 2609; x_wconf 90' lang='lat' dir='ltr'>bona</span> <span class='ocrx_word' id='word_1_338' title='bbox 1605 2567 1770 2624; x_wconf 89' lang='lat' dir='ltr'>religio·</span> 
     </span>
     <span class='ocr_line' id='line_1_37' title="bbox 147 2635 1766 2692; baseline 0.002 -15"><span class='ocrx_word' id='word_1_339' title='bbox 147 2647 284 2677; x_wconf 90' lang='lat' dir='ltr'>sorum</span> <span class='ocrx_word' id='word_1_340' title='bbox 319 2635 645 2691; x_wconf 87' lang='lat' dir='ltr'>aequipollenter</span> <span class='ocrx_word' id='word_1_341' title='bbox 682 2635 772 2678; x_wconf 87' lang='lat' dir='ltr'>«de</span> <span class='ocrx_word' id='word_1_342' title='bbox 804 2648 885 2692; x_wconf 89' lang='lat' dir='ltr'>quo</span> <span class='ocrx_word' id='word_1_343' title='bbox 930 2638 967 2678; x_wconf 93' lang='lat' dir='ltr'>in</span> <span class='ocrx_word' id='word_1_344' title='bbox 1012 2648 1100 2679; x_wconf 89' lang='lat' dir='ltr'>can.</span> <span class='ocrx_word' id='word_1_345' title='bbox 1137 2636 1218 2679; x_wconf 77' lang='lat'>534</span> <span class='ocrx_word' id='word_1_346' title='bbox 1263 2636 1312 2680; x_wconf 91' lang='lat' dir='ltr'>ad</span> <span class='ocrx_word' id='word_1_347' title='bbox 1349 2649 1535 2680; x_wconf 88' lang='lat' dir='ltr'>normam</span> <span class='ocrx_word' id='word_1_348' title='bbox 1570 2640 1766 2681; x_wconf 88' lang='lat' dir='ltr'>constitu-</span> 
     </span>
     <span class='ocr_line' id='line_1_38' title="bbox 146 2705 1767 2764; baseline 0.004 -18"><span class='ocrx_word' id='word_1_349' title='bbox 146 2706 340 2747; x_wconf 88' lang='lat' dir='ltr'>tionum»</span> <span class='ocrx_word' id='word_1_350' title='bbox 380 2706 513 2747; x_wconf 81' lang='lat' dir='ltr'>forsan</span> <span class='ocrx_word' id='word_1_351' title='bbox 537 2707 806 2748; x_wconf 85' lang='lat' dir='ltr'>statuentium</span> <span class='ocrx_word' id='word_1_352' title='bbox 842 2705 1106 2761; x_wconf 86' lang='lat' dir='ltr'>peculiariter</span> <span class='ocrx_word' id='word_1_353' title='bbox 1128 2707 1178 2750; x_wconf 88' lang='lat' dir='ltr'>de</span> <span class='ocrx_word' id='word_1_354' title='bbox 1213 2706 1322 2750; x_wconf 92' lang='lat' dir='ltr'>illius</span> <span class='ocrx_word' id='word_1_355' title='bbox 1350 2719 1439 2750; x_wconf 86' lang='lat' dir='ltr'>can.</span> <span class='ocrx_word' id='word_1_356' title='bbox 1466 2707 1767 2764; x_wconf 83' lang='lat' dir='ltr'>redemptione,</span> 
     </span>
    </p>
   </div>
   <div class='ocr_carea' id='block_1_6' title="bbox 149 2809 1766 2889">
    <p class='ocr_par' dir='ltr' id='par_1_8' title="bbox 149 2809 1766 2889">
     <span class='ocr_line' id='line_1_39' title="bbox 149 2809 1766 2888; baseline 0.003 -46"><span class='ocrx_word' id='word_1_357' title='bbox 149 2861 162 2888; x_wconf 65' lang='lat' dir='ltr'>t</span> <span class='ocrx_word' id='word_1_358' title='bbox 242 2810 272 2860; x_wconf 41' lang='lat'>&#39;¹</span> <span class='ocrx_word' id='word_1_359' title='bbox 302 2809 457 2843; x_wconf 59' lang='lat' dir='ltr'>WVernZ.</span> <span class='ocrx_word' id='word_1_360' title='bbox 486 2810 552 2843; x_wconf 83' lang='lat' dir='ltr'>Ius</span> <span class='ocrx_word' id='word_1_361' title='bbox 587 2810 864 2844; x_wconf 75' lang='lat' dir='ltr'>Decretalium.</span> <span class='ocrx_word' id='word_1_362' title='bbox 894 2810 1000 2844; x_wconf 84' lang='lat' dir='ltr'>Tom.</span> <span class='ocrx_word' id='word_1_363' title='bbox 1029 2811 1101 2845; x_wconf 90' lang='lat' dir='ltr'>III.</span> <span class='ocrx_word' id='word_1_364' title='bbox 1131 2811 1208 2846; x_wconf 76' lang='lat' dir='ltr'>Tit.</span> <span class='ocrx_word' id='word_1_365' title='bbox 1240 2812 1308 2854; x_wconf 87' lang='lat' dir='ltr'>IX,</span> <span class='ocrx_word' id='word_1_366' title='bbox 1337 2815 1356 2854; x_wconf 65' lang='grc' dir='ltr'>ξ</span> <span class='ocrx_word' id='word_1_367' title='bbox 1381 2812 1416 2855; x_wconf 86' lang='grc'>8,</span> <span class='ocrx_word' id='word_1_368' title='bbox 1445 2812 1496 2847; x_wconf 85' lang='grc' dir='ltr'>Π,</span> <span class='ocrx_word' id='word_1_369' title='bbox 1525 2812 1583 2847; x_wconf 87' lang='lat' dir='ltr'>De</span> <span class='ocrx_word' id='word_1_370' title='bbox 1609 2811 1766 2858; x_wconf 87' lang='lat' dir='ltr'>emphy-</span> 
     </span>
     <span class='ocr_line' id='line_1_40' title="bbox 166 2866 263 2889; baseline -0.01 0"><span class='ocrx_word' id='word_1_371' title='bbox 166 2866 263 2889; x_wconf 66' lang='lat' dir='ltr'>ensi.</span> 
     </span>
    </p>
   </div>
   <div class='ocr_carea' id='block_1_7' title="bbox 1807 0 1965 3240">
    <p class='ocr_par' dir='ltr' id='par_1_9' title="bbox 1807 0 1965 3240">
     <span class='ocr_line' id='line_1_41' title="bbox 1807 0 1965 3240; baseline 0 0"><span class='ocrx_word' id='word_1_372' title='bbox 1807 0 1965 3240; x_wconf 95' lang='lat' dir='ltr'> </span> 
     </span>
    </p>
   </div>
  </div>
 </body>
</html>
