1965 3240
151 115 221 149 462
294 115 377 149 Lm.
403 114 474 148 111.
504 133 516 138 —
544 113 654 147 PARS
681 112 726 146 V.
755 132 770 139 -
795 112 853 148 De
878 112 1001 155 benef.
1030 114 1065 147 et
1091 114 1216 146 instit.
1245 112 1371 147 eccles.
1401 122 1481 146 non
1506 111 1634 156 colley.

860 287 1005 324 CAPUT
1029 287 1067 322 V.

457 374 510 408 De
536 373 688 408 iuribus
714 371 1083 415 et.0bligationibus
1110 369 1461 405 beneficiariorum.

200 492 283 528 CAN.
319 489 416 526 1472.
444 511 460 516 —
490 490 644 534 Quilibet
671 489 927 531 beneficiarius

152 545 252 586 capta
294 538 447 584 legitime
489 537 647 573 beneficii
695 537 925 583 possessione,

153 586 316 621 omnibus
343 585 478 620 iuribus
506 585 631 620 fruitur
660 588 732 619 tam
758 590 928 630 tempora-

155 634 244 669 libus
271 643 374 679 quam
402 632 657 678 spiritualibus,
686 642 774 677 quae
801 631 930 667 benefi-

155 681 206 717 cio
231 681 367 716 adnexa
393 679 475 714 sint.

203 726 287 764 (ΒΑΝ.
320 726 421 763 1473.
449 746 465 753 -
493 725 561 761 Etsi
595 725 838 762 beneficiarius
864 724 932 760 alia

155 776 247 811 bona
264 785 336 809 non
363 773 580 809 beneficialia
598 773 736 815 babeat,
758 772 864 807 libere
882 771 929 806 uti

157 823 222 858 frui
253 826 361 868 potest
388 821 557 856 fructibus
583 820 847 856 beneficialibus
873 819 930 864 qui

155 870 198 905 ad
225 869 299 905 eius
337 869 518 903 honestam
545 867 833 903 sustentationem
862 867 931 900 sint

156 915 359 958 necessarii3
393 915 603 960 obligatione
641 919 758 950 autem
797 918 933 949 tenetur

157 962 381 1010 impendendi
409 962 601 1008 superfluos
629 973 688 1008 pro
723 961 932 1007 pauperibus

156 1016 215 1047 aut
243 1011 308 1057 piis
334 1010 461 1050 causis,
490 1009 584 1044 salvo
613 1009 823 1055 praescripto
853 1019 930 1043 can.

158 1058 237 1102 239,
268 1062 286 1100 ξ
316 1057 346 1098 1,
376 1068 412 1091 n.
446 1055 499 1091 19.

205 1104 288 1141 CAN.
322 1102 420 1145 1474,
439 1123 455 1130 -
475 1102 509 1139 Si
537 1103 580 1138 ad
608 1103 816 1138 beneficium
846 1102 933 1137 obti-

159 1152 315 1188 nendum
342 1151 515 1196 susceptio
549 1150 697 1185 alicuius
722 1150 856 1185 ordinis
882 1160 933 1185 re-

157 1201 328 1246 quiratur,
357 1197 601 1234 beneficiarius
634 1197 737 1233 talem
774 1197 931 1232 ordinem

157 1252 238 1283 ante
261 1245 419 1281 beneficii
439 1245 659 1280 collationem
680 1245 748 1280 iam
767 1244 934 1290 receperit

159 1298 305 1341 oportet.

207 1340 290 1377 CAN.
322 1338 423 1376 1475.
439 1360 456 1365 -
477 1343 496 1381 ξ
525 1339 554 1372 1.
574 1338 822 1374 Beneficiarius
840 1344 934 1374 tene-

159 1395 213 1424 tur
241 1387 427 1434 peculiaria
461 1397 567 1422 onera
601 1386 770 1421 beneficio
802 1386 935 1422 adnexa

160 1436 309 1471 fideliter
335 1433 527 1479 adimplere
565 1437 598 1469 et
632 1438 808 1479 praeterea
833 1444 936 1468 cano-

161 1484 257 1518 nicas
283 1482 386 1517 horas
412 1481 566 1527 quotidie
592 1480 744 1516 recitare.

207 1535 226 1573 ξ
252 1530 284 1564 ⁴2.
312 1528 361 1571 Si,
382 1528 478 1563 nullo
505 1528 659 1573 legitimo
685 1528 846 1563 detentus
872 1527 935 1561 im-

162 1578 370 1624 pedimento,
400 1575 602 1620 obligationi
637 1575 806 1611 recitandi
835 1575 937 1610 horas

159 1624 346 1660 canonicas
373 1634 445 1658 non
472 1622 689 1664 satisfecerit,
717 1623 850 1657 fructus
877 1633 936 1668 pro

161 1678 233 1707 rata
260 1671 459 1706 omissionis
486 1681 555 1705 non
586 1669 665 1705 facit
691 1680 784 1710 SUOS,
810 1680 937 1715 eosque

163 1719 312 1755 fabricae
337 1718 501 1753 ecclesiae
534 1722 594 1752 aut
627 1716 824 1752 Seminario
850 1717 938 1752 dioc-

161 1777 286 1802 cesano
312 1765 425 1800 tradat
452 1764 503 1799 vel
545 1764 579 1798 in
616 1775 783 1810 pauperes
808 1768 936 1808 eroget.

210 1812 293 1849 Cis.
322 1811 424 1847 1476.
444 1832 460 1838 -
477 1815 496 1853 ἓ
514 1811 544 1845 l.
574 1810 821 1847 Beneficiarius
847 1811 939 1846 bona

161 1861 203 1896 ad
245 1871 348 1895 suum
387 1859 595 1895 beneficium
637 1858 860 1904 pertinentia,
902 1862 939 1893 ut

163 1907 319 1943 beneficii
360 1911 509 1947 curator,
537 1906 785 1941 administrare
823 1905 936 1946 debet,

162 1956 204 1990 ad
231 1965 391 1989 normam
419 1954 515 1990 iuris.

210 2001 287 2044 ξφ..
318 2001 353 2036 Si
394 2000 576 2045 negligens
613 2000 723 2035 aliove
762 1999 863 2034 modo
902 1999 938 2033 in

163 2049 264 2095 culpa
291 2048 402 2090 fuerit,
431 2049 561 2083 damna
579 2047 744 2082 resarcire
770 2046 939 2082 beneficio

163 2097 273 2136 debet,
299 2100 403 2141 atque
439 2096 481 2130 ad
521 2106 560 2130 ea
598 2094 858 2139 compensanda
896 2095 938 2129 ab

164 2142 351 2179 Ordinario
378 2142 440 2177 loci
468 2141 729 2188 compellendus
752 2145 823 2181 est;
844 2146 877 2176 et
911 2142 938 2175 si

164 2191 207 2225 sit
228 2190 409 2236 parochus,
431 2201 449 2224 a
470 2189 627 2235 paroecia
645 2189 795 2224 amoveri
817 2189 940 2234 poterit

163 2239 205 2273 ad
233 2247 392 2272 normam
420 2247 497 2272 can.
529 2234 618 2271 2147
646 2247 742 2282 seqq.

213 2283 296 2320 Cis.
330 2282 430 2319 1477.
448 2305 464 2308 -
480 2288 499 2326 ἕ
523 2284 550 2320 l.
570 2283 739 2330 Sumptus
764 2282 941 2317 ordinario

167 2333 265 2367 modo
291 2331 436 2366 connexi
464 2342 543 2365 cum
571 2331 740 2366 bonorum
761 2329 940 2365 beneficia-

166 2380 248 2413 lium
277 2378 581 2413 administratione
607 2383 639 2413 et
668 2378 841 2412 fructuum
871 2387 941 2422 per-

165 2426 331 2472 ceptione,
364 2436 385 2460 a
419 2425 641 2461 beneficiario
678 2424 808 2460 ferendi
844 2429 937 2458 sunt.

213 2477 232 2515 §
266 2472 298 2507 2.
341 2472 522 2518 impensae
561 2483 621 2518 pro
658 2470 942 2507 extraordinariis

165 2521 288 2555 domus
327 2519 540 2554 beneficialis
577 2518 869 2565 reparationibus,
898 2518 941 2553 ab

167 2568 207 2602 iis
223 2566 382 2602 ferendae
401 2571 482 2601 sunt
500 2566 627 2612 quibus
652 2577 741 2602 onus
763 2565 940 2600 reficiendi

167 2614 404 2650 beneficialem
444 2614 623 2649 ecclesiam
661 2612 846 2655 incumbit,
874 2612 941 2646 nisi

167 2661 382 2697 fundationis
408 2661 546 2696 tabulae
574 2666 632 2696 aut
659 2660 835 2705 legitimae
860 2670 942 2694 con-

168 2709 347 2745 ventiones
384 2714 415 2743 et
449 2707 722 2743 consuetudines
758 2706 853 2742 aliud
888 2718 943 2742 ca-

170 2760 283 2792 veant.

216 2807 234 2844 ξ
261 2801 294 2836 3.
323 2802 475 2837 Minores
501 2801 737 2847 reparationes
763 2811 851 2846 quae
878 2800 942 2846 ipsi

171 2849 391 2893 incumbunt,
413 2848 656 2884 beneficiarius
682 2848 943 2894 quamprimum

1003 487 1167 534 perficiat,
1195 497 1239 522 ne
1274 487 1444 522 maiorum
1479 487 1667 522 necessitas
1701 498 1780 522 ena-

1004 539 1132 570 scatur.

1052 580 1138 617 CAN.
1168 579 1271 616 1478.
1292 601 1307 607 -
1325 578 1535 616 Ordinarius
1561 580 1626 616 loci
1654 580 1782 626 obliga-

1004 629 1098 664 tione
1124 633 1262 664 tenetur
1287 627 1502 673 advigilandi
1521 627 1627 663 etiam
1655 639 1714 674 per
1733 628 1780 662 vi-

1004 676 1114 711 carios
1156 676 1314 711 foraneos
1357 680 1393 710 ut
1435 674 1650 710 beneficialia
1691 675 1783 710 bona

1004 727 1254 759 conserventur
1278 728 1311 758 et
1336 722 1400 758 rite
1425 722 1727 757 administrentur.

1053 770 1134 806 CAN.
1166 769 1266 805 1479.
1300 790 1316 795 -
1347 771 1382 805 ln
1410 769 1578 805 locatione
1610 769 1781 805 bonorum

1006 817 1264 854 beneficialium
1290 817 1500 863 anticipatae
1518 817 1710 852 solutiones
1732 817 1781 851 ul-

1005 870 1058 900 tra
1083 870 1247 900 semestre
1283 864 1510 910 probibentur
1535 863 1612 899 sine
1641 863 1783 899 licentia

1007 910 1187 948 Ordinarii
1216 912 1293 953 loci,
1321 911 1379 959 qui
1407 911 1443 946 in
1475 911 1612 946 casibus
1632 915 1782 946 extraor-

1006 960 1155 994 dinariis
1181 970 1344 1004 congruis
1372 958 1702 1004 praescriptionibus
1727 968 1782 993 ca-

1008 1012 1083 1042 veat
1110 1018 1153 1042 ne
1179 1006 1259 1041 talis
1279 1006 1403 1043 locatio
1422 1006 1457 1040 in
1477 1005 1646 1041 damnum
1667 1010 1784 1050 vergat

1007 1054 1070 1090 loci
1100 1055 1146 1100 pii
1173 1058 1232 1088 aut
1265 1064 1502 1090 successorum
1529 1052 1564 1087 in
1600 1052 1780 1088 beneficio.

1055 1100 1140 1137 Cim.
1165 1099 1265 1136 1480.
1283 1121 1300 1127 —
1320 1101 1438 1136 Annui
1466 1099 1597 1136 reditus
1624 1099 1782 1135 beneficii

1008 1148 1098 1184 inter
1108 1159 1344 1184 successorem
1359 1154 1392 1184 et
1402 1152 1654 1183 antecessorem
1668 1147 1786 1182 eiusve

1008 1196 1161 1237 heredes
1189 1196 1223 1230 in
1251 1207 1334 1231 casu
1360 1195 1486 1238 obitus,
1514 1206 1573 1240 pro
1599 1199 1673 1229 rata
1698 1199 1784 1230 tem-

1010 1243 1100 1289 poris
1126 1254 1194 1289 quo
1212 1243 1382 1279 beneficio
1408 1247 1553 1288 uterque
1570 1241 1785 1282 deservierit,

963 1329 967 1331 λ
1007 1290 1276 1335 distribuantur,
1305 1290 1469 1325 omnibus
1503 1288 1727 1335 proventibus
1752 1293 1785 1324 et

1008 1337 1173 1373 oneribus
1192 1337 1365 1373 currentis
1378 1337 1463 1373 anni
1483 1336 1701 1382 computatis,
1716 1335 1784 1370 nisi

1009 1385 1163 1430 legitima
1189 1385 1402 1420 consuetudo
1426 1389 1486 1419 aut
1514 1383 1700 1430 peculiaria
1718 1387 1786 1418 sta-

1009 1437 1083 1467 tuta
1109 1433 1173 1467 rite
1198 1432 1389 1478 approbata
1422 1431 1531 1466 alium
1559 1431 1668 1466 iustae
1693 1441 1786 1466 com·

1011 1479 1192 1526 positionis
1219 1480 1360 1515 modum
1387 1478 1603 1514 induxerint.

1057 1526 1142 1562 CAN.
1175 1524 1275 1561 1481.
1293 1547 1314 1553 -
1336 1526 1497 1561 Deductis
1523 1525 1709 1561 cuiuslibet
1733 1534 1786 1569 ge·

1010 1574 1104 1610 neris
1129 1575 1290 1619 expensis
1308 1579 1341 1610 et
1359 1574 1454 1608 salvo
1475 1573 1688 1618 praescripto
1705 1582 1783 1606 can.

1010 1621 1092 1662 472,
1114 1633 1149 1656 n.
1179 1623 1205 1665 l,
1225 1622 1355 1657 fructus
1375 1620 1532 1656 beneficii
1554 1620 1710 1655 vacantis
1726 1630 1786 1664 pro

1010 1669 1119 1704 altera
1143 1668 1290 1704 dimidia
1310 1674 1404 1714 parte
1422 1671 1625 1703 accrescunt
1644 1666 1713 1702 doti
1734 1668 1788 1702 be-

1011 1716 1125 1752 neficii
1155 1716 1208 1751 vel
1227 1727 1361 1751 massae
1386 1715 1579 1756 communi,
1602 1725 1661 1760 pro
1678 1714 1788 1749 altera

1011 1764 1140 1799 cedunt
1167 1763 1316 1798 fabricae
1342 1762 1505 1798 ecclesiae
1531 1773 1590 1796 seu
1622 1761 1784 1797 sacrario.

1012 1813 1107 1846 salva
1125 1810 1279 1854 legitima
1297 1809 1550 1845 consuetudine
1568 1820 1635 1854 qua
1656 1809 1788 1843 fructus

1011 1868 1133 1894 omnes
1159 1858 1195 1892 in
1222 1858 1351 1893 bonum
1384 1866 1570 1892 commune
1595 1856 1789 1891 dioeceseos

1011 1909 1207 1949 erogentur.

1060 1953 1145 1988 CAN.
1179 1949 1278 1986 1482.
1310 1972 1326 1977 -
1360 1950 1459 1995 Quod
1486 1950 1528 1985 ad
1555 1949 1707 1985 mediam
1726 1960 1787 1985 an-

1012 2005 1146 2040 natam‚
1175 2010 1280 2045 quam
1317 2003 1450 2039 vocant,
1476 1997 1614 2037 attinet,
1643 2008 1693 2038 ea,
1728 1996 1786 2032 ubi

1014 2047 1114 2092 viget,
1140 2047 1344 2090 retineatur,
1372 2050 1404 2081 et
1440 2044 1627 2091 peculiaria
1660 2049 1789 2079 statuta

1012 2105 1052 2129 ac
1089 2093 1283 2128 laudabiles
1321 2092 1591 2128 consuetudines
1628 2091 1664 2125 in
1703 2103 1788 2126 una-

1013 2152 1152 2187 quaque
1178 2141 1318 2186 regione
1336 2141 1427 2175 circa
1452 2150 1529 2175 eam
1548 2138 1703 2183 vigentes
1721 2149 1789 2174 ser-

1015 2194 1150 2224 ventur.

1063 2234 1146 2271 CAN.
1179 2233 1282 2269 1483.
1302 2255 1318 2259 -
1335 2238 1354 2276 ξ
1384 2234 1413 2268 1.
1438 2233 1531 2268 Bona
1557 2243 1698 2268 mensae
1723 2232 1791 2278 epi-

1013 2283 1161 2328 scopalis
1186 2282 1230 2317 ab
1249 2281 1416 2327 Episcopo
1441 2280 1626 2325 diligenter
1643 2280 1791 2315 admini-

1015 2335 1180 2365 strentur.

1062 2381 1080 2419 ξ
1098 2376 1131 2411 2.
1158 2376 1285 2411 Domus
1303 2374 1509 2421 episcopalis
1527 2378 1619 2408 sarta
1633 2378 1791 2418 tectaque

1014 2428 1237 2460 conservetur
1262 2427 1308 2463 et,
1329 2422 1355 2456 si
1383 2433 1469 2467 opus
1495 2421 1554 2461 sit,
1581 2425 1792 2456 restauretur

1014 2476 1047 2507 et
1066 2475 1245 2517 reparetur
1267 2469 1435 2515 impensis
1464 2468 1619 2504 eiusdem
1638 2477 1789 2504 mensae.

1015 2519 1148 2564 quoties
1183 2516 1381 2552 huiusmodi
1416 2526 1523 2551 onera
1556 2525 1595 2550 ex
1626 2514 1788 2560 peculiari

1014 2565 1114 2600 titulo
1140 2564 1217 2600 aliis
1243 2574 1313 2599 non
1340 2562 1559 2598 incumbant.

1063 2617 1082 2654 ξ
1109 2612 1143 2646 3.
1173 2610 1304 2647 Curent
1330 2621 1466 2656 quoque
1485 2608 1642 2656 Episcopi
1670 2613 1718 2647 ut,
1736 2618 1790 2642 ac-

1016 2664 1135 2695 curato
1177 2659 1373 2694 inventario
1413 2658 1584 2696 confecto,
1628 2655 1792 2691 utensilia

1015 2706 1135 2742 omnia
1161 2705 1213 2741 vel
1240 2705 1332 2740 bona
1350 2704 1493 2740 mobilia
1521 2703 1638 2739 domui
1664 2702 1793 2748 episco-

1017 2754 1085 2799 pali
1114 2754 1199 2788 forte
1224 2752 1364 2787 addicta
1389 2756 1493 2797 atque
1519 2751 1556 2785 in
1579 2760 1720 2784 mensae
1737 2749 1793 2783 do-
1828 2788 1830 2791 ¹

1017 2800 1126 2836 minio
1163 2800 1363 2839 constituta,
1400 2799 1443 2834 ad
1482 2807 1714 2833 successorem
1751 2806 1791 2831 ex

1016 2853 1085 2883 toto
1111 2858 1299 2892 secureque
1326 2845 1624 2881 transmittantur.
