1965 3240
192 146 258 180 106
425 144 508 178 Lm.
535 144 605 179 III.
633 164 644 169 -
673 144 781 179 PARS
807 144 858 178 II.
876 165 900 175 .-
926 144 983 179 De
1009 146 1103 179 locis
1127 148 1163 180 et
1187 146 1426 189 temporibus
1450 148 1574 180 saeris

190 270 229 306 el
261 263 385 321 yrari
417 277 544 306 eausa
571 262 612 320 b)
638 263 687 306 ab
714 263 947 307 Ordimirio
977 263 1170 319 probata,
1204 266 1298 321 quia
1333 264 1384 307 de
1417 266 1581 320 negotio
1610 264 1658 308 ad
1684 265 1815 308 torum

189 340 410 378 externum
444 334 563 378 facile
597 337 842 391 pertinente,
867 333 1088 377 ercludere
1124 335 1300 378 vetando
1336 334 1397 378 161
1433 334 1553 378 aliter
1580 334 1620 392 a)
1645 334 1818 378 elericos

190 405 446 457 saeculares,
481 404 522 462 b)
556 404 793 463 >1'elr‘92'OSOS,
825 408 914 448 sive
948 405 988 448 hi
1021 405 1160 448 clerici
1204 407 1294 448 sive
1334 405 1426 448 laici
1465 408 1557 456 sint,
1591 405 1630 462 c)
1665 419 1714 448 ac
1743 406 1817 463 pia

189 475 408 526 sodalitia,
442 489 523 533 quo
562 479 772 519 «nomine
823 478 990 519 16611161
1040 478 1335 519 associationes
1382 476 1566 519 tidelium
1616 489 1722 534 quae
1766 476 1815 519 ad

192 547 360 590 modum
405 549 590 603 organici
629 549 815 603 corporis
847 549 926 589 sint
960 549 1245 590 constitutae»
1287 548 1393 603 (cau.
1430 547 1528 601 707,
1560 547 1588 605 ς’
1622 547 1678 603 1),
1713 561 1819 604 quae

188 618 265 662 sub
300 618 445 661 litteris
482 621 530 673 a),
572 617 611 671 b)
633 623 671 661 et
700 621 737 671 c)
759 617 929 675 [66111111
964 617 1026 660 rel
1059 616 1231 660 heredes
1266 632 1336 674 pro
1371 631 1514 661 eorum
1550 620 1638 661 iure
1672 631 1718 661 ae
1752 631 1816 660 ar-

192 689 312 733 bitrio
336 688 542 732 advocare
573 688 703 731 velint
725 688 781 731 ad
795 687 1085 731 deducendum
1111 701 1203 731 cum
1230 688 1420 745 religiosa
1445 701 1593 745 pompa
1617 688 1820 731 cadavere

189 763 226 813 a)
250 758 305 803 ad
337 759 552 802 ecelesiam
587 758 753 817 funeris
776 759 910 802 eidem
947 757 1226 815 persolvendi,
1252 758 1292 812 b)
1313 765 1350 801 et
1385 758 1440 802 ad
1472 758 1748 817 sepulturam,
1768 759 1817 802 ad

189 831 431 874 alterutram
481 830 538 873 161
585 830 634 874 ad
681 835 914 887 utramque,
946 832 1066 883 sicut,
1102 833 1142 881 6)
1177 835 1215 872 et
1249 829 1304 872 ad
1337 829 1618 872 assistendum
1660 829 1818 887 funeri,

192 915 362 958 nempe:
393 906 515 944 «toto
539 901 673 944 ordini
709 903 1001 958 exsequiarum
1038 913 1144 957 quae
1180 902 1216 942 in
1253 900 1434 956 probatis
1468 901 1671 957 liturgicis
1705 900 1820 944 libris

188 971 498 1025 describuntur,
517 976 557 1014 et
581 974 618 1013 in
644 971 817 1015 ecclesia
844 970 1132 1027 persolvitur»
1154 970 1260 1025 (can.
1284 971 1436 1024 lfflb‘l3
1469 973 1657 1028 sequitur
1679 976 1815 1014 autem

187 1043 416 1085 admonitio
460 1055 591 1100 aequa
637 1055 805 1098 prorsus
837 1055 884 1084 ac
917 1041 1121 1084 servanda
1167 1041 1218 1085 ob
1258 1042 1570 1098 praeceptivum
1619 1041 1816 1086 verbum:

187 1112 334 1155 cleriei
376 1118 511 1156 tamen
552 1112 643 1157 ((61)
678 1115 852 1169 primam
898 1112 1041 1156 saltem
1082 1117 1334 1155 tonsuram»
1373 1119 1491 1164 (61111,
1516 1113 1613 1167 108,
1645 1116 1670 1167 ξ
1706 1113 1745 1163 1)
1779 1118 1818 1156 et

188 1184 272 1240 ipsi
315 1183 514 1226 eeclesiae
567 1185 811 1227 «funeris»
864 1182 1026 1225 addicti
1060 1197 1083 1225 (1
1123 1182 1293 1240 familia
1337 1182 1400 1225 vet
1442 1182 1662 1226 heredibus
1705 1186 1818 1227 iuxta

185 1267 307 1298 casus
339 1253 656 1307 advocantibus,
675 1267 783 1312 prae
806 1253 906 1296 aliis
929 1252 1118 1296 omnibus
1140 1265 1263 1309 supra
1297 1253 1418 1295 dictis
1450 1252 1628 1295 invitari
1659 1251 1819 1305 debent,

185 1329 218 1368 si
253 1339 401 1381 nempe
434 1325 502 1368 alii
536 1325 808 1368 advocantur.

307 1396 552 1440 Absolutum
577 1398 747 1439 vetitum
767 1399 949 1439 continet
965 1396 994 1453 ξ
1010 1399 1052 1439 3.
1073 1395 1296 1453 Nunquam
1320 1395 1605 1438 admittantur
1623 1408 1818 1452 expresse

192 1467 254 1509 161
291 1469 427 1522 tacite,
461 1470 583 1510 etiam
621 1480 694 1523 per
725 1466 934 1510 silentium
968 1467 1135 1524 quaudo
1161 1467 1386 1523 prudenter
1410 1471 1544 1523 posset
1567 1469 1660 1524 quis
1681 1480 1724 1509 se
1747 1480 1816 1523 op-

188 1539 298 1594 poni,
334 1540 446 1580 iuxta
481 1537 580 1594 Reg.
617 1537 670 1580 43
706 1537 810 1580 luris
845 1540 881 1580 iu
919 1538 976 1579 6⁰.
1016 1538 1133 1592 «Qui
1169 1542 1289 1588 tacet,
1323 1539 1556 1580 consentire
1596 1537 1816 1582 videtur».

189 1608 409 1651 societates
443 1608 572 1651 laicae
609 1608 670 1651 161
706 1608 937 1665 religiosae,
962 1621 1228 1665 quocumque
1261 1607 1522 1664 appellentur
1554 1610 1733 1662 nomine,
1757 1607 1820 1650 rel

188 1679 392 1735 insiym'a,
418 1692 524 1736 quae
557 1679 771 1722 hominum
809 1679 993 1723 moribus
1026 1679 1075 1722 ad
1111 1678 1430 1735 significandum
1465 1678 1729 1732 adhibentur,
1754 1692 1815 1721 re-

188 1749 341 1807 liqt'om'
385 1748 618 1793 catholicae
661 1750 844 1808 qualibet
885 1764 932 1793 ex
980 1755 1094 1806 parte
1138 1749 1273 1800 buius,
1307 1749 1376 1792 sed
1418 1747 1653 1807 manifeste,
1688 1751 1739 1792 ita
1774 1754 1816 1792 ut

190 1822 309 1877 plane
343 1826 648 1877 cognoscantur
681 1821 808 1864 veluti
845 1820 1032 1872 hostilia,
1066 1821 1174 1877 quod
1214 1820 1385 1863 vei-bum
1421 1820 1620 1863 directam
1655 1822 1818 1876 opposi-

190 1895 344 1936 tionem
389 1894 608 1949 signiticat.
642 1891 733 1935 Huc
767 1894 973 1948 pertinent
1012 1897 1094 1934 tres
1133 1891 1435 1934 declarationes
1467 1892 1504 1934 S.
1538 1889 1579 1934 C.
1616 1890 1719 1948 lnq.s
1750 1890 1816 1934 hic

191 1965 500 2018 memorandae,
520 1968 659 2020 utpote
680 1968 768 2019 post
786 1962 979 2007 (Iudicem
1000 1975 1164 2019 quoque
1185 1964 1389 2018 practicae
1416 1961 1612 2004 utilitatis.
1636 1959 1816 2005 Omnino

191 2035 443 2092 prohibitum
479 2040 539 2078 est
574 2035 723 2077 feretro
758 2036 970 2090 imponere
1011 2035 1185 2089 insignia
1229 2035 1437 2076 societatis
1475 2037 1545 2075 aut
1586 2037 1722 2075 sectae
1764 2033 1816 2076 ab

159 2106 163 2109 ’
190 2105 374 2149 Ecclesia
409 2105 642 2159 damnatae,
677 2106 742 2147 cui
777 2105 911 2146 forsan
957 2103 1178 2160 aliquando
1211 2102 1429 2145 defunctus
1461 2102 1694 2158 adscriptus
1727 2104 1815 2147 t'uit.

189 2176 357 2221 Constat
389 2189 437 2218 ex
474 2180 621 2218 natura
656 2177 713 2217 rei
747 2180 859 2218 etex
886 2174 1208 2230 iurisprudentia
1232 2173 1348 2216 Sedis
1372 2173 1553 2229 Aplcae.,
1577 2186 1671 2216 cum
1706 2175 1815 2216 enim

188 2250 482 2303 quaereretur:
513 2258 648 2288 ((6616
685 2245 826 2287 liceret
861 2245 1004 2287 funera
1038 2243 1249 2287 celebrare
1282 2243 1463 2286 defuncti
1497 2248 1634 2286 sectae
1668 2256 1818 2286 masso·

191 2319 307 2359 nicae
326 2316 494 2366 addicti,
514 2315 584 2358 sed
605 2317 795 2358 conversi
817 2320 855 2358 et
873 2317 1145 2358 sacramentis
1169 2314 1360 2366 munitii',
1382 2314 1591 2370 respondit
1608 2312 1813 2370 S.—Congr.

190 2391 393 2443 Suprema
415 2388 450 2427 1:
487 2386 805 2439 Affirinativer..
839 2385 986 2429 ablatis
1020 2387 1207 2440 insigniis
1240 2390 1376 2428 sectae
1408 2385 1459 2428 ab
1483 2384 1665 2428 Ecclesia
1698 2385 1815 2428 dam-

188 2462 324 2512 natae,
365 2462 403 2500 et
447 2457 673 2500 dummodo
714 2459 916 2513 appositio
954 2455 1248 2499 emblematum
1294 2456 1540 2499 demandata
1580 2469 1659 2499 11611
1694 2457 1813 2499 fuerit

186 2542 207 2572 a
242 2530 437 2571 defuncto
472 2532 560 2584 post
595 2530 871 2584 receptionem
916 2531 1287 2581 sacramentorum,
1325 2526 1387 2569 161
1422 2525 1473 2570 ab
1506 2526 1649 2569 eodem
1695 2528 1815 2569 fuerit

187 2604 405 2654 revocata3
430 2603 467 2641 et
491 2603 766 2641 amoveantur
783 2600 919 2640 statim
940 2598 1103 2652 cognita
1128 2610 1270 2639 eorum
1298 2599 1567 2653 appositione,
1586 2601 1625 2639 et
1647 2598 1813 2638 omnino

186 2674 278 2713 ante
312 2671 625 2712 associationem
659 2668 933 2728 cadaveris».

304 2739 459 2795 Regula
479 2738 739 2782 observanda
763 2738 814 2781 de
842 2737 1003 2781 vexillis
1020 2740 1253 2780 continetur
1278 2740 1314 2780 in
1341 2738 1416 2780 boc
1441 2749 1636 2792 responso
1654 2737 1692 2780 S.
1716 2736 1812 2779 Poe-

308 2892 316 2912 1
345 2892 365 2923 2
392 2891 483 2925 Dec.
514 2891 616 2924 1840.
