1965 3240
181 129 252 163 416
326 128 412 162 L113.
443 128 513 162 ΠΙ.
540 148 554 153 -
580 128 690 162 PARS
715 128 760 162 V.
789 148 800 153 -
825 128 883 163 De
907 127 1028 171 benef.
1058 131 1094 163 et
1120 130 1246 163 instit.
1277 129 1404 163 eccles.
1432 139 1513 163 non
1537 128 1667 172 colleg).

182 252 302 305 gerat
343 249 622 291 animarum»
671 246 781 303 (can.
814 247 914 300 471,
944 245 972 304 ξ,
1005 247 1058 302 1),
1098 249 1130 290 si
1176 248 1423 290 «vicarium
1468 250 1701 304 praesentat
1742 246 1811 290 Su-

185 320 324 375 perior
356 317 589 374 religiosus,
623 315 859 374 Capitulum
882 317 1018 361 aliave
1051 329 1226 374 persona
1260 316 1472 360 moralis»
1511 316 1579 369 (ib.
1611 316 1639 375 ξ
1672 315 1730 373 2),
1753 321 1810 360 at-

185 401 266 446 que
299 387 341 444 d)
374 401 456 446 quo
495 403 515 428 c<
538 388 590 431 ad
636 389 850 444 paroecias
894 387 1099 444 religiosis
1141 387 1401 431 concreditas
1425 403 1464 443 )),
1507 390 1604 445 quia
1642 402 1661 428 <‹
1685 387 1811 443 Supe-

186 461 313 502 rior...
347 458 607 502 sacerdotem
640 471 739 502 suae
772 458 986 515 religionis
1018 462 1251 514 praesentat
1285 455 1510 502 Ordinario
1543 457 1636 512 loci,
1670 459 1738 514 qui
1762 458 1814 500 ei-

186 529 326 572 dem...
361 531 659 572 institutionem
694 529 885 573 concedit
907 545 927 570 »
967 528 1076 581 (can.
1112 527 1229 585 456).

304 600 511 644 Limitatio
545 602 743 657 temporis
776 600 826 644 ad
852 600 1127 643 exercendam
1164 600 1274 643 illam
1309 604 1551 657 potestatem
1574 599 1750 643 habetur
1773 601 1812 642 in

183 674 211 726 ἓ
241 673 284 715 3.
321 671 366 715 δι’
403 670 662 715 Ordinarius
695 671 746 715 ad
780 683 968 714 normam
1003 683 1094 714 can.
1131 671 1228 726 198,
1260 671 1289 729 ἓ
1322 671 1361 726 1,
1392 671 1596 715 sedidem
1621 670 1815 714 extenda-

186 747 254 786 tur
287 744 374 799 pari
410 744 566 785 ratione
609 742 659 786 ad
697 741 959 786 Cardinalem
995 741 1286 798 presbyterum
1324 741 1389 785 vel
1422 742 1644 785 diaconum
1677 740 1811 798 quoad

189 817 431 870 potestatem
465 815 500 856 ei
535 812 776 856 attributam
810 815 848 855 in
883 811 936 868 §.⁰
971 813 1010 867 1,
1044 812 1159 855 intra
1192 817 1392 856 semestre
1423 812 1529 856 idest
1566 827 1586 852 <(
1609 824 1681 854 sex
1702 823 1812 854 men-

187 897 252 928 ses
284 883 448 927 utiles»
488 886 602 927 iuxta
636 896 726 927 can.
763 884 845 926 155
880 883 976 927 huic
1008 882 1267 940 parallelum,
1302 883 1351 926 ab
1375 882 1519 926 habita
1542 887 1657 925 certa
1680 893 1813 925 mora-

188 954 294 1009 liter,
329 957 403 998 etsi
438 968 517 998 non
552 953 803 1010 authentice,
826 953 1061 997 vacationis
1084 953 1135 997 de
1159 955 1247 997 iure
1271 954 1423 997 notitia
1447 953 1698 1010 beneficium,
1725 953 1814 996 sive

185 1030 376 1069 curatum
412 1027 501 1068 sive
534 1038 614 1067 non
657 1030 861 1080 curatum,
897 1029 989 1080 :ivon
1023 1024 1250 1068 contulerit
1281 1038 1355 1082 per
1387 1025 1618 1081 legitimum
1661 1028 1813 1077 actum,

189 1094 314 1138 huius
333 1095 522 1139 beneficii
552 1097 750 1151 vacantis,
769 1096 903 1139 forsan
928 1097 1025 1153 quia
1048 1108 1128 1139 non
1153 1096 1229 1139 fuit
1246 1100 1458 1152 acceptata
1481 1095 1659 1148 collatio,
1682 1093 1814 1145 derol-

190 1166 301 1209 vilur
343 1169 429 1222 ipso
474 1168 561 1209 iure
607 1165 663 1209 ad
696 1165 839 1210 Sedem
883 1165 1183 1224 Apostolicam,
1226 1169 1279 1210 ita
1319 1171 1473 1210 utnon
1507 1165 1640 1209 solum
1674 1164 1814 1209 illicite

187 1236 239 1280 ab
271 1234 494 1281 Ordinario
538 1237 810 1285 conferretur,
843 1237 911 1280 sed
949 1239 1101 1280 irritari
1146 1242 1297 1293 posset,
1340 1239 1436 1295 quia
1478 1238 1536 1280 sic
1569 1238 1813 1292 interpreta-

190 1308 310 1352 batur
361 1310 422 1351 ius
471 1307 751 1351 devolutionis
785 1310 822 1351 in
867 1307 1167 1365 Dec1·etalibus‚
1216 1313 1340 1366 atque
1386 1307 1503 1351 salvo
1548 1306 1814 1365 praescripto
1885 1348 1895 1356 ,

189 1393 279 1423 ean.
314 1381 421 1430 458,
456 1392 633 1435 nempe:
674 1381 794 1422 «nisi
830 1380 1055 1435 peculiaria
1089 1379 1273 1423 locorum
1307 1391 1354 1422 ac
1380 1391 1649 1436 personarum
1669 1377 1813 1421 adiun-

188 1454 266 1505 cta,
303 1450 496 1506 prudenti
529 1446 742 1494 Ordinarii
778 1450 944 1505 iudicio,
991 1449 1254 1493 collationem
1288 1450 1394 1493 tituli
1429 1448 1676 1506 paroecialis
1706 1448 1818 1492 diffe-

190 1520 363 1563 rendam
396 1521 599 1564 suadeant
622 1537 661 1564 )).

305 1591 365 1634 Ex
400 1593 488 1634 iure
521 1593 692 1649 antiquo
742 1592 917 1635 sufficiat
965 1604 1054 1648 cap.
1090 1592 1113 1634 4
1155 1607 1175 1633 «
1199 1592 1250 1635 de
1289 1591 1518 1648 supplenda
1562 1590 1814 1648 negligentia

189 1661 470 1705 Praelatorum
490 1677 511 1703 J)
547 1662 592 1718 (1,
631 1661 701 1719 10)
737 1661 794 1705 X:
835 1678 855 1703 ((
878 1663 917 1706 Si
945 1665 992 1714 is,
1015 1663 1065 1705 ad
1091 1675 1213 1720 quem
1239 1667 1399 1719 spectat
1422 1661 1611 1706 beneticii
1637 1660 1814 1712 collatio,

190 1732 302 1789 lapso
336 1737 521 1788 tempore
556 1731 800 1775 Lateranen.
834 1731 1006 1776 Concilii
1056 1734 1220 1789 (nempe
1253 1746 1324 1776 sex
1361 1731 1586 1789 mensium)
1619 1732 1815 1779 conferat,

188 1817 267 1846 non
305 1803 414 1846 valet
446 1802 626 1858 collati0‚
660 1804 737 1846 nisi
772 1803 823 1847 de
856 1803 1143 1847 miseri00rdia
1178 1802 1440 1846 toleretur».

307 1874 595 1930 Interpretatio
618 1875 712 1918 data
736 1873 949 1917 clausulae
973 1889 993 1914 «
1015 1876 1121 1917 intra
1140 1879 1397 1928 semestre»,
1422 1878 1634 1931 tamquam
1653 1877 1816 1929 tempus

190 1944 301 1993 utile,
337 1944 608 1988 confirmatur
640 1944 920 1988 declaratione
954 1944 1191 1988 authentica
1225 1943 1538 1988 Commissionis
1563 1942 1815 1997 t'omificiae,

187 2028 296 2072 quae
331 2016 342 2037 ¹
376 2015 426 2058 ad
460 2014 664 2059 Dubium:
705 2015 893 2060 «Utrum
927 2015 977 2059 ad
1010 2027 1199 2058 normam
1243 2027 1332 2058 can.
1379 2014 1508 2067 1432,
1544 2013 1573 2072 ξ
1611 2014 1634 2057 3
1678 2013 1816 2057 devol-

191 2090 312 2129 vatur
349 2086 399 2129 ad
433 2086 471 2129 S.
501 2085 648 2130 Sedem
683 2085 846 2129 collatio
883 2085 1086 2138 beneficii,
1121 2087 1153 2128 si
1187 2083 1437 2130 Ordinarius
1470 2087 1575 2128 intra
1617 2088 1817 2128 semestre

187 2143 241 2200 ab
259 2156 397 2200 habita
416 2161 529 2200 certa
551 2159 777 2200 vacationis
795 2158 937 2199 notitia
956 2156 1206 2200 beneficium
1226 2169 1305 2199 non
1326 2155 1559 2207 contulerit,
1579 2168 1658 2198 non
1678 2168 1726 2198 ex
1747 2168 1816 2198 ne·
1866 2191 1868 2193 ,
1936 2136 1939 2230 Ξ

189 2227 404 2284 gligentia‚
430 2228 500 2271 sed
536 2226 587 2271 ob
611 2227 846 2276 absolutum
867 2227 1076 2270 defectum
1096 2226 1393 2271 subiectorum.
1418 2226 1539 2282 Resp.
1556 2225 1758 2282 Negative
1776 2240 1815 2267 2).

309 2300 382 2341 llic
416 2299 560 2341 tertius
591 2300 666 2352 §.¹³⁵
698 2297 1033 2354 interpretandus
1065 2302 1125 2341 est
1150 2302 1236 2340 tum
1261 2297 1312 2340 de
1347 2296 1477 2340 libera
1512 2296 1732 2355 collatione
1764 2294 1816 2339 ab

190 2370 303 2411 initio
326 2370 563 2424 vacationis,
585 2373 671 2411 tum
691 2370 728 2410 in
755 2367 966 2411 beneficiis
989 2381 1060 2424 per
1082 2368 1327 2411 electionem
1352 2372 1421 2410 aut
1441 2368 1814 2424 praesentationem

191 2438 461 2494 providendis
493 2450 514 2481 a
550 2442 735 2495 tempore
763 2451 843 2496 quo
883 2453 902 2479 <r
927 2437 1055 2481 libera
1080 2440 1261 2494 provisio
1294 2437 1345 2481 ad
1379 2438 1649 2494 Superiorem
1681 2435 1821 2480 derol-

195 2510 305 2551 vitur
329 2524 347 2548 >)
389 2510 426 2550 vi
460 2521 550 2552 can.
587 2508 684 2563 178,
719 2513 788 2551 aut
825 2524 845 2548 «
870 2508 1045 2552 ecclesia
1080 2507 1145 2551 vel
1182 2507 1430 2551 beneficium
1468 2521 1539 2563 pro
1576 2519 1674 2550 casu
1706 2507 1751 2550 fit
1779 2506 1820 2550 li-

195 2577 316 2621 berae
349 2578 578 2622 collationis
602 2594 621 2620 >³
660 2578 710 2622 ad
747 2591 933 2622 normam
967 2592 1056 2622 can.
1094 2578 1220 2633 1465,
1252 2578 1281 2636 ξ
1314 2579 1352 2622 1.
1394 2578 1500 2621 Ante
1524 2577 1602 2621 hoc
1635 2580 1743 2621 enim
1768 2576 1820 2621 al·
1876 2584 1884 2591 ⁶
1934 2636 1938 2653 ³

196 2653 398 2692 terutrum
433 2654 607 2705 tempus,
642 2653 736 2692 sunt
768 2648 847 2692 alia
880 2649 1018 2692 media
1057 2663 1129 2705 per
1166 2661 1345 2692 canones
1385 2660 1581 2692 concessa
1601 2648 1650 2691 ad
1675 2659 1822 2704 urgen-

190 2720 291 2763 dum
327 2717 598 2764 Ordinarium
634 2720 935 2763 confirmationi
972 2719 1036 2762 rel
1071 2721 1315 2763 institutioni
1364 2718 1670 2762 concedendae.
1703 2717 1822 2761 Deni-

312 2873 323 2893 ι
354 2873 401 2905 24
427 2872 526 2906 Nov.
557 2872 659 2907 1920.
689 2871 765 2906 cO.
794 2871 883 2914 XII,
910 2872 990 2907 5:⁷7.
