1965 3240
161 132 230 165 212
539 132 622 166 Lus.
649 132 720 167 111.
747 152 759 157 -
785 132 896 167 PARS
921 132 991 166 111.
1019 151 1030 157 -
1057 132 1114 167 De
1139 134 1246 168 cultu
1273 135 1407 169 divino
1473 167 1475 169 ,

162 265 250 294 rum
287 256 476 294 ornatum
512 251 655 295 divina
699 253 928 295 ministeria
971 265 1049 295 non
1092 257 1374 308 praestentur:
1414 267 1465 297 ne
1497 254 1596 297 dum
1630 257 1783 311 impro-

161 322 308 366 borum
342 327 548 378 contactu,
573 335 808 380 pompaque
831 322 1056 366 saecularis
1080 322 1270 366 luxuriae
1299 323 1551 380 polluuntur,
1575 325 1626 369 ad
1650 325 1785 369 officia

159 395 265 436 sacri
301 395 486 449 mysterii
524 393 743 436 rideantur
776 393 1001 449 indigna».

277 466 302 517 g
331 463 368 506 2.
407 462 531 507 6111111Ἰ
569 479 589 504 ((
612 466 681 521 qui
715 463 838 507 debet
871 477 959 507 esse
992 476 1143 507 aureus
1179 464 1241 507 vel
1277 470 1512 521 argenteus,
1536 470 1606 509 aut
1638 466 1782 509 saltem

160 534 313 578 habere
345 548 521 591 cuppam
558 540 814 591 argenteam,
849 537 957 578 intus
980 540 1018 578 et
1041 535 1163 578 simul
1197 549 1290 579 cum
1316 541 1461 592 patena
1496 537 1637 580 itidem
1674 539 1785 581 inau-

161 611 261 660 rata,
295 606 346 649 ab
380 605 581 662 Episcopo
615 611 919 649 consecratus»
957 608 1063 649 sicut
1086 605 1237 662 legitur
1261 609 1299 649 in
1326 607 1477 651 Missali
1506 608 1642 665 (Ritus
1671 608 1698 662 l,
1727 607 1782 665 1),

159 683 198 719 et
228 682 401 734 patena,
426 690 506 719 non
532 676 733 718 amittant
757 676 1110 719 consecrationem
1134 676 1174 733 a)
1200 675 1246 719 ob
1280 679 1631 736 consumptionem
1657 678 1699 735 b)
1723 678 1784 721 rel

157 747 469 791 renovationem
504 752 754 800 anratarae,
778 747 976 803 derogato
1001 746 1117 791 Dec.⁰
1142 747 1179 790 S.
1205 747 1250 792 R.
1275 746 1317 792 C.
1344 751 1380 791 in
1405 748 1597 793 Leodien.
1624 750 1652 803 ¹,
1676 762 1782 807 quae

158 821 411 874 interrogata
450 833 470 858 ((
492 816 600 860 Num
633 817 739 860 calix
781 822 819 860 et
865 822 1010 873 patena
1054 831 1170 861 suam
1205 820 1395 861 amittent
1427 822 1780 863 consecrationem

159 902 232 945 per
264 901 415 931 novam
449 889 761 931 deaurationem
797 892 837 931 et
869 890 927 931 sic
961 888 1174 944 indigeant
1206 902 1313 932 nova
1351 891 1694 934 consecratione?
1727 916 1783 921 ——

157 961 390 1013 rescripsit:
426 959 709 1007 Affirmative3
744 960 935 1002 amittere
970 961 1180 1014 nimirum,
1215 965 1254 1002 et
1287 961 1476 1016 indigere
1509 974 1616 1004 nova
1640 974 1780 1004 conse—

157 1032 354 1085 cratione,
383 1032 497 1073 iuxta
531 1031 715 1086 exposita
740 1045 778 1073 ».
814 1028 1034 1085 Subiungit
1058 1042 1210 1073 canon:
1245 1030 1363 1073 salva
1394 1036 1544 1078 tamen,
1569 1032 1716 1090 priore
1738 1032 1779 1074 in

157 1115 256 1143 casa
289 1114 460 1157 nempe:
501 1115 521 1141 ((
544 1102 871 1156 consumptionis
896 1116 915 1141 ›>
953 1105 1189 1155 auraturae,
1210 1101 1334 1157 yravi
1365 1100 1633 1159 obligatione,
1658 1115 1780 1159 quam

155 1173 348 1228 supponit
381 1184 511 1214 canon
548 1173 584 1213 in
621 1170 771 1214 lllissali
805 1184 1061 1227 expressam,
1092 1185 1261 1214 1111311111
1296 1186 1344 1214 ea
1378 1172 1613 1215 inaurandi
1649 1173 1700 1217 ad
1736 1172 1782 1215 li-

156 1244 281 1286 citum
317 1247 398 1285 tam
435 1241 575 1285 calicis
608 1254 732 1299 quam
770 1246 941 1298 patenae
980 1255 1112 1285 usum.

278 1313 372 1356 177.
409 1314 481 1359 De
515 1315 668 1359 calice
702 1327 808 1358 cum
842 1317 1025 1370 patena
1057 1317 1106 1359 et
1140 1315 1506 1370 purificatoriis,
1539 1316 1684 1371 pallis
1722 1329 1781 1360 ac

157 1386 499 1441 corporalibus
533 1388 646 1441 post
679 1398 833 1429 usum.
865 1384 1003 1427 Sixtns
1037 1384 1145 1440 Papa
1177 1386 1355 1440 scripsit,
1389 1390 1432 1428 ut
1466 1385 1616 1441 legitur
1640 1387 1678 1428 in
1701 1384 1780 1428 De-

155 1460 267 1499 creto
293 1454 330 1498 2:
370 1470 389 1495 ι(
415 1454 457 1497 111
491 1459 633 1498 sancta
658 1454 734 1497 1130
758 1454 995 1510 Apostolica
1018 1455 1122 1498 Sede
1146 1459 1343 1498 statutum
1370 1460 1445 1509 est,
1470 1460 1513 1498 ut
1535 1468 1651 1499 sacra
1683 1468 1778 1499 vasa

156 1539 234 1569 non
269 1524 320 1569 ab
353 1525 456 1581 aliis,
491 1538 616 1583 quam
651 1538 672 1568 a
705 1527 891 1581 sacratis,
916 1524 1174 1583 Dominoque
1198 1525 1344 1569 dicatis
1376 1530 1685 1569 contrectentur
1708 1525 1778 1568 110-

156 1596 348 1641 minibus.
384 1596 603 1652 Indignum
638 1598 747 1639 enim
785 1596 904 1639 valde
937 1600 1011 1650 est,
1056 1601 1096 1639 ut
1140 1608 1257 1639 sacra
1300 1595 1464 1638 Domini
1510 1609 1619 1651 vasa,
1654 1609 1780 1654 quae-

154 1680 334 1724 cumque
367 1669 460 1717 sint,
495 1666 687 1710 humanis
720 1666 863 1710 usibus
886 1669 1085 1721 serviant,
1109 1672 1176 1710 aut
1201 1667 1252 1711 ab
1280 1667 1383 1722 aliis,
1409 1679 1532 1724 quam
1559 1679 1579 1710 a
1604 1666 1779 1710 Domino

155 1737 462 1787 famulantibus,
497 1740 618 1795 eique
652 1737 799 1780 dicatis
833 1742 1061 1780 tractentur
1107 1740 1227 1782 xii-is:
1271 1751 1322 1780 ne
1363 1751 1434 1794 pro
1475 1736 1627 1780 talibus
1661 1750 1778 1793 prae-

153 1807 458 1865 sumptionibus
493 1810 620 1851 iratus
654 1807 854 1851 Dominus
889 1808 1031 1864 plagas
1066 1811 1246 1865 imponat
1282 1808 1435 1864 populo
1458 1821 1574 1851 suo...
1598 1824 1637 1852 )).
1661 1807 1778 1851 Nunc

154 1884 291 1922 autem
325 1882 383 1922 sic
418 1880 677 1922 moderatum
723 1880 857 1922 fuerat
901 1892 972 1935 per
1004 1878 1100 1922 Dec.
1135 1879 1173 1922 S.
1208 1879 1254 1923 R.
1289 1878 1330 1923 C.
1356 1878 1393 1919 ³:
1435 1895 1454 1919 «
1481 1879 1506 1921 l.
1542 1879 1603 1921 An
1637 1878 1778 1922 clerici

156 1953 287 2007 prima
320 1955 478 1993 tantum
514 1954 680 1993 tonsura
716 1952 878 2004 initiati,
912 1950 962 1993 ad
998 1954 1179 1993 mentem
1219 1949 1382 1993 Decreti
1416 1963 1454 1992 n.
1490 1950 1599 1993 4181
1629 1949 1658 2003 ⁴,
1692 1954 1777 1992 tan-

154 2035 252 2076 gere
286 2023 438 2077 possint
476 2033 569 2063 1333
604 2033 721 2063 sacra
755 2025 792 2063 et
827 2020 950 2063 lintea
984 2033 1115 2074 saera,
1150 2033 1197 2064 30
1239 2020 1411 2064 calicem
1458 2032 1706 2076 praeparare
1740 2022 1777 2062 in

155 2094 356 2146 sacristia,
389 2091 545 2149 absque
578 2091 746 2148 speciali
773 2091 961 2134 indulto?
995 2091 1032 2134 S.
1059 2105 1180 2148 porro
1204 2091 1250 2135 R.
1274 2090 1315 2135 C.
1342 2090 1657 2134 rescribendum
1682 2104 1776 2134 cen-

155 2165 247 2206 suit.
274 2162 350 2206 Ad.
375 2162 388 2205 1
414 2162 675 2205 Affirmative
699 2178 737 2205 ³).
763 2162 999 2206 Secundum
1023 2162 1127 2206 hanc
1152 2162 1413 2218 disciplinam
1444 2162 1778 2218 interpretandus

155 2238 214 2276 est
248 2247 338 2276 can.
374 2234 504 2276 1306.
539 2233 566 2290 ξ
601 2233 638 2275 1.
677 2232 920 2276 Curandum
953 2232 1004 2276 ab
1039 2232 1118 2276 illis
1151 2233 1199 2276 ad
1235 2246 1338 2290 quos
1371 2237 1540 2289 spectet,
1568 2246 1603 2275 v.
1629 2246 1689 2288 gr.
1716 2245 1776 2275 re-

154 2303 337 2347 ctoribus
371 2303 657 2358 ecclesiarum,
690 2303 988 2360 superioribus,
1024 2308 1100 2346 etc.
1130 2317 1180 2345 ne
1203 2303 1317 2346 calis
1350 2317 1440 2345 cain
1470 2308 1626 2361 patena
1649 2303 1775 2347 semel

153 2388 200 2418 ac
232 2377 311 2417 sint
349 2388 443 2418 vasa
479 2380 732 2431 consecrata,
757 2373 796 2430 a)
830 2379 869 2416 et
892 2379 990 2416 ante
1013 2373 1207 2417 lotionem
1246 2373 1285 2427 b)
1316 2373 1612 2431 purificatoria
1636 2373 1777 2417 calicis

154 2445 436 2501 abstergendi,
477 2444 634 2502 pallae,
681 2444 831 2501 quibus
874 2444 978 2488 calix
1022 2447 1272 2501 cooperitur,
1316 2449 1354 2486 et
1398 2443 1640 2501 corporalia
1683 2444 1776 2487 «ad

154 2516 483 2559 consecrandum
517 2529 641 2572 super
665 2515 763 2558 illud
788 2528 938 2571 corpus
961 2520 998 2558 et
1022 2517 1265 2571 sanguinem
1300 2514 1372 2558 Dei
1397 2519 1433 2557 et
1464 2514 1626 2557 Domini
1650 2517 1776 2557 nostri

156 2587 243 2630 lesu
276 2586 426 2630 Cliristi
455 2603 472 2627 ))
503 2588 531 2640 ·’”,
556 2586 595 2643 0)
620 2600 726 2644 qnae
749 2585 939 2629 adhibila
962 2585 1083 2643 [aere
1107 2586 1146 2628 in
1171 2585 1380 2641 sacrificio
1404 2583 1573 2637 Missae,
1599 2590 1773 2641 101191111-

153 2663 222 2699 lar
254 2660 432 2714 proprie,
468 2657 544 2700 boc
578 2662 635 2700 est
672 2657 779 2700 nuda
816 2669 952 2709 manu,
976 2657 1016 2712 a)
1056 2656 1140 2698 nisi
1173 2670 1196 2698 a
1230 2655 1395 2698 clericis
1429 2655 1491 2698 rel
1523 2655 1574 2698 ob
1614 2657 1772 2711 praxim

153 2731 426 2771 necessariam
464 2727 505 2784 b)
541 2727 589 2770 ab
625 2727 678 2769 iis
723 2727 794 2785 qni
836 2740 977 2770 eornm
1017 2726 1247 2769 melodiam
1295 2725 1458 2781 liabent,
1493 2739 1530 2767 v.
1566 2739 1627 2781 gr.
1662 2725 1776 2769 laicis

270 2835 280 2856 ¹
310 2835 353 2867 14
380 2834 466 2867 Iun.
498 2833 600 2874 1845,
627 2845 664 2867 n.
695 2833 799 2867 2889.
830 2853 873 2857 —
898 2833 911 2854 2
939 2833 1031 2877 Cap.
1059 2834 1098 2865 41
1133 2832 1223 2866 dist.
1254 2833 1272 2866 I
1299 2832 1343 2865 de
1371 2843 1475 2865 cons.
1506 2851 1549 2855 —
1575 2831 1589 2853 ³
1613 2831 1660 2865 23
1678 2832 1774 2867 Nov.

154 2881 256 2920 1906,
286 2892 324 2914 n.
353 2882 458 2915 4194.
490 2901 530 2905 -
558 2883 570 2902 ⁴
600 2883 641 2913 14
668 2880 801 2913 Martii
830 2880 932 2914 1906.
964 2900 1005 2904 —
1032 2881 1045 2901 5
1072 2880 1152 2914 Rit.
1182 2880 1292 2913 Rom.
1326 2880 1391 2913 tit.
1421 2878 1527 2915 VIII.
1556 2889 1637 2922 cap.
1666 2880 1723 2913 22.
