1965 3240
526 189 608 223 TtT.
637 189 724 223 XX.
753 209 764 214 -
793 189 849 223 Dc
877 190 976 222 verbi
1002 190 1128 223 divim,
1153 192 1442 234 praedic-arione
1726 192 1796 224 2⁴53

172 308 348 352 batissae
380 311 473 351 sint.
498 307 548 351 Hi
574 313 709 352 tamen
745 321 824 351 non
857 312 952 351 sunt
986 307 1179 363 prohibiti
1206 309 1427 352 familiares
1462 309 1612 352 babere
1648 312 1794 352 instru-

169 380 328 422 ctiones
365 378 426 421 vel
462 378 771 422 exhortationes
804 378 852 421 ad
888 377 1074 421 subditos
1107 383 1222 421 extra
1259 379 1391 421 locum
1429 383 1590 435 proprio
1618 394 1796 429 sacrum,

172 462 265 493 nam
304 464 324 490 <t
348 452 526 492 oratoria
563 449 728 506 publica
763 449 909 493 eodem
947 451 1035 492 iure
1070 462 1150 506 quo
1185 450 1384 492 ecclesiae
1419 456 1657 505 finguntur»
1687 454 1795 496 (ran.

176 521 301 574 1191,
333 520 361 577 ξ
399 520 451 577 l),
486 523 679 577 quamvis
714 520 811 564 illud
848 521 1000 564 saciant
1035 523 1072 562 in
1107 523 1287 563 oratorio
1337 535 1477 564 eorum
1527 521 1798 578 somipublico

169 591 316 635 saltem
353 605 431 634 non
468 591 685 635 benedicto
719 591 988 635 ecclesiarum
1026 604 1152 634 more.

295 662 393 705 2⁶23.
429 664 678 708 Ordinarii
711 664 804 708 loci
838 664 913 708 ius
945 663 1110 718 quoad
1160 664 1421 707 conciones
1470 677 1656 708 sacras.
1694 663 1797 714 Quia

180 746 375 776 «munus
409 733 674 789 praedicandi
710 735 978 776 commissum
1014 737 1074 775 cst
1108 735 1329 788 praecipue
1363 732 1576 788 Episcopis
1611 747 1681 784 pro
1718 735 1801 774 suis

173 802 480 847 dioecesibus»
520 802 628 858 (can.
666 803 775 846 1327
809 804 838 861 ᾗ
872 802 929 859 1),
975 805 1108 859 prouti
1153 802 1408 846 declaratum
1453 808 1510 845 ost
1549 816 1687 858 supra,
1722 805 1801 844 imo

180 873 461 917 «facultatem
506 874 780 917 concionandi
824 873 1028 930 religiosis
1071 886 1236 930 quoque
1277 875 1480 929 exemptis
1514 875 1692 928 impertit
1726 870 1801 914 (lr-

174 945 362 988 dinarius
397 944 473 988 loci
508 947 546 987 in
581 958 662 1002 quo
696 947 842 988 concio
889 945 957 987 liet
981 960 1002 985 ))
1055 944 1104 987 ad
1154 946 1242 987 eius
1290 943 1488 998 subditos,
1539 947 1803 1000 consequitur

176 1017 265 1059 iure
299 1015 409 1073 quod
444 1018 641 1072 exprimit
674 1029 765 1058 can.
801 1018 932 1070 1343,
968 1017 1050 1069 51.
1090 1013 1315 1057 Ordinarit'
1347 1014 1547 1067 locorum,
1579 1014 1728 1069 singuli
1753 1014 1800 1055 ad

177 1099 364 1129 normam
401 1099 491 1130 can.
529 1086 625 1129 198.
658 1086 686 1143 ξ
719 1086 758 1140 ⁶2,
792 1086 857 1128 ius
892 1085 1041 1128 habent
1076 1088 1240 1142 proprie
1274 1086 1429 1129 dictum
1465 1084 1739 1127 concionandi
1764 1084 1802 1126 in

172 1156 360 1215 qualibet
393 1157 460 1199 sui
495 1156 706 1200 territorii
737 1156 911 1200 eeclesia
946 1161 985 1200 et
1017 1159 1196 1199 oratorio
1232 1156 1396 1213 publico
1419 1156 1468 1199 ad
1506 1169 1689 1198 normam
1716 1168 1804 1198 can.

177 1228 285 1271 1191
338 1227 366 1285 ἓ
402 1229 437 1283 l,
472 1228 661 1285 quamvis
694 1232 898 1286 eoeempta.
933 1228 1000 1272 Sic
1033 1230 1143 1270 enim
1177 1233 1237 1270 est
1271 1229 1535 1270 enunciatum
1576 1229 1739 1269 axioma
1766 1228 1802 1267 in

177 1312 261 1355 reg.
313 1300 336 1341 9
389 1300 490 1342 iuris
523 1301 562 1341 in
598 1298 664 1342 6⁰:
705 1298 878 1342 «Nemo
913 1302 1044 1355 potest
1077 1297 1168 1354 plus
1201 1299 1301 1341 iuris
1336 1298 1557 1340 transferre
1593 1299 1629 1339 in
1665 1296 1806 1349 alium,

172 1382 300 1427 quam
335 1369 412 1413 sibi
447 1375 685 1426 competere
719 1370 1048 1425 dignoscatur».

300 1439 340 1482 ln
375 1439 643 1484 Clementinis
677 1440 689 1462 ¹
724 1442 924 1496 scriptum
967 1444 1046 1484 est:
1087 1439 1385 1494 «ordinamus,
1427 1443 1469 1481 ut
1502 1438 1708 1481 dictorum
1743 1451 1803 1479 or-

173 1511 322 1554 dinum
358 1512 507 1554 fratres
541 1514 578 1554 in
613 1510 800 1555 ecclesiis
832 1515 872 1554 et
906 1510 1005 1554 locis
1053 1524 1211 1564 eorum,
1259 1523 1306 1553 ac
1355 1512 1393 1552 in
1445 1509 1589 1565 plateis
1621 1520 1807 1551 cominu-

178 1581 301 1625 nibus
334 1581 464 1625 libere
499 1581 662 1625 valeant
695 1582 806 1626 clero
843 1586 881 1625 et
916 1581 1067 1638 populo
1102 1581 1357 1638 praedicare,
1391 1593 1438 1623 ac
1474 1593 1701 1636 proponere
1723 1591 1807 1621 ver-

182 1651 280 1695 bum
316 1652 403 1705 Dei,
440 1652 538 1695 liora
574 1652 640 1696 illa
690 1652 908 1696 dumtaxat
955 1657 1146 1709 excepta,
1189 1654 1227 1694 in
1276 1665 1355 1709 qua
1406 1651 1587 1693 locorum
1639 1648 1806 1706 praelati

175 1723 419 1780 praedicare
457 1724 677 1778 voluerint,
714 1723 776 1767 vel
811 1736 950 1767 coram
985 1736 1028 1766 se
1062 1724 1200 1766 facere
1238 1722 1478 1766 solemnitor
1502 1721 1745 1777 praedicari.
1770 1722 1806 1761 in

169 1807 254 1852 qua
310 1794 552 1850 praedicare
601 1794 846 1838 cessabunt:
898 1799 1189 1852 praeterquam
1223 1796 1256 1837 si
1290 1793 1400 1836 aliud
1446 1793 1496 1835 do
1531 1791 1806 1849 praelatorum

176 1868 361 1922 ipsorum
401 1865 614 1909 voluntate
649 1868 896 1922 processerit
919 1878 966 1909 ac
991 1865 1155 1909 licentia
1179 1864 1346 1922 speciali
1370 1880 1410 1907 ».
1444 1862 1549 1906 Huic
1569 1861 1810 1918 disciplinae

172 1937 402 1980 conformis
444 1942 505 1980 est
548 1937 619 1980 sed
664 1937 900 1994 generalior
932 1940 957 1988 ἓ
988 1939 1031 1980 2.
1065 1936 1162 1982 Nisi
1195 1941 1351 1993 1190!th
1388 1934 1438 1977 (le
1471 1933 1635 1991 moysitis
1668 1932 1811 1974 verita-

176 2006 304 2059 tibus,
336 2012 434 2051 tunc
468 2010 578 2051 enim
612 2012 776 2052 cessant
809 2010 988 2051 rationes
1011 2020 1117 2065 quae
1140 2008 1276 2050 afferri
1313 2010 1481 2063 possunt
1505 2007 1542 2047 in
1569 2005 1808 2061 praescripti

179 2078 508 2135 fundamentum,
542 2083 679 2137 potest
725 2092 886 2136 quoque
927 2077 1162 2136 Episcopus
1205 2077 1311 2121 ultra
1346 2079 1408 2120 ius
1443 2081 1594 2132 prac(·.³
1627 2074 1678 2127 §fl
1715 2076 1807 2117 item

184 2165 204 2190 <(
229 2148 370 2193 Abbas
406 2148 467 2193 vel
505 2149 717 2193 Praelatus
764 2149 961 2193 nullius»
1016 2150 1124 2207 (can.
1175 2149 1258 2192 ⁶215
1298 2151 1323 2201 ξ
1365 2148 1422 2200 2),
1471 2162 1489 2187 «
1519 2145 1705 2189 vicarius
1748 2144 1808 2187 ve!

183 2220 417 2264 Praefectus
466 2220 771 2277 Apostolicus»
826 2220 934 2278 (can.
980 2221 1062 2263 294
1105 2220 1134 2278 ἓ
1169 2219 1224 2277 1),
1271 2217 1493 2276 prohibere
1543 2231 1591 2259 ne
1636 2216 1675 2258 1'11
1711 2214 1810 2257 aliis

175 2289 365 2334 eiusdem
398 2290 491 2347 loci,
526 2305 698 2348 nempe:
732 2293 926 2344 civitatis,
963 2293 1072 2348 pagi,
1105 2290 1290 2334 eeclesiis
1323 2302 1370 2332 ac
1406 2287 1581 2344 publicis
1623 2287 1811 2329 oratoriis

174 2361 229 2406 ob
261 2375 353 2407 can.
389 2362 497 2405 1191
533 2362 561 2421 ξ
599 2363 611 2405 l
654 2361 775 2405 verba
800 2362 903 2419 fiant
926 2362 982 2406 ad
1004 2361 1146 2419 fideles
1169 2375 1241 2418 per
1264 2362 1521 2407 concionem,
1541 2357 1810 2401 catechesim.

174 2437 257 2477 etc.
293 2446 372 2490 quo
407 2438 592 2491 tempore
625 2432 742 2477 brevi
776 2437 846 2476 aut
879 2433 1053 2490 longiori
1076 2431 1387 2475 oeleoncionem
1424 2429 1472 2472 ad
1501 2427 1697 2485 populum
1726 2427 1812 2483 ipse

183 2501 317 2552 habel,
351 2502 393 2560 a)
428 2502 489 2546 vel
522 2517 663 2547 coram
696 2518 740 2546 se
773 2503 816 2561 b)
849 2518 901 2547 eoe
933 2517 1061 2546 eausa
1096 2501 1266 2561 publica
1305 2506 1429 2558 alque
1462 2496 1810 2541 estraordinaria

184 2587 223 2618 ν.
272 2587 335 2630 gr.
386 2573 497 2628 belli,
542 2573 813 2631 pestilentiae,
857 2576 1085 2618 centenarii
1129 2573 1317 2627 alicuius,
1360 2570 1399 2627 c)
1444 2567 1678 2612 convocatis
1720 2565 1813 2622 fide-

178 2643 292 2687 libus
328 2658 367 2688 v.
401 2659 461 2701 gr.
498 2658 570 2701 per
602 2645 838 2689 affixionem
882 2645 932 2689 ad
980 2645 1122 2688 valvas
1167 2643 1452 2688 ecclesiarum,
1496 2653 1566 2695 per
1600 2639 1813 2681 conciona-

182 2718 292 2758 tores
340 2719 526 2771 tempore
574 2713 943 2772 Quadragesimae‚
994 2713 1223 2758 habendam
1275 2717 1393 2755 curo!
1443 2710 1587 2753 saltem
1632 2707 1683 2751 ob
1726 2709 1813 2749 eius

177 2798 443 2831 consensum.

300 2939 311 2960 1
342 2938 436 2984 Cap.
461 2940 482 2972 2
511 2938 557 2974 de
584 2939 804 2984 sepulturis
830 2939 894 2979 tit,
922 2939 942 2973 ’ἲ
971 2938 1055 2972 Lib.
1089 2937 1160 2971 ΙΙΙ.
