1965 3240
177 129 246 163 126
413 130 495 164 Lus.
522 130 592 165 III.
620 150 631 155 -
659 130 769 166 PARS
796 131 847 165 II.
876 152 888 157 -
914 132 972 168 De
997 134 1091 168 locis
1116 136 1151 168 et
1177 135 1415 178 temporibus
1440 138 1567 171 scieris

182 262 327 292 verum
352 251 441 293 sive
476 250 678 305 medium,
709 255 780 295 aut
813 251 945 308 legale
976 253 1066 296 sive
1108 253 1319 310 regionale
1349 256 1441 298 sive
1471 254 1584 299 aliud
1618 261 1806 300 extraor-

179 320 385 363 dinarium
421 336 460 365 ».

299 392 669 436 Animadvertatur
700 394 808 451 quod
839 395 972 438 «dies
1004 400 1164 438 constat
1197 396 1248 438 24
1285 395 1397 439 horis
1432 398 1627 440 continuo
1650 410 1804 454 suppu-

180 462 313 505 tandis
346 475 366 505 a
404 463 538 506 media
572 468 692 507 nocte
715 480 753 516 >),
789 478 888 521 ergo
922 465 1030 508 idem
1066 471 1228 522 tenipus
1260 466 1439 522 eligatur
1479 480 1550 522 pro
1596 469 1713 510 initio
1757 479 1806 511 ac

179 535 355 576 termino
395 533 519 576 «diei
553 533 826 578 abstinentiae
859 548 906 578 ac
941 537 1145 578 ieiunii».

741 742 744 754 ,
802 713 1035 751 TITULUS
1066 714 1176 753 XIII.

763 806 829 850 De
863 807 1028 850 diebus
1059 808 1204 851 festis.

227 936 311 973 Cis.
346 935 445 971 1247.
466 939 518 978 -ἓ
540 937 566 969 l.
587 935 663 978 Dies
680 936 754 971 festi
781 935 844 970 sub
865 946 957 981 prae-

179 990 276 1031 cepto
296 984 328 1018 in
352 984 514 1019 universa
531 982 682 1018 Ecclesia
700 987 782 1017 sunt
799 987 957 1018 tantum:

179 1043 300 1068 omnes
327 1037 359 1067 et
386 1030 515 1076 singuli
542 1031 615 1066 dies
650 1030 830 1070 dominici,
874 1030 956 1065 festa

180 1079 388 1115 Nativitatis.
407 1077 704 1118 circumcisionis,
726 1077 955 1124 Epiphaniae,

179 1126 404 1162 Ascensionis
418 1131 451 1161 et
462 1125 673 1160 sanctissimi
691 1124 852 1170 Corporis
863 1123 961 1160 Chri-

179 1175 236 1215 sti,
262 1174 362 1208 lmm.
385 1172 551 1218 Concept.
577 1177 609 1208 et
628 1176 805 1218 Assumpt.
837 1172 958 1207 Almae

180 1220 368 1257 Genitricis
387 1220 443 1255 Dei
460 1220 602 1263 Mariae,
619 1219 729 1255 sancti
747 1219 865 1265 loseph
885 1219 959 1254 eius

178 1268 309 1315 sponsi,
337 1267 518 1302 Beatornm
540 1266 626 1302 Petri
647 1271 679 1302 et
699 1266 793 1301 Pauli
815 1268 958 1312 Aposto-

180 1317 303 1356 lorum,
335 1314 505 1350 Omnium
533 1314 684 1359 denique
710 1312 931 1349 Sanctorum.

227 1368 246 1406 ξ
274 1363 306 1397 2.
329 1362 568 1397 Ecclesiastico
587 1366 768 1408 praecepto
787 1361 860 1396 dies
881 1361 955 1395 testi

180 1410 409 1446 Patronorum
451 1420 520 1444 non
561 1408 763 1451 subiacent;
805 1408 956 1444 locorum

179 1463 294 1493 autem
323 1455 499 1492 Ordinarii
525 1461 669 1502 possunt
687 1456 957 1491 sollemnitatem

179 1505 380 1541 exteriorem
425 1504 613 1539 transferre
655 1504 697 1538 ad
743 1503 957 1538 dominicam

181 1552 335 1598 proxime
365 1556 579 1596 sequentem.

226 1603 244 1644 ξ
264 1599 298 1633 3
327 1597 445 1634 Sicubi
462 1597 602 1644 aliquod
619 1598 744 1632 festum
761 1608 799 1632 ex
815 1607 956 1632 enume-

180 1646 442 1690 ratislegitime
468 1646 512 1680 sit
537 1645 705 1680 abolitum
736 1645 788 1679 vel
814 1644 961 1680 transla-

179 1699 266 1735 tum,
278 1693 365 1728 nihil
378 1692 671 1727 inconsultaSede
683 1693 745 1737 Ap.
762 1692 957 1726 innovetur.

1077 935 1162 971 CAN.
1196 935 1296 971 1248.
1314 958 1337 963 -
1353 938 1517 974 Festisde
1532 943 1712 984 praecepto
1737 938 1807 973 die—

1032 983 1096 1018 bus
1122 983 1226 1019 Missa
1252 984 1427 1020 audienda
1453 990 1522 1027 est;
1560 989 1593 1021 et
1625 986 1806 1021 abstinen-

1031 1030 1114 1065 dum
1141 1031 1185 1065 ab
1211 1032 1374 1077 operibus
1393 1032 1585 1074 servilibus,
1604 1033 1739 1068 actibus
1759 1033 1806 1068 fo-

1032 1077 1206 1119 rensibus,
1251 1079 1413 1124 itemque,
1457 1079 1524 1114 nisi
1563 1079 1658 1115 aliud
1694 1080 1808 1115 ferant

1032 1124 1208 1169 legitimae
1235 1127 1504 1162 consuetudines
1529 1132 1589 1162 aut
1620 1127 1808 1173 peculiaria

1032 1172 1182 1217 indulta,
1228 1173 1364 1219 publico
1406 1179 1573 1217 mercatu,
1626 1174 1808 1217 nundinis,

1031 1220 1179 1265 aliisque
1206 1220 1354 1266 publicis
1379 1221 1615 1267 emptionibus
1641 1227 1674 1257 et
1693 1221 1808 1257 vendi-

1032 1267 1197 1302 tionibus

1074 1314 1163 1350 CAN.
1194 1314 1293 1349 1249.
1316 1335 1332 1339 -
1356 1314 1432 1360 Legi
1459 1315 1501 1350 de
1515 1315 1688 1351 audiendo
1703 1315 1806 1351 Sacro

1032 1362 1199 1396 satisfacit
1225 1362 1282 1407 qui
1311 1361 1436 1398 Missae
1461 1363 1557 1398 adest
1588 1373 1808 1408 quocumque

1032 1409 1200 1444 catholico
1225 1411 1294 1444 ritu
1321 1409 1513 1445 celebretur
1539 1409 1602 1444 sub
1621 1410 1677 1445 dio
1690 1414 1751 1445 aut
1769 1410 1812 1448 in,

1032 1467 1252 1502 quacumque
1272 1456 1417 1492 ecclesia
1435 1458 1484 1492 vel
1504 1457 1651 1492 oratorio
1670 1456 1809 1503 publico

1031 1508 1091 1538 aut
1116 1504 1357 1550 semipublico
1382 1509 1415 1539 et
1442 1505 1476 1538 in
1506 1505 1649 1550 privatis
1675 1515 1807 1540 coeme-

1031 1551 1197 1586 teriorum
1225 1551 1391 1586 aediculis
1417 1551 1460 1587 de
1497 1551 1624 1597 quibus
1659 1551 1694 1586 in
1725 1562 1805 1587 can.

1034 1597 1136 1641 1190,
1165 1609 1236 1633 non
1264 1609 1342 1633 vero
1369 1600 1405 1633 in
1439 1598 1517 1633 aliis
1553 1598 1712 1634 oratoriis
1739 1599 1806 1644 pri-

1031 1645 1132 1680 vatis.
1160 1646 1227 1679 nisi
1256 1646 1318 1680 hoc
1347 1645 1596 1691 privilegiuma
1613 1645 1700 1681 Sede
1718 1648 1808 1692 Apo-

1031 1692 1150 1727 stolica
1177 1703 1379 1727 concessum
1412 1693 1523 1728 suerit.

300 1812 396 1854 108„
431 1813 687 1869 Inscriptio
719 1813 868 1856 Tituli
901 1813 1142 1868 huiusque
1191 1825 1421 1857 canones.
1459 1812 1653 1868 Sequitur
1692 1809 1803 1853 Itiu-

180 1882 245 1926 lus
286 1881 398 1926 XIII.
449 1881 508 1925 De
554 1881 697 1925 diebus
734 1881 856 1939 sestis
900 1882 1212 1925 considerandis
1260 1895 1337 1924 non
1375 1882 1576 1938 liturgice,
1613 1886 1733 1938 prout
1781 1893 1803 1925 a

178 1953 325 1997 diebus
358 1953 571 1996 ferialibus
604 1953 740 2010 quoad
775 1953 954 1996 officium
991 1952 1315 2008 distingmmmr,
1350 1952 1420 1995 sed
1455 1957 1660 2010 quatenus
1688 1964 1803 2008 prae-

180 2029 345 2081 ceptum
369 2023 580 2067 Ecclesiae
603 2026 814 2067 continent
837 2027 922 2066 tum
948 2025 1169 2079 positivum
1194 2027 1279 2066 tum
1304 2025 1545 2079 negativum
1576 2025 1804 2079 respiciens

180 2095 251 2138 Dei
286 2095 457 2138 cultum.
492 2094 588 2138 Dies
620 2096 743 2138 festos
777 2099 960 2137 recenset
996 2096 1181 2150 vigentes
1213 2106 1302 2138 can.
1340 2094 1465 2141 1247,
1500 2094 1597 2151 quid
1632 2106 1806 2136 servan-

179 2166 276 2209 duiu
314 2169 350 2208 in
386 2168 458 2221 eis,
496 2166 555 2209 vel
590 2178 611 2208 a
645 2165 796 2223 quibus
828 2168 879 2208 sit
913 2165 1219 2217 abstinendum,
1255 2165 1378 2208 edicit
1413 2177 1500 2208 can.
1539 2165 1666 2215 1248,
1689 2169 1728 2207 et
1751 2163 1803 2206 de

181 2237 269 2280 loco
303 2236 370 2280 ubi
406 2237 551 2280 satistit
586 2238 688 2293 parti
724 2238 931 2292 praecepti
967 2237 1169 2290 positivae
1202 2235 1277 2278 suli
1311 2248 1399 2278 cau.
1428 2235 1537 2278 1249
1577 2236 1804 2278 invenitur.

303 2306 396 2349 109.
434 2308 630 2352 Diei-um
664 2308 902 2352 festorum
941 2308 1184 2352 elenchus.
1221 2305 1312 2348 Post
1337 2305 1547 2349 Urbanum
1577 2303 1661 2347 Vlll
1686 2316 1802 2360 prae-

179 2378 320 2419 sertin]
355 2389 375 2418 a
412 2382 597 2433 ternpore
633 2377 688 2419 Pii
727 2375 772 2418 Vl
807 2377 910 2419 facta
947 2377 1020 2418 suit
1066 2375 1251 2418 reductio
1285 2376 1447 2418 dierum
1488 2377 1700 2427 festorum,
1732 2375 1803 2430 qui

180 2447 286 2502 apud
312 2453 469 2491 const¹³²
496 2447 604 2490 illins
632 2447 912 2491 «Universa»
951 2449 1068 2489 cit.am
1093 2451 1371 2489 recensentur.
1401 2446 1492 2489 Pius
1518 2459 1616 2488 vero
1634 2444 1667 2487 X
1693 2459 1723 2488 3.
1750 2457 1802 2486 m.

183 2520 294 2560 Motu
330 2521 495 2574 proprio
554 2534 573 2559 «
597 2519 787 2575 Supremi
822 2517 1074 2573 Disciplinae
1109 2517 1165 2557 ))1
1207 2533 1225 2556 ((
1262 2516 1392 2573 legen]
1429 2517 1480 2560 de
1514 2517 1626 2559 sestis
1659 2515 1805 2559 (liebus

179 2600 229 2630 ex
267 2594 485 2645 praecepto
518 2589 750 2645 servandis,
784 2588 835 2632 ob
869 2587 1093 2644 peculiaria
1128 2589 1273 2630 aetatis
1321 2587 1529 2641 adiuncta,
1575 2590 1805 2642 opportune

183 2659 495 2713 temperandam
530 2662 690 2703 censuit
724 2675 761 2704 )).
812 2658 968 2703 Causae
1001 2659 1167 2701 fuerunt
1216 2663 1458 2715 sequentes:
1499 2672 1518 2698 (<
1552 2656 1648 2699 Lata
1694 2657 1803 2698 enim

183 2732 387 2772 terrarum
423 2732 631 2788 marisque
660 2732 806 2786 spatia,
832 2731 934 2772 mira
969 2741 1077 2772 nunc
1101 2728 1309 2771 celeritate
1334 2727 1520 2771 homines
1544 2730 1807 2783 percurrunt,

300 2883 310 2903 ¹
338 2883 359 2914 2
385 2882 466 2916 Jul.
499 2883 601 2916 1911.
632 2881 707 2917 CO.
738 2881 895 2917 III-305.
