1965 3240
223 169 306 204 Trr.
337 167 487 204 XXIII.
514 188 526 195 -
552 168 608 203 De
630 171 791 213 praecia
818 180 982 204 censura
1010 171 1197 205 librorum
1227 182 1436 216 eorumque
1460 174 1611 217 prohib.
1663 173 1731 208 337

103 290 360 333 commercii.
397 314 447 318 —
484 288 620 345 Atque
653 301 703 332 ne
736 287 880 332 fideles
912 290 951 331 in
986 302 1107 332 causa
1145 291 1434 346 perpendenda
1465 292 1656 335 l'allantur
1679 291 1730 335 ob

106 358 333 417 temporale
366 358 647 413 commodum,
672 363 732 402 est
755 358 949 402 adiuncta
975 359 1156 402 conditio
1182 374 1311 404 noxa:
1349 361 1387 405 b
1422 361 1470 404 ab
1499 362 1730 405 ordinario

103 429 185 473 loci
217 431 342 472 etiam
387 442 460 485 pro
504 431 707 486 exemptis
750 429 800 472 ad
845 441 1032 472 normam
1067 429 1107 487 §¹
1144 432 1427 486 praecedentis
1462 433 1653 489 probata.
1689 439 1729 476 ut

102 500 313 544 sufficiens
346 501 459 543 iuxta
494 512 709 544 canonem.
743 498 951 544 Caveatur
993 505 1130 543 autem
1170 515 1333 558 semper
1370 503 1522 546 xitaiitli
1560 506 1730 546 remotio

101 570 300 616 scandali.

224 641 320 684 275.
355 643 649 687 Necessaria
672 643 868 688 licentia
891 642 941 686 S.
966 643 1145 697 Congr.
1171 643 1376 688 Rituum.
1402 642 1617 699 Postquam
1646 657 1729 685 mo·

105 712 246 756 derata
281 716 341 755 est
375 714 599 755 necessitas
631 725 832 755 censurae
868 711 932 755 vel
959 711 1149 755 licentiae
1174 714 1212 754 in
1238 726 1403 768 genere,
1424 715 1566 755 transit
1591 714 1727 757 Codex

102 782 155 826 ad
190 795 356 825 normas
391 781 620 838 peculiares
653 782 877 826 tradendas
909 784 1022 826 circa
1054 782 1256 839 speciales
1282 782 1594 839 publicationes,
1632 787 1728 827 inci—

103 856 221 908 piens
252 852 304 897 ab
337 852 400 896 his
442 865 549 910 quae
593 855 848 911 frequentius
890 857 1114 897 occurrunt
1149 867 1241 896 cum
1279 855 1527 911 requirenda
1567 868 1730 910 semper

106 925 269 969 licentia
302 924 420 968 Sedis
453 924 621 981 Aplcae.
661 925 760 968 Can.
796 926 928 969 1387.
964 924 1021 968 De
1056 924 1118 968 his
1152 939 1259 982 quae
1291 924 1347 968 acl
1379 939 1531 968 causas
1567 925 1731 982 Bealifi-

104 996 332 1050 catiomcm,
367 995 418 1039 ab
452 1008 594 1039 earum
631 1009 778 1052 nempe
813 997 1089 1052 incoeptione,
1112 1001 1149 1038 et
1185 996 1548 1039 canonizationum
1584 998 1729 1040 Servo-

102 1081 197 1110 rum
232 1066 320 1122 Dei,
356 1066 527 1123 proinde
561 1079 691 1123 usque
725 1067 775 1110 ad
810 1065 916 1110 hanc
949 1066 1197 1123 completam
1249 1066 1455 1123 publicato
1492 1066 1731 1110 solemniter

102 1139 423 1182 canonizationis
456 1136 726 1191 Documento,
751 1151 844 1180 cum
871 1142 959 1194 post
981 1139 1227 1181 sententiam
1254 1137 1568 1181 beatificationis
1596 1138 1730 1181 adbuc

104 1209 279 1266 pendeat
313 1221 451 1261 causa,
485 1220 592 1265 (piae
636 1208 903 1264 suspenditur
946 1212 1119 1263 tantuin,
1162 1213 1299 1264 postea
1342 1208 1732 1265 supervenientibus

104 1279 317 1323 miraculis
351 1279 614 1322 resumenda.
655 1276 814 1331 «Quae
848 1278 897 1321 ad
933 1291 1122 1322 causas»
1163 1279 1396 1335 praedictas
1419 1293 1579 1337 quoquo
1616 1279 1732 1322 niodo

100 1350 330 1409 pertinent,
364 1350 473 1408 quod
499 1352 795 1406 interpretatur
818 1362 839 1392 a
866 1348 1111 1393 Doctoribus
1134 1350 1185 1393 de
1209 1349 1370 1394 actibus
1400 1349 1732 1406 processualibus

103 1421 251 1464 barum
285 1433 521 1476 causarum,
557 1434 635 1463 non
674 1434 771 1464 vero
804 1420 856 1463 de
888 1420 1067 1464 diversis
1099 1420 1286 1464 Decretis
1329 1421 1451 1464 liuius
1492 1421 1658 1477 Congr.·
1692 1423 1728 1464 in

104 1492 166 1535 bis
199 1494 347 1547 causis,
372 1496 495 1549 atque
518 1493 577 1535 sic
601 1491 884 1534 aestimandus
907 1496 966 1534 est
990 1490 1056 1535 hic
1085 1504 1254 1535 «canon
1279 1494 1348 1549 qui
1372 1494 1435 1535 ius
1462 1497 1579 1535 retus
1613 1491 1729 1549 (Dec.

102 1576 242 1620 gener.
280 1576 316 1605 n.
352 1562 426 1619 3⁴2)
458 1576 506 1606 ex
544 1564 705 1618 integro
740 1563 865 1605 rel'ert
887 1578 907 1603 ))
946 1563 996 1606 ad
1024 1562 1199 1606 verbum
1225 1563 1333 1620 (can.
1360 1564 1398 1617 6,
1424 1563 1500 1619 ιο).
1532 1561 1724 1615 «Quae»

101 1638 197 1677 sunt
229 1633 467 1677 huiusmodi
501 1633 593 1676 sine
626 1632 798 1675 lieentia
834 1632 1057 1676 Sacrorum
1084 1632 1255 1676 mmmm
1280 1632 1629 1691 Ceiixqreyulionis
1662 1633 1730 1677 edi

101 1718 174 1748 seu
213 1703 507 1761 «publicari»
547 1703 663 1761 (Dec.
696 1717 789 1760 gen.
825 1717 937 1747 num.
971 1704 1059 1762 cit.)
1094 1709 1313 1762 nequeunt.
1348 1704 1494 1747 'l'otum
1519 1718 1729 1748 commen-

102 1777 254 1819 tarium
289 1775 382 1829 hoc,
417 1777 590 1818 materia
625 1774 917 1831 publicationis
951 1780 987 1818 et
1022 1776 1170 1819 modus
1213 1775 1403 1819 licentiae
1438 1776 1658 1819 traduntur
1692 1778 1728 1818 in

103 1849 257 1891 Monito
290 1846 475 1889 eiusdem
511 1846 548 1889 S.
585 1845 927 1902 Congregationis
952 1847 988 1888 1;
1019 1862 1039 1887 ((
1064 1846 1166 1890 Acta
1200 1859 1306 1904 quae
1342 1848 1565 1903 respiciunt
1590 1849 1731 1900 vitam,

104 1919 279 1961 virtutes
302 1922 342 1961 et
365 1917 557 1974 prodigia
580 1917 809 1961 Sei-vorum
833 1916 908 1960 Dei
946 1916 1008 1960 vel
1036 1916 1256 1960 Beatorum
1282 1918 1345 1973 [ac
1370 1919 1594 1960 notandum
1619 1917 1726 1974 quod

103 2002 181 2032 non
216 1988 383 2032 additur
416 1989 677 2042 Sanctorum,
703 1989 816 2030 iuxta
842 1990 1048 2031 mitiorem
1074 1990 1321 2031 sententiam
1346 1987 1439 2031 binc
1458 1988 1731 2045 sequendam,

101 2072 209 2117 quae
256 2072 350 2103 cum
402 2058 608 2102 Pennachi
657 2057 742 2101 vult
787 2057 1108 2115 prohibitionem
1153 2058 1464 2115 intelligendam
1511 2072 1639 2116 usque
1677 2058 1727 2101 ad

103 2135 278 2187 tempus,
313 2142 394 2187 quo
428 2131 541 2172 linita
584 2132 635 2172 sit
679 2142 802 2172 causa
846 2143 920 2186 per
962 2129 1350 2187 canonizationem),
1384 2142 1560 2186 quorum
1595 2131 1729 2172 causis

106 2213 252 2244 manus
285 2202 475 2257 apposuit
508 2200 546 2243 S.
581 2199 750 2243 Rituum
785 2199 1076 2257 Congregatio,
1100 2203 1215 2257 (ergo
1249 2213 1326 2243 non
1360 2205 1508 2254 antea),
1534 2202 1640 2256 typis
1663 2200 1727 2243 edi

102 2283 151 2314 ac
175 2270 327 2327 publici
353 2273 453 2314 iuris
477 2271 565 2313 fieri
590 2269 873 2327 (alterutrum)
898 2276 1122 2328 nequeunt,
1147 2270 1375 2314 inconsulta
1400 2270 1544 2314 eadem
1568 2272 1606 2313 5.
1630 2271 1728 2313 (jon-

104 2343 359 2398 gregatione,
393 2345 434 2384 et
465 2341 623 2398 absque
658 2341 823 2384 licentia
858 2340 967 2384 m'ln't
990 2340 1125 2385 obstat
1149 2341 1195 2385 R.
1220 2342 1260 2384 P.
1285 2341 1331 2384 D.
1355 2341 1608 2384 Promotoris
1630 2342 1727 2384 san-

102 2417 194 2456 ctae
227 2411 355 2466 Fidei,
390 2411 454 2455 vel
488 2411 729 2455 Adsessoris
762 2414 891 2468 ipsius
923 2412 1037 2456 Sacri
1071 2411 1301 2456 Consilii».

222 2482 319 2526 ⁶276.
356 2485 572 2529 Licentia
605 2485 805 2529 diversa
838 2485 976 2529 iuxta
1013 2485 1345 2540 indulgentias
1389 2484 1727 2538 publicandas.

102 2552 204 2598 Cum
249 2566 362 2597 num.
405 2553 456 2596 17
501 2552 692 2596 Decret.¹n
734 2553 994 2609 generalium
1036 2555 1260 2597 concordat
1304 2558 1411 2597 conf
1445 2555 1563 2595 1388
1609 2554 1636 2609 5·
1674 2552 1725 2593 1³.

102 2622 473 2681 Imlulyensistrum
505 2629 544 2678 a)
579 2622 678 2666 libri
710 2637 864 2676 onmes,
897 2626 966 2681 qui
1005 2637 1154 2680 nempe
1200 2623 1361 2666 illarum
1408 2627 1625 2665 tractatum
1665 2622 1725 2664 vel

102 2694 446 2738 denunciationes
468 2695 720 2747 contineant,
744 2693 789 2749 b)
813 2693 1046 2736 sunzmaria
1065 2694 1262 2737 similium
1283 2695 1594 2736 concessionum
1615 2692 1725 2734 circa

102 2764 370 2809 devotionem
405 2763 603 2822 aliquam,
636 2764 1032 2819 confraternitatem,
1056 2769 1150 2818 etc.,
1174 2765 1213 2820 c)
1238 2763 1371 2807 libelli
1394 2763 1445 2806 ob
1480 2765 1722 2818 pai-xitateni

222 2919 233 2940 ¹
262 2919 305 2952 12
332 2917 442 2951 Febr.
473 2917 576 2951 1909.
606 2915 681 2951 CO.
707 2916 739 2958 Ι,
768 2917 849 2952 ⁶238.

184 3000 281 3028 Bmx‘r
304 3010 323 3018 -
348 2995 471 3024 Comm.
499 2994 575 3023 Text
600 2994 672 3023 Cod.
698 2994 772 3024 Iar.
798 2995 876 3023 Can.
