1965 3240
164 126 232 160 516
352 124 438 158 LIB.
467 123 539 157 ΙΙΙ.
569 143 581 148 -
608 123 812 158 PARSVI.
842 144 854 149 -
881 124 939 159 De
963 126 1076 159 bonis
1101 125 1294 160 Ecclesiae
1323 127 1604 170 temporalibus

166 243 321 287 ultimis
363 241 686 286 voluntatibus»
726 242 808 297 (ΙΙΙ,
844 243 918 301 26)
952 242 989 286 X
1021 243 1222 300 legimus:
1268 259 1288 284 (c
1314 242 1637 300 Cognovimus...
1682 245 1791 303 quod

165 316 346 357 moriens
380 327 485 357 uxor
517 312 781 370 Redempti...
817 314 938 357 nudis
975 313 1153 359 verbis...
1187 313 1406 358 scutellam
1439 313 1679 372 argenteam
1712 318 1794 360 cui-

163 385 260 428 dam
309 386 559 427 monasterio
595 384 783 442 reliquit:
831 384 874 427 ln
923 384 1074 442 quibus
1118 384 1375 428 voluntatem
1414 388 1516 442 eius,
1549 400 1622 443 per
1654 389 1793 430 omnia

163 455 360 498 volumus
393 455 677 512 adimpleri»,
714 460 754 499 et
786 455 883 499 hinc
916 458 991 499 etsi
1023 454 1075 499 ab
1109 457 1301 500 intestato
1325 456 1383 499 illi
1408 457 1678 513 decesserint,
1703 457 1792 501 nul-

164 526 332 583 lamque
365 527 542 569 formam
578 529 617 569 in
655 526 866 570 voluntate
910 527 1181 583 exprimenda
1226 530 1506 582 servaverint,
1539 528 1653 572 salva
1687 534 1795 572 can.⁸

164 603 319 654 praec.a
339 599 690 654 interpretatione.
714 598 980 655 Prosequitur
997 610 1152 641 canon:
1178 598 1431 641 «fidelium»
1458 599 1503 641 in
1522 599 1619 657 pias
1642 614 1793 643 causas

163 680 287 724 supra
321 667 553 711 declaratas
595 667 664 725 (de
707 667 858 724 quibus
900 667 1163 711 solummodo
1211 673 1272 711 est
1319 668 1522 712 sollicitus
1564 669 1790 728 legislator)

162 737 204 795 a)
239 737 490 782 donantium
523 739 707 782 fortassis
738 738 815 782 sub
848 739 986 797 aliqua
1021 739 1273 793 conditione,
1307 738 1350 797 b)
1376 739 1440 782 vel
1461 739 1790 798 relinquentium

162 809 392 852 dominium
428 809 611 867 aliquod,
643 809 730 852 sive
758 823 836 867 pei·
869 815 1004 852 aetum
1041 809 1154 852 inter
1186 809 1298 853 vivos
1334 810 1517 854 validum
1543 814 1667 855 etiam
1703 814 1790 856 iure

162 879 276 923 civili
310 880 359 923 ad
396 879 573 923 litteram
608 880 647 937 a)
681 880 791 937 quod
816 883 974 934 attinet,
997 880 1084 923 sive
1103 893 1181 937 per
1205 885 1345 923 aetum
1369 881 1517 924 mortis
1539 887 1791 939 sequuturae

161 963 289 993 eausa
323 951 549 1005 efficacem,
583 954 708 994 etiam
748 967 770 992 α
802 954 832 994 si
869 953 1046 994 omissae
1079 952 1234 994 fuerint
1265 951 1563 996 sollemnitates
1600 955 1701 997 iuris
1733 956 1789 998 ci-

165 1020 256 1064 vilis
279 1037 299 1062 ))
339 1024 453 1065 iuxta
478 1022 802 1066 declarationem
827 1035 916 1066 can.
947 1022 1072 1078 1513,
1094 1022 1122 1080 ἓ
1146 1023 1183 1073 ⁶2,
1208 1015 1629 1080 diligentissinze‘seu
1652 1024 1787 1082 quoad

162 1094 341 1136 minutas
375 1105 538 1150 quoque
562 1106 628 1136 res
651 1097 691 1136 et
715 1093 1085 1150 promptitudinem
1108 1092 1368 1150 impleantur
1389 1094 1537 1138 effectu
1566 1095 1693 1138 volito
1718 1109 1790 1152 per

161 1161 337 1206 heredes
374 1167 445 1206 aut
477 1167 756 1220 exequutores
788 1165 1134 1218 testamentarios,
1168 1164 1352 1207 fortassis
1386 1169 1603 1222 exemptos
1625 1178 1790 1223 quoque

160 1233 389 1289 religiosos,
423 1234 532 1291 quod
579 1236 880 1291 praescriptum
926 1235 1165 1277 extenditur
1202 1234 1329 1277 etiam
1368 1235 1485 1279 eirea
1515 1235 1681 1279 niodum
1719 1249 1788 1293 ge-

161 1304 315 1347 rendae
348 1304 740 1348 administrationis
778 1310 818 1347 et
856 1305 1117 1362 eroyationis
1160 1304 1362 1348 bonorum
1404 1319 1498 1350 cum
1532 1319 1675 1350 eorum
1710 1309 1790 1350 sru-

160 1374 295 1418 ctibus
328 1377 366 1417 111
401 1389 499 1419 usus
531 1388 552 1419 a
587 1375 780 1419 fidelibus
813 1389 1010 1432 expresse
1043 1376 1294 1432 designatos,
1317 1381 1356 1420 et
1390 1377 1558 1434 quidem
1583 1391 1661 1421 non
1689 1378 1789 1421 limi-

158 1446 284 1489 tando
308 1451 482 1503 tempus,
504 1451 671 1503 propter
694 1447 933 1491 damnatam
959 1460 1073 1504 prop.
1098 1447 1151 1490 43
1178 1447 1215 1490 ¹:
1246 1463 1266 1488 ((
1287 1448 1485 1491 Annuum
1509 1448 1689 1505 legatum
1714 1463 1787 1506 pro

160 1517 296 1560 anima
332 1516 522 1560 relictum
556 1530 636 1560 non
669 1518 791 1561 durat
825 1517 915 1574 plus
948 1530 1071 1575 quam
1106 1531 1180 1574 per
1214 1518 1361 1561 decem
1393 1530 1577 1562 annos».

282 1586 464 1631 «Canon
499 1588 566 1632 hic
598 1590 661 1631 ius
697 1593 813 1631 vetus
845 1602 895 1632 ex
931 1591 1090 1645 integro
1122 1590 1312 1644 refert»,
1347 1594 1390 1632 ut
1421 1594 1582 1633 constat
1613 1603 1663 1633 ex
1696 1590 1787 1646 plu-

160 1656 275 1701 ribus
317 1657 605 1702 Deci-etalibus
648 1660 753 1702 infra
797 1659 987 1713 citandis,
1021 1672 1068 1703 ac
1107 1664 1216 1716 patet
1260 1662 1299 1702 in
1335 1659 1462 1703 Clem.
1497 1659 1637 1704 Cone.i
1669 1659 1789 1704 Vien-

159 1730 311 1783 nensis,
344 1741 450 1786 quae
482 1731 648 1785 incipit:
689 1745 708 1770 1<
729 1727 834 1782 Quia
869 1732 1133 1785 contingit»,
1176 1742 1344 1787 «quam
1380 1731 1547 1787 quidem
1592 1733 1787 1774 constitu-

159 1800 312 1841 tionem
346 1799 493 1843 eadem
526 1800 675 1843 Sancta
718 1800 910 1856 Synodus
943 1799 1223 1856 (Tridentina)
1256 1801 1536 1844 innovandam
1582 1794 1720 1857 duxit,
1748 1806 1788 1846 et

85 1915 90 1922 .
158 1871 342 1924 innovat,
376 1884 469 1914 cum
505 1869 846 1927 derogationibus
880 1873 919 1913 in
954 1883 1001 1914 ea
1034 1873 1239 1914 contentis
1260 1887 1281 1912 J)
1312 1870 1338 1915 ².
1366 1872 1573 1928 Scriptum
1598 1877 1659 1916 est
1676 1875 1786 1916 enim

159 1941 198 1982 in
233 1953 280 1983 ea
303 1940 341 1981 ³:
382 1956 401 1981 c(
425 1954 505 1984 non
539 1945 694 1984 attento
728 1941 838 1998 quod
874 1941 964 1984 loca
998 1943 1085 1998 ipsa
1117 1942 1168 1985 ad
1203 1941 1281 1985 hoc
1315 1942 1501 1997 fundata,
1529 1947 1567 1986 et
1600 1942 1784 1987 fidelium

157 2011 466 2067 erogationibus
499 2012 638 2055 dotata
673 2013 853 2067 fuerunt,
889 2016 931 2055 ut
967 2024 1171 2068 pauperes
1215 2013 1441 2070 infectique
1485 2012 1596 2070 lepra
1630 2016 1788 2070 recipe-

157 2086 301 2124 rentur
334 2081 448 2137 inibi,
481 2086 521 2126 et
554 2096 604 2126 ex
641 2081 915 2139 proventibus
947 2086 1279 2127 sustentarentur
1319 2082 1501 2140 illorum,
1536 2084 1573 2127 id
1608 2078 1813 2128 renuunt*

157 2151 438 2196 inhumaniter
471 2166 608 2210 agere,
642 2157 871 2209 proventus
903 2153 1072 2196 eosdem
1114 2155 1154 2196 in
1198 2167 1297 2196 usus
1336 2167 1432 2197 suos
1466 2153 1787 2212 (administrato-

158 2222 269 2279 rum)
303 2223 596 2267 damnabiliter
628 2227 932 2279 convertentes,
967 2237 1063 2268 cum
1095 2229 1233 2267 tamen
1282 2236 1329 2268 ea
1380 2237 1486 2282 quae
1529 2225 1579 2268 ad
1623 2230 1784 2269 certum
1874 2278 1875 2282 Ἰ

160 2305 279 2336 usum
316 2293 533 2350 largitione
565 2298 660 2337 sunt
693 2294 896 2338 destinata
930 2293 1130 2355 fidelium,
1164 2295 1213 2338 ad
1250 2294 1364 2338 illum
1394 2294 1585 2351 debeant,
1620 2309 1698 2339 non
1732 2297 1782 2340 ad
1873 2337 1875 2343 ,

158 2363 283 2406 alium
319 2363 451 2420 (salva
488 2365 659 2422 quidem
694 2365 812 2408 Sedis
846 2364 1107 2421 Apostolicae
1140 2365 1404 2422 auctoritate)
1441 2368 1690 2409 converti».
1806 2374 1809 2375 ’

274 2433 509 2478 Clausulam
551 2451 570 2476 «
594 2438 706 2480 circa
729 2435 900 2478 modum
924 2436 1294 2479 administrationis
1311 2451 1332 2477 ))
1367 2438 1541 2492 positam
1566 2439 1604 2479 in
1629 2449 1786 2482 canone
1856 2487 1858 2489 ,
1906 2446 1932 2503 3¹

157 2506 322 2560 respicit
361 2505 490 2548 altera
535 2507 572 2548 in
617 2506 699 2549 fine
742 2505 905 2549 addita:
951 2505 1067 2548 salvo
1097 2505 1366 2563 praescripto
1399 2511 1508 2548 ean.⁵
1539 2508 1668 2560 1515,
1697 2506 1726 2565 ξ
1753 2508 1787 2551 3

157 2576 293 2617 statim
331 2575 579 2631 exponendi.

274 2645 371 2689 427.
412 2648 609 2692 Piarum
645 2648 951 2692 voluntatum
986 2651 1306 2694 exsecutores
1340 2649 1429 2691 iure
1461 2647 1612 2705 dantur
1638 2651 1780 2704 veteri,

158 2729 197 2760 v.
231 2728 290 2772 gr.
327 2718 365 2758 in
400 2718 535 2759 citatis
578 2716 724 2760 ultimo
767 2716 948 2760 textibus
989 2715 1267 2761 Conciliorum
1302 2717 1414 2761 Trid.
1454 2723 1494 2761 et
1531 2717 1783 2763 Viennensis.

275 2822 286 2843 1
313 2821 404 2858 Dec.
431 2821 467 2856 S.
489 2821 529 2856 C.
551 2821 589 2856 S.
612 2820 753 2866 Officii,
776 2822 820 2856 18
837 2822 973 2856 Martii
995 2823 1094 2858 1666.
1114 2823 1350 2868 Denzinger,
1377 2835 1417 2857 n.
1447 2823 1549 2858 1143.
1575 2842 1619 2850 —
1646 2824 1661 2846 ‘2
1687 2824 1778 2876 Cap,

159 2868 203 2902 15
229 2866 274 2901 de
294 2867 377 2903 Res.
398 2868 498 2903 Sess.
523 2869 611 2903 VII.
639 2889 683 2894 ——
710 2869 724 2892 3
750 2868 840 2914 Cap.
857 2871 879 2902 2
904 2870 958 2904 tit
984 2869 1054 2911 XI,
1083 2870 1169 2905 Lib.
1198 2870 1258 2904 III
1283 2871 1325 2904 in
1352 2870 1471 2904 Olem.
