1965 3240
152 142 221 177 588
596 151 722 177 monz
747 150 940 177 CANONUM
965 151 1016 175 m*
1038 149 1324 176 COMMENTARH

1574 266 1653 289 CAN.
1689 267 1771 289 PAo.

151 317 327 352 Ecclesia
351 317 501 351 funeris
527 328 575 351 ex
599 316 683 351 iure
701 316 896 351 ordinario
954 344 961 351 .
1501 343 1509 351 .
1563 318 1654 351 1216
1727 318 1773 352 90

152 377 257 420 Quae
283 376 446 410 ecclesia
471 374 673 420 praevalet
698 375 740 409 in
766 374 885 410 dubio
953 402 961 410 .
1503 402 1511 410 .
1565 377 1655 411 1217
1728 376 1772 410 91

151 435 278 469 Favor
301 435 397 468 iuris
422 445 514 478 erga
540 434 733 478 propriam
758 433 936 468 defuncti
953 434 1182 479 paroeciam.
1505 460 1512 469 .
1565 435 1657 469 1218
1737 451 1751 465 »

149 494 217 528 Ius
242 492 451 527 funerandi
477 491 688 527 defunctos
713 492 954 527 constitutos
981 493 1021 527 in
1056 492 1256 538 dignitate
1285 519 1292 527 .
1505 520 1513 527 .
1567 494 1657 528 1219
1729 494 1776 528 92

150 553 216 586 Ius
239 551 454 586 funerandi
480 550 687 585 defunctos
712 550 982 586 beneficiarios
1505 579 1512 586 .
1564 552 1656 586 1220
1729 552 1776 587 93

151 612 219 646 Ius
243 610 453 646 funerandi
480 610 684 645 defunctos
710 610 915 656 religiosos
941 623 986 645 ac
1012 610 1215 646 novitioss
1286 637 1293 645 .
1506 638 1514 646 .
1569 612 1657 646 1221
1731 611 1777 646 94

151 671 218 705 Ius
243 669 451 704 funerandi
489 669 708 704 saeculares
745 669 843 704 alios
877 670 918 704 in
952 669 1152 715 religiosis
1191 669 1371 704 domibus
1409 669 1516 704 dece-

247 729 384 763 dentes
403 757 409 763 .
1503 756 1510 763 .
1566 730 1658 763 1222
1731 729 1776 764 96

152 787 220 822 Ius
246 787 420 833 eligendi
446 787 690 832 sepulturam
733 814 740 820 .
1504 813 1511 822 .
1566 787 1658 821 1223
1739 802 1753 818 ι»

153 847 374 881 Prohibitio
400 846 560 880 canonis
587 846 691 880 circa
716 846 948 881 electionem
975 847 1203 891 sepulturae
1258 842 1261 844 ’
1505 873 1512 880 .
1569 847 1658 880 1224
1731 847 1776 882 97

152 905 359 940 Limitatio
386 905 483 939 iuris
510 904 683 950 eligendi
710 905 913 939 ecclesiam
938 905 1090 940 funeris
1506 931 1514 939 .
1570 906 1660 940 1225
1732 906 1778 940 98

152 965 397 999 Exercitium
423 963 597 998 validum
626 963 795 1008 duplicis
822 964 921 999 iuris
947 964 1123 1010 eligendi
1176 991 1184 999 .
1506 992 1512 998 .
1571 965 1659 998 1226
1732 964 1779 999 99

152 1023 275 1058 Plena
299 1023 505 1057 electionis
530 1022 693 1057 libertas
719 1023 959 1058 vindicatur.
1503 1051 1509 1057 .
1565 1024 1656 1058 1227
1739 1039 1752 1053 »

152 1082 326 1118 Effectus
353 1081 530 1116 canonici
557 1081 765 1116 electionis
790 1082 1018 1127 sepulturae
1065 1109 1071 1116 .
1508 1109 1516 1117 .
1570 1082 1660 1116 1228
1711 1081 1779 1116 100

152 1143 210 1177 De
235 1141 413 1187 sepulcro
442 1141 634 1174 maiorum
1505 1169 1512 1175 .
1566 1141 1658 1174 1229
1710 1140 1775 1174 101

152 1201 220 1236 Ius
256 1199 414 1235 levandi
447 1199 624 1242 cadaver,
665 1199 766 1233 illud
804 1200 1022 1235 comitandi
1055 1203 1096 1234 et
1132 1200 1339 1245 exsequias
1375 1200 1518 1245 persol—

248 1259 365 1293 vendi
403 1285 409 1292 .
1504 1286 1512 1293 .
1566 1258 1658 1292 1230
1733 1273 1746 1288 »

152 1319 220 1354 Ius
245 1316 469 1352 tumulandi
515 1343 522 1351 .
1506 1344 1514 1352 .
1568 1317 1657 1351 1231
1710 1316 1778 1350 104

153 1377 338 1413 Connexa
362 1387 449 1410 cum
475 1375 558 1410 iure
587 1376 803 1410 comitandi
830 1376 994 1411 cadaver
1066 1403 1073 1410 .
1506 1403 1514 1411 .
1569 1375 1659 1410 1232
1709 1375 1777 1410 105

154 1437 208 1471 De
233 1436 432 1471 cadaveris
457 1434 716 1469 associatione
743 1435 919 1470 ducenda
953 1463 962 1470 .
1505 1462 1512 1469 .
1568 1435 1658 1470 1233
1733 1450 1746 1465 »

152 1495 210 1530 De
236 1494 366 1529 indice
391 1493 629 1528 funerali-um
649 1498 831 1528 taxarum
849 1522 855 1528 .
1509 1521 1515 1528 .
1568 1494 1659 1528 1234
1713 1493 1778 1527 108

154 1555 212 1589 De
237 1554 418 1588 taxarum
442 1552 683 1587 funeralium
707 1552 972 1589 observantia.
1508 1580 1516 1588 .
1571 1552 1660 1587 1235
1711 1552 1779 1586 109

154 1613 290 1648 Portio
316 1612 542 1657 paroecialis
567 1611 807 1646 funeralium
847 1639 855 1646 .
1710 1611 1779 1645 110

155 1673 223 1707 Ius
248 1671 483 1717 praecedens
507 1671 633 1716 quoad
660 1671 843 1706 ecclesias
869 1676 1033 1717 quartae
1071 1671 1295 1706 funerariae
1322 1671 1520 1706 subiectas
1712 1671 1778 1704 111

156 1731 332 1773 Quoties,
362 1731 475 1764 iuxta
500 1729 695 1774 Codicem,
723 1735 763 1764 et
790 1730 854 1764 cui
880 1730 1044 1765 debetur
1069 1731 1198 1775 portio
1223 1731 1458 1775 paroecialis
1509 1757 1517 1764 .
1570 1730 1662 1765 1236
1712 1732 1780 1765 112

155 1789 214 1823 Ex
240 1789 383 1834 quibus
408 1789 687 1823 emolumentis
714 1789 766 1823 sit
793 1789 1034 1824 detrahenda
1066 1790 1194 1834 portio
1225 1789 1455 1834 paroecialis
1481 1793 1521 1823 et

248 1848 333 1882 eius
363 1848 567 1892 quantitas
621 1874 628 1881 .
1508 1875 1515 1882 .
1569 1848 1660 1883 1237
1735 1863 1749 1879 ι

156 1907 376 1951 Descriptio
402 1907 443 1940 in
470 1906 569 1940 libro
595 1906 875 1941 defunctorum
1507 1933 1515 1941 .
1568 1907 1660 1941 1238
1711 1907 1779 1941 114

389 2018 526 2053 CAPUT
552 2018 624 2053 III.
654 2039 698 2043 —
724 2019 780 2053 De
804 2019 853 2053 iis
878 2019 1018 2062 quibus
1045 2019 1249 2063 sepultura
1279 2019 1542 2054 ecclesiastica

639 2077 881 2113 concedenda
910 2078 970 2112 est
1000 2078 1068 2112 aut
1094 2078 1286 2121 neganda.

158 2152 335 2187 Canones
362 2153 563 2187 1239-1242
624 2180 632 2187 .
1710 2155 1778 2188 115

157 2211 367 2256 Inscriptio
394 2211 544 2256 Capitis
570 2224 614 2246 ac
639 2212 733 2246 ordo
758 2223 953 2246 canonum
979 2212 1051 2246 sub
1078 2224 1123 2247 eo
1180 2239 1186 2247 .
1509 2239 1517 2247 .
1735 2229 1748 2244 ι

158 2269 234 2312 Qui
260 2270 343 2304 sint
368 2271 410 2304 in
436 2282 578 2315 genere
606 2271 777 2305 donandi
804 2272 1008 2316 sepultura
1033 2272 1302 2306 ecclesiastica
1509 2299 1517 2306 .
1570 2272 1661 2307 1239
1712 2273 1779 2306 116

157 2328 406 2364 Privationes
432 2329 657 2374 sepulturae
683 2330 969 2364 ecclesiasticae
994 2342 1016 2364 a
1042 2331 1124 2364 iure
1151 2341 1355 2375 expressae
1398 2358 1406 2365 .
1509 2357 1516 2365 .
1570 2331 1662 2365 1240
1711 2331 1778 2366 117

158 2386 358 2428 Quaenam
384 2388 593 2422 secumfert
618 2389 790 2432 privatio
816 2389 1042 2433 sepulturae
1068 2389 1358 2433 ecclesiasticae
1399 2415 1406 2422 .
1508 2415 1515 2423 .
1569 2389 1658 2423 1241
1713 2390 1777 2424 121

158 2444 357 2480 Servanda
381 2447 483 2480 circa
508 2447 839 2481 excommunicati
866 2447 1021 2481 vitandi
1048 2447 1211 2482 cadaver
1508 2473 1517 2482 .
1570 2448 1661 2482 1242

837 2563 1017 2599 SECTIO
1045 2564 1095 2598 11.

699 2647 759 2686 De
788 2647 1058 2695 temporibus
1086 2647 1237 2687 sacris.

161 2724 337 2760 Canones
364 2727 564 2762 1243-1246
629 2753 637 2762 .
1709 2729 1778 2762 122

159 2782 369 2828 Inscriptio
396 2784 590 2820 Sectionis
617 2787 779 2831 eiusque
805 2790 974 2831 quatuor
998 2798 1166 2822 canones
1193 2787 1494 2832 praeliminares
1511 2813 1519 2822 .
1736 2801 1752 2819 ›

160 2840 276 2875 Notio
303 2846 520 2887 temporum
538 2855 747 2879 sacrorum.
1506 2871 1515 2880 .
1568 2844 1660 2879 1243
1732 2859 1748 2875 ³
