1965 3240
413 121 523 156 PARS
550 122 614 155 VI.
645 141 657 147 -
685 121 742 156 De
767 122 877 155 bonis
904 118 1094 153 Ecclesiae
1120 119 1399 163 temporalibus
1649 117 1716 152 491

96 242 238 297 tentes,
272 255 378 298 quae
413 241 472 283 rel
505 240 560 284 ad
592 239 825 284 Ecclesium
849 239 1087 281 universum
1113 251 1191 294 qua
1216 240 1453 282 societatem
1481 240 1716 295 perlectam.

92 318 132 355 et
165 311 220 355 ad
253 311 535 370 Apostolieam
572 311 714 354 Sedent
748 324 818 356 seu
852 322 1093 366 supremum
1132 309 1360 366 Principem
1397 312 1433 352 in
1475 322 1534 363 ea,
1570 309 1632 351 rel
1663 308 1718 351 acl

92 383 225 427 aliam
261 382 490 440 quamlibet
523 382 777 439 singularem
803 381 844 424 111
869 378 1060 424 Ecclesia
1088 378 1238 423 Christi
1261 394 1486 438 personam
1518 379 1717 423 ‘neomlem

90 454 141 498 ad
178 466 365 497 normam
401 466 490 497 can.
527 454 579 495 99
613 466 685 496 seu
725 451 934 509 «publica
958 453 1204 494 auctoritate
1227 451 1545 507 (ecclesiastica)
1568 453 1716 494 consti-

91 529 269 568 tutam»
304 525 562 582 pertineam,
598 529 637 567 ut
672 525 721 567 ad
757 522 990 566 subiectum
1024 522 1194 564 dominii
1230 535 1389 576 eorum,
1422 528 1518 565 mm!
1554 525 1718 579 proprie

92 594 197 639 bona
237 594 535 639 ecclesiastiea.
802 606 804 608 “

215 682 234 707 <c
261 665 482 711 Caeterum
518 666 592 724 (ait
628 666 835 710 Pasclialis
867 667 1077 709 canonicis
1100 666 1139 708 S.
1157 664 1338 721 Martini)
1365 665 1376 686 ¹
1414 667 1633 721 primitiae,
1652 666 1717 708 de-

95 740 242 793 cimae,
277 742 317 781 et
350 737 593 791 oblationes,
629 740 665 780 in
706 737 803 780 solis
843 736 1112 780 ecclesiarum
1159 736 1275 779 bonis
1314 738 1535 792 praecipue
1575 750 1716 780 nume-

99 813 255 852 rantur.
289 805 531 853 Oblationes
568 822 665 851 vero
699 809 877 852 dicimus
909 819 1198 864 quaecumque
1230 807 1281 850 de
1316 809 1492 863 propriis
1526 812 1562 849 et
1598 806 1718 850 licitis

94 879 217 923 rebus
259 879 461 923 ecclesiae
510 892 531 923 a
581 879 773 922 lidelibus
811 879 1051 922 offeruntur.
1086 875 1350 934 Quicumque
1385 880 1510 933 igitur
1542 890 1611 921 eas
1646 891 1717 934 per

96 955 337 1007 potestatem
371 950 627 994 saecularem
662 949 832 999 obtinet,
866 948 1140 1006 proculdubio
1172 953 1314 992 contra
1340 947 1468 992 Deum
1495 953 1533 992 et
1556 953 1717 992 saucto-

93 1035 184 1066 rum
221 1026 382 1079 patrum
419 1024 563 1065 nititur
595 1023 851 1065 sanctiones:
886 1021 1072 1077 quinimo
1095 1024 1132 1062 el
1157 1022 1225 1077 qui
1251 1022 1398 1077 accipit
1423 1024 1461 1063 et
1485 1022 1553 1077 qui
1581 1019 1716 1074 tradit,

91 1098 230 1150 raptor
262 1098 301 1137 et
334 1093 562 1150 sacrilegus
596 1094 858 1138 iudicatur».

210 1167 234 1218 ἓ
266 1167 308 1207 9.
347 1163 556 1207 Dicuntur
594 1181 611 1204 «
639 1164 743 1208 bona
781 1165 1023 1221 temporalia
1047 1181 1086 1217 »,
1121 1178 1219 1208 num
1243 1167 1323 1208 sint
1346 1165 1626 1209 ecclesiastica
1655 1165 1716 1208 vel

93 1249 171 1278 non
198 1248 341 1292 parum
369 1237 506 1286 rel'ert,
531 1249 669 1286 saera,
693 1250 799 1293 quae
821 1236 1134 1279 consecratione
1158 1236 1279 1280 idest:
1307 1239 1385 1279 ritu
1411 1236 1603 1293 liturgico
1621 1250 1715 1280 cum

91 1305 328 1350 chrismatis
352 1319 427 1349 usu
452 1305 517 1349 vel
539 1306 826 1350 benedictione
848 1309 1130 1355 constitutiva,
1154 1320 1261 1364 quae
1285 1312 1460 1364 utraque
1485 1308 1559 1350 fuit
1581 1307 1716 1351 decla-

92 1382 178 1421 rata
215 1379 252 1420 in
285 1376 592 1421 Commentario
626 1377 779 1421 Textus
811 1378 860 1421 ad
896 1390 984 1424 can.
1014 1378 1143 1433 1147,
1167 1378 1194 1435 ἓ
1218 1378 1256 1432 ⁶2,
1285 1392 1319 1421 V.
1345 1393 1408 1435 gr.
1442 1381 1716 1422 ostensorium

92 1450 170 1491 ista
206 1453 245 1492 et
278 1448 383 1492 calix
421 1448 492 1491 illa
525 1448 581 1491 ad
613 1447 800 1491 divinum
834 1449 991 1492 cultum
1030 1451 1150 1493 unice
1194 1462 1241 1493 ac
1275 1450 1325 1493 de
1364 1451 1470 1493 l'acto
1501 1449 1715 1493 destinata

89 1525 213 1564 sunl:
244 1519 432 1577 pretiosa
467 1522 505 1562 in
542 1522 642 1575 iure,
679 1519 826 1577 quibas
861 1519 1061 1563 notabilis
1098 1519 1216 1563 valor
1247 1520 1302 1563 sil
1333 1520 1561 1564 secundum
1597 1523 1717 1564 aesti—

95 1593 315 1634 mationem
353 1593 552 1647 pecuniae
585 1603 632 1634 ac
668 1593 801 1647 pretii,
837 1594 993 1634 ratione
1027 1591 1068 1648 a)
1101 1591 1210 1634 artis
1238 1606 1273 1632 v.
1294 1606 1355 1648 gr.
1389 1591 1440 1635 ob
1476 1594 1717 1635 miniaturas

91 1663 128 1704 in
164 1661 315 1704 Missali
349 1663 568 1718 appositas,
606 1661 643 1714 b)
676 1661 738 1704 vel
771 1661 978 1705 historiae
1012 1677 1044 1704 v.
1081 1676 1143 1719 gr.
1184 1665 1281 1720 quia
1327 1665 1521 1719 pertinuit
1564 1663 1613 1706 ad
1655 1663 1714 1706 di-

89 1734 260 1775 stinctas
294 1745 490 1789 personas
521 1734 691 1776 scientia
727 1738 765 1775 et
798 1733 1014 1790 dignitate,
1048 1734 1085 1788 c)
1118 1732 1182 1776 vel
1213 1733 1420 1776 materiae
1443 1748 1570 1776 causa
1598 1748 1716 1791 ugr.

87 1803 194 1847 calix
230 1815 382 1847 aureus
417 1806 606 1860 pretiosis
638 1806 817 1860 gemmis
848 1809 1031 1848 ornatus.

209 1875 270 1918 Ad
308 1876 485 1931 pretium
521 1888 659 1918 rerum
695 1875 804 1932 quod
838 1878 997 1930 attinet,
1029 1878 1089 1920 sic
1117 1878 1173 1919 ait
1197 1876 1242 1919 D.
1268 1875 1295 1920 1.
1321 1875 1435 1930 Mori,
1461 1877 1717 1921 Secretarius

90 1945 128 1989 S.
164 1944 314 2000 Congr.
347 1943 471 1989 Cone.
507 1946 545 1987 in
581 1957 660 1988 una
693 1944 903 1989 Dioecesis
930 1945 976 1988 N.
1017 1961 1037 1987 (ς
1062 1945 1337 1989 Donariorum
1377 1949 1611 1990 votivorum
1636 1962 1657 1987 ›>
1682 1946 1715 1990 ²:

95 2013 274 2068 «Quare
312 2015 426 2058 valor
459 2017 534 2059 iste
568 2015 795 2073 (notabilis)
820 2019 1034 2060 tutissime
1067 2017 1116 2060 ad
1153 2017 1237 2060 750
1272 2016 1340 2060 lib.
1376 2019 1413 2060 in
1448 2016 1570 2061 Curia
1595 2017 1716 2062 hodie

91 2086 255 2130 deliniri
289 2089 433 2142 potest.
468 2086 552 2130 Nec
585 2086 746 2141 desunt,
782 2089 851 2144 qui
887 2087 1109 2131 notabilem
1147 2089 1330 2131 valorem
1366 2089 1469 2131 infra
1506 2088 1618 2131 1000
1649 2087 1715 2132 111).

92 2169 182 2200 esse
216 2156 338 2200 hodie
372 2161 546 2213 negent,
576 2159 703 2200 immo
744 2159 830 2213 ipse
872 2170 962 2201 can.
1000 2158 1125 2211 1532,
1158 2160 1186 2216 g
1220 2158 1257 2215 Ω,
1292 2159 1390 2202 dum
1424 2159 1713 2203 alienationem

91 2227 307 2283 distinguit
341 2240 478 2270 rerum
514 2240 619 2284 quae
655 2228 765 2270 1000
801 2227 868 2272 lib.
902 2231 1109 2286 attingunt
1142 2234 1179 2272 et
1213 2242 1319 2287 quae
1354 2229 1466 2273 1000
1501 2229 1712 2286 1111511116-

91 2302 196 2351 rant,
230 2297 335 2341 hanc
368 2300 712 2348 aestimationem,
747 2312 853 2356 quae
885 2301 1149 2357 simplicitate
1182 2314 1349 2358 quoque
1386 2302 1715 2346 commendatur.

90 2373 219 2412 ratam
255 2369 408 2414 habere
445 2371 666 2414 videtur».
702 2370 749 2414 Et
784 2371 878 2415 111116
914 2373 1084 2430 quidem
1107 2375 1335 2416 sententiae
1360 2378 1591 2429 postremae
1624 2373 1716 2417 sub·

89 2439 323 2494 scribimus,
356 2441 583 2485 dummodo
616 2441 667 2485 de
703 2444 832 2498 pretio
867 2446 1040 2499 pecunia
1075 2443 1211 2487 italica
1234 2443 1435 2487 solvendo
1458 2449 1618 2500 agatur,
1642 2457 1712 2487 seu

91 2509 144 2553 de
177 2510 471 2567 aequipollenti
505 2525 678 2555 numero
710 2512 857 2556 similis
892 2518 1080 2557 monetae
1113 2514 1283 2557 alterius
1317 2516 1507 2558 nationis.

207 2581 304 2625 408.
352 2583 503 2628 Verbi
549 2585 799 2629 Ecclesiae
846 2586 1149 2641 significatio
1192 2587 1398 2631 iuridica
1441 2598 1513 2641 pro
1555 2584 1717 2629 Codicis

89 2656 222 2695 tractu
256 2652 449 2696 daturin
488 2667 578 2696 can.
613 2656 746 2698 1498.
797 2653 840 2697 In
885 2655 1113 2698 canonibus
1155 2660 1312 2699 tantum
1355 2655 1427 2713 qui
1468 2660 1713 2713 sequuntur,

89 2723 288 2791 ¹videlicet
321 2722 442 2767 huius
478 2723 606 2767 Partis
638 2728 794 2780 sextae,
826 2725 994 2768 1101111116
1026 2725 1244 2770 Ecclesiae
1275 2725 1543 2783 si'ym'ficalm'
1574 2739 1622 2769 ex
1653 2739 1718 2769 vo-

208 2830 219 2851 1
248 2828 338 2874 Cap.
374 2845 388 2859 α
408 2829 534 2864 Causa
561 2830 769 2875 Carpensis
802 2830 927 2875 plebis
945 2847 959 2862 »
996 2833 1052 2872 13,
1081 2832 1146 2866 ‘cit⁷
1181 2847 1194 2861 <³
1215 2831 1260 2866 de
1288 2831 1494 2866 verborum
1521 2831 1717 2876 significa-

89 2875 199 2910 tione
219 2892 232 2906 »
265 2877 322 2920 40,
353 2876 439 2911 Lib.
466 2877 512 2920 V,
540 2876 591 2911 X.
621 2898 662 2902 -
690 2877 704 2899 ²
732 2878 775 2911 12
801 2877 875 2912 Iul.
903 2878 1004 2913 1919.
1036 2879 1113 2914 CO.
1143 2879 1214 2921 XI,
1242 2879 1321 2913 418.
