1965 3240
529 447 985 515 BENEVOLO
1044 447 1403 513 LECTORI

951 577 987 611 ⁶³10

296 736 441 782 Dum
468 735 569 782 hoc
589 734 847 782 volumen
868 733 1071 781 iamdiu
1100 736 1444 797 expectatum
1470 734 1569 781 tibi
1597 734 1784 782 offerre

154 836 385 884 possum,
426 819 603 883 placet
639 818 774 865 mihi
813 817 879 865 ad
918 816 1329 864 similitudinem
1355 818 1700 880 praefationis
1727 820 1783 865 in

155 902 616 967 Oommentarium
655 901 804 948 Libri
832 900 873 959 1,
903 899 1045 964 quod
1083 901 1365 947 interiecto
1405 901 1688 948 intervallo
1728 903 1784 948 in

153 985 327 1032 lucem
367 985 580 1048 prodiit,
620 984 827 1048 aliquos
865 986 1130 1031 tractatus
1157 983 1452 1046 peculiares
1479 984 1783 1046 indigitare,

155 1084 285 1131 quos
313 1067 519 1115 utiliter
546 1067 821 1115 consulere
849 1066 1043 1125 Valeas,
1079 1066 1146 1113 ad
1185 1066 1378 1113 harum
1417 1069 1652 1130 partium
1693 1065 1786 1114 Co-

154 1150 286 1197 dicis
326 1166 555 1197 canones
593 1152 828 1214 penitius
874 1149 1286 1211 cognoscendos.

297 1232 582 1296 Praecipui
620 1231 885 1280 Auctores
920 1231 1385 1280 commendatione
1413 1231 1579 1294 digni,
1608 1231 1675 1278 ad
1702 1233 1785 1279 ius

154 1315 477 1380 praecedens
535 1315 675 1378 quod
731 1317 943 1373 attinet,
1004 1318 1131 1362 sunt
1187 1318 1485 1378 sequentes.
1545 1315 1784 1361 Emmus.

157 1398 310 1447 Card.
341 1398 610 1462 Gasparri,
641 1400 732 1461 qui
759 1400 815 1445 in
843 1398 1102 1459 Tractatu
1130 1397 1194 1445 de
1234 1397 1403 1445 Ssnia.
1445 1397 1788 1444 Eucharistia

155 1481 367 1529 abunde
406 1497 468 1529 ao
508 1481 715 1528 erudite
754 1481 818 1528 de
858 1480 1096 1528 ecclesiis
1142 1485 1196 1528 et
1246 1481 1505 1528 altaribus
1556 1481 1788 1544 plurima

156 1564 354 1622 docuit,
402 1554 554 1628 quae*
578 1566 742 1611 etiam
779 1567 901 1628 post
937 1563 1272 1628 publicatum
1313 1563 1564 1611 Codicem
1604 1566 1787 1626 vigore

155 1663 258 1695 non
303 1652 429 1695 sunt
467 1647 743 1694 destituta.
792 1666 813 1691 «
845 1647 927 1694 De
964 1647 1095 1694 locis
1142 1649 1304 1696 sacris
1335 1666 1356 1691 »
1404 1647 1559 1694 valde
1609 1646 1788 1693 lauda-

155 1729 317 1776 bilem
368 1733 661 1777 tractatum
714 1729 1051 1777 elucubravit
1100 1729 1323 1777 Rdmus.
1366 1733 1420 1776 et
1458 1731 1686 1776 eximius
1725 1728 1785 1776 P.

156 1813 220 1860 D.
264 1812 314 1860 S.
355 1812 522 1875 Many
561 1812 743 1859 Presb.
786 1811 882 1860 Sti.
926 1811 1144 1876 Sulpitii
1184 1812 1390 1859 duobus
1424 1812 1621 1859 abhinc
1647 1827 1790 1858 inen-

158 1895 302 1943 sibus
343 1898 454 1943 vita
500 1896 733 1954 functus,
782 1898 873 1959 qui
912 1895 1016 1943 fuit
1055 1895 1106 1943 S.
1147 1896 1210 1943 R.
1252 1896 1316 1943 R.
1357 1893 1605 1942 Auditor.
1657 1913 1679 1939 4<
1707 1894 1789 1941 De

158 1981 401 2026 oratoriis
441 1978 747 2026 domesticis
786 1982 840 2026 et
878 1978 942 2026 de
970 1995 1069 2026 usu
1097 1979 1281 2026 altaris
1308 1978 1574 2042 portatilis
1603 1997 1624 2022 »
1662 1977 1789 2024 clas-

159 2065 328 2110 sicum
380 2078 511 2125 opus
563 2061 732 2109 edidit
776 2061 850 2110 Io.
892 2062 1047 2125 Bapt.
1091 2061 1306 2109 Gattico
1347 2060 1475 2109 Can.
1518 2061 1650 2122 Reg.
1692 2061 1789 2107 La-

157 2147 471 2203 teranenffls,
513 2147 672 2192 sicuti
720 2164 741 2189 ‹<
770 2144 851 2192 De
890 2145 1164 2192 beneficiis
1210 2144 1584 2191 ecclesiasticis
1613 2162 1634 2187 »
1689 2146 1789 2191 sin-

159 2228 402 2291 gularem
428 2231 723 2275 tractatum
756 2229 970 2291 scripsit
1007 2227 1259 2274 Nicolaus
1299 2226 1535 2274 Garoias.
1576 2226 1641 2273 In
1680 2242 1789 2290 spe-

160 2314 239 2358 cie
288 2330 311 2356 «
336 2311 529 2358 Praxis
567 2313 697 2357 iuris
735 2314 1054 2374 patronatus
1083 2329 1104 2354 »
1152 2311 1384 2356 inveniri
1423 2312 1600 2372 potest
1633 2309 1790 2356 eluci-

159 2393 286 2441 data
322 2409 416 2457 per
453 2393 727 2440 Iulianum
766 2392 1004 2441 Viviani.

301 2476 401 2524 His
452 2476 616 2524 addas
657 2475 1119 2524 Commentatores
1160 2472 1380 2523 00115135.ι
1432 2494 1452 2519 <<
1483 2473 1792 2522 Officiorum

159 2576 221 2607 ac
259 2575 542 2607 munerum
571 2579 592 2604 »
641 2563 695 2606 et
732 2559 1087 2606 Decretorum
1114 2558 1448 2622 generalium
1485 2577 1506 2602 «
1530 2557 1594 2605 de
1620 2558 1793 2621 prohi-

159 2643 362 2691 bitione
412 2659 475 2690 ac
525 2658 750 2690 censura
792 2642 1051 2690 librorum
1078 2662 1125 2700 »‚
1167 2644 1309 2689 inter
1347 2657 1478 2705 quos
1516 2657 1792 2705 percurres

161 2727 357 2788 magno
397 2741 519 2772 cum
558 2724 737 2771 fructu
777 2723 1237 2772 Commentariun]
1277 2722 1431 2771 Card.
1467 2722 1705 2771 Gennari
1739 2727 1793 2771 et

285 2876 292 2896 ¹
322 2874 399 2909 Leo
424 2873 538 2908 XIII.
566 2875 611 2907 25
634 2873 718 2906 Jan.
749 2873 851 2907 1897.
