1965 3240
523 184 605 219 Trr.
632 182 762 218 XXX.
791 202 805 208 -
831 182 887 217 De
908 185 992 227 piis
1018 182 1324 224 fundationibus
1668 181 1736 215 577

110 319 192 364 que
224 305 384 348 onerosi
418 302 469 346 do
503 308 547 345 ut
578 300 731 360 facias,
771 302 856 357 qui,
896 305 937 343 ut
976 300 1076 343 alias
1119 300 1316 353 diximus,
1345 306 1405 344 est
1445 303 1737 344 innominatus.

110 375 290 432 Nempe:
325 374 377 418 do
410 386 568 417 annuos
612 372 781 428 reditus,
816 374 1128 428 praesupposita
1163 372 1384 415 dotationis
1426 372 1659 426 collatione,
1696 377 1739 416 ut

111 448 236 490 facias
267 445 428 488 adnexa
462 456 587 487 onera
621 442 851 499 adnnptere
886 455 957 498 ρει·
990 446 1028 485 te
1064 445 1192 498 ipsam
1221 442 1282 485 vot
1319 444 1502 486 fortassis
1527 456 1599 499 per
1622 444 1737 487 alios.

111 517 286 573 Exurgit
318 515 414 558 inde
449 517 628 558 iustitiae
661 513 870 570 obligatio,
906 515 959 556 ita
1005 518 1047 556 ut
1080 513 1276 557 oneribus
1316 527 1393 556 non
1429 514 1665 570 adimpletis
1699 516 1736 555 in

111 592 194 631 toto
230 586 292 629 vel
327 587 365 628 in
401 590 528 642 parte,
565 585 720 628 reditus
753 583 950 627 annuales
985 586 1022 625 in
1059 589 1140 626 toto
1180 584 1240 627 rel
1279 598 1350 640 pro
1386 589 1470 627 rata
1505 588 1738 628 omissionis

112 670 190 701 non
225 658 506 714 acquirantur,
530 660 569 699 et
604 654 730 698 vetuti
766 669 829 698 res
851 654 982 697 aliena
1018 660 1227 711 nequeunt
1264 657 1445 710 retineri,
1470 656 1540 698 sed
1577 658 1614 698 in
1640 669 1735 699 con-

111 729 282 771 scientia
317 726 513 784 nulloque
537 727 850 782 praesupposito
882 724 1035 768 debent
1074 725 1204 768 reddi.
1235 724 1388 768 Immo:
1428 726 1579 769 cedunt
1613 726 1735 769 iidem

114 798 270 842 reditus
304 799 490 853 personis
533 795 728 853 physicis,
762 808 869 853 quae
911 808 1036 839 onera
1071 795 1137 839 illa
1183 795 1354 852 implent
1389 810 1461 853 pro
1495 796 1634 840 debito
1667 800 1736 840 sti-

113 868 261 925 pendio
301 870 413 911 iuxta
456 867 708 910 fundationis
741 867 1145 922 determinationem,
1180 866 1244 910 vel
1289 866 1365 910 hac
1409 867 1642 920 deficiente,
1674 881 1735 911 se-

111 940 294 985 cundum
327 952 380 982 ss.
404 951 584 982 canones
620 938 683 981 vel
708 943 858 981 statuta
883 940 1118 995 Superioris
1152 937 1348 994 legitimi3
1375 942 1533 982 retenta
1558 940 1739 983 fortassis

114 1011 276 1055 illorum
312 1014 427 1067 parte
462 1012 575 1052 iuxta
609 1009 774 1052 easdem
812 1009 1066 1052 voluntatem
1100 1021 1147 1052 ac
1171 1022 1337 1053 normas
1371 1012 1408 1052 in
1434 1011 1620 1053 favorem
1648 1025 1736 1067 ρει·-

113 1095 237 1127 sonae
272 1081 451 1134 moralis,
486 1083 552 1124 cui
585 1080 747 1124 adnexa
781 1083 832 1123 sit
880 1079 947 1123 illa
981 1080 1179 1132 fundatio,
1215 1084 1254 1123 et
1296 1083 1480 1124 curantis
1513 1095 1585 1137 per
1617 1096 1735 1125 suum

114 1155 392 1210 Superiorem,
429 1156 630 1195 rectorem
682 1151 745 1194 vel
788 1151 1164 1194 administratorem
1200 1151 1364 1207 plenum
1400 1165 1573 1195 onerum
1608 1153 1738 1196 adim-

115 1224 382 1282 plementum;
418 1225 535 1280 queis
568 1222 763 1279 obligatio
798 1222 865 1265 illa
900 1222 1114 1278 multiplex
1149 1235 1198 1264 ex
1233 1223 1387 1266 institia
1421 1225 1619 1267 imminet.

233 1295 330 1338 4632
357 1297 433 1340 lus
457 1296 703 1340 Ordinarii
728 1296 821 1340 loci
845 1293 895 1336 ad
915 1294 996 1336 duo
1017 1293 1268 1350 perficienda
1287 1296 1473 1337 enuntiat
1495 1309 1585 1337 ean.
1606 1297 1739 1339 1545.

114 1365 214 1410 Loci
251 1364 477 1409 Orclinarii
509 1365 558 1408 ad
586 1378 772 1407 normam
807 1377 896 1408 can.
923 1365 1018 1419 198,
1041 1364 1069 1422 ξ
1102 1364 1124 1407 2
1159 1370 1220 1407 est
1253 1367 1315 1408 ius
1349 1365 1616 1422 obligatorias
1650 1380 1741 1410 nor-

114 1451 204 1480 mas
237 1436 453 1493 generales
488 1436 552 1479 vel
586 1436 786 1492 speciales
821 1435 1164 1492 proquibusdam
1199 1435 1508 1480 fundationibus
1528 1438 1739 1495 praeseri·

115 1507 221 1562 bere,
253 1509 343 1550 sive
381 1509 459 1550 «in
494 1507 698 1563 Synodo»
736 1507 979 1550 dioecesana
1015 1506 1123 1562 (can.
1149 1507 1262 1563 362),
1296 1509 1385 1550 sive
1418 1512 1534 1551 extra
1568 1522 1673 1564 eam,
1699 1509 1739 1566 a)

117 1577 167 1620 de
198 1577 308 1621 dolis
341 1577 580 1635 quantitate
613 1577 747 1621 dictae
786 1577 930 1621 «bona
966 1577 1248 1633 temporalia»
1288 1580 1324 1620 in
1359 1591 1449 1623 can.
1483 1579 1610 1634 1544,
1641 1582 1668 1636 g
1703 1580 1739 1634 1,

116 1647 234 1706 infra
257 1662 378 1706 quam
403 1648 526 1691 veluti
548 1648 719 1691 limitem
741 1650 976 1691 inferiorem
995 1647 1068 1706 pia
1086 1647 1284 1705 fundatio
1302 1649 1512 1706 quaelibet
1532 1652 1569 1693 in
1589 1663 1742 1707 genere

118 1718 182 1762 vel
204 1721 241 1761 in
261 1721 412 1775 specie,
431 1720 510 1762 iam
532 1720 569 1761 in
591 1731 726 1774 praec.
746 1732 835 1762 can.
854 1719 1021 1762 delinita
1041 1717 1212 1761 admitti
1230 1725 1407 1776 nequeat
1431 1733 1505 1763 nec
1527 1720 1648 1766 licite,
1669 1734 1742 1765 nec

119 1789 254 1832 valide
287 1789 339 1832 ob
370 1791 582 1846 sequentis
604 1792 772 1832 canonis
806 1794 1003 1844 tenorem,
1028 1795 1067 1832 et
1086 1789 1122 1846 ὸ)
1144 1788 1194 1832 de
1216 1790 1306 1832 eius
1329 1791 1579 1834 fundationis
1604 1795 1742 1835 unius-

115 1862 316 1917 cuiusque
357 1858 578 1917 fructibus,
614 1873 687 1903 seu
725 1860 967 1903 «reditibus
1000 1863 1186 1903 annuis»
1227 1863 1264 1903 in
1309 1873 1398 1904 can.
1436 1874 1570 1918 praec.
1605 1862 1741 1905 decla-

116 1932 229 1985 ratis,
260 1929 344 1972 rite
375 1929 694 1985 distribuendis,
727 1944 824 1975 casu
858 1944 938 1988 quo
973 1931 1078 1974 desit
1111 1944 1304 1987 expressa
1342 1932 1571 1975 fundatoris
1611 1932 1744 1976 distri-

117 1999 230 2043 butio
264 2000 441 2043 illorum.
475 2000 523 2044 Et
558 2003 652 2058 quia
687 2015 736 2045 ex
773 2002 914 2058 regula
949 2004 1050 2045 iuris
1084 2003 1138 2045 80
1173 2005 1210 2044 in
1247 2003 1312 2045 6⁰:
1348 2003 1429 2045 «ln
1466 2008 1548 2045 toto
1584 2008 1742 2059 partem

116 2083 195 2113 non
230 2075 289 2113 est
323 2069 494 2113 dubium
529 2074 790 2127 contineri»,
816 2072 914 2115 illud
951 2074 1012 2115 ius
1043 2073 1241 2129 implicite
1274 2075 1457 2116 continet
1490 2072 1634 2116 eadem
1661 2074 1742 2117 duo

116 2142 155 2183 in
189 2140 363 2197 singulis
395 2141 705 2185 fundationibus
737 2148 776 2186 et
807 2142 972 2186 casibus
1006 2156 1220 2200 peragere.
1257 2143 1322 2186 lus
1370 2143 1447 2187 hoc
1491 2149 1551 2187 est
1585 2150 1741 2188 cetero-

115 2213 214 2269 quin
248 2225 490 2268 expressum
541 2215 578 2255 in
623 2219 752 2256 const.
793 2213 1007 2270 «Nuper»
1046 2217 1112 2258 cit.
1151 2228 1262 2257 num.
1296 2213 1328 2256 ll
1373 2214 1423 2257 ad
1472 2213 1526 2259 V:
1567 2215 1742 2258 «Posito

116 2282 224 2339 quod
259 2287 428 2326 testator
453 2283 659 2341 relinquat
683 2289 725 2327 ut
748 2284 1010 2328 celebrentur
1034 2299 1106 2342 pro
1130 2288 1218 2328 eius
1241 2287 1378 2328 anima
1401 2290 1567 2328 centum
1595 2288 1742 2329 missae

116 2354 171 2405 (et
202 2353 347 2396 eadem
381 2355 459 2396 erit
493 2356 595 2397 ratio
628 2355 679 2398 de
703 2355 793 2399 aliis
826 2355 1104 2400 functionibus
1127 2356 1450 2413 ecclesiasticis),
1474 2355 1630 2413 absque
1663 2356 1741 2399 ulla

119 2425 441 2480 praescriptione
465 2424 742 2482 elemosynae,
767 2429 994 2484 quaeritur,
1018 2440 1068 2470 an
1095 2427 1268 2470 liberum
1302 2429 1354 2470 sit
1392 2427 1616 2470 heredibus
1638 2427 1743 2470 elee-

120 2506 331 2550 mosynam
365 2494 441 2539 sibi
478 2495 716 2540 benevisam
752 2497 1048 2554 praescribere,
1082 2511 1132 2541 an
1170 2511 1268 2541 vero
1301 2498 1446 2541 eadem
1480 2498 1742 2554 eleemosyna

119 2564 435 2619 praescribenda
473 2566 592 2610 sitab
625 2564 1095 2612 Ordinario‘P—Sacra
1128 2568 1276 2625 Congr.
1321 2568 1491 2612 Cone-ilii
1526 2571 1741 2623 censuit,...

117 2646 206 2677 esse
238 2633 290 2677 ab
321 2636 514 2692 episcopo
550 2637 913 2692 praescribendam
946 2638 1253 2696 eleemosynam
1279 2651 1505 2695 congruam
1541 2651 1645 2695 quae
1682 2652 1740 2681 re-

117 2703 318 2761 spondeat
350 2706 546 2750 oneribus
579 2710 798 2751 missarum
831 2708 1188 2764 celebrandarum,
1221 2710 1451 2753 secundum
1493 2722 1648 2752 morem
1683 2711 1740 2752 ci-

122 2776 258 2817 vitatis
295 2774 356 2817 vel
393 2778 634 2831 provinciae
657 2793 696 2819 ιο.

239 2845 336 2888 464.
384 2848 638 2904 Requisita
683 2851 747 2894 ad
785 2851 916 2906 piam
962 2852 1299 2896 fundationem
1343 2855 1493 2893 statuta
1543 2854 1650 2898 sunt,
1694 2863 1743 2892 ne

124 2915 394 2972 «depereant
442 2919 533 2973 piae
581 2922 820 2962 testantium
871 2920 1117 2974 voluntates,
1167 2920 1363 2964 obstricta
1415 2919 1745 2963 benefactoribus

204 3005 302 3034 BLAT
323 3021 342 3027 -
368 3005 490 3035 Comm.
519 3007 604 3036 Text.
632 3007 707 3036 0001.
732 3008 805 3036 Iur.
832 3008 912 3037 Can.
1624 3009 1660 3037 37
