1965 3240
461 212 544 246 ΤιΤ.
571 212 659 247 ΧΧ.
686 232 699 237 -
726 212 783 247 De
811 214 911 247 verbi
937 214 1064 248 divini
1088 215 1382 258 praedit-atione
1668 219 1736 253 259

154 330 238 367 Cis.
270 328 373 366 1346.
405 351 421 355 -
449 334 468 372 ξ
506 331 534 366 1.
566 331 696 366 Curent
731 330 886 366 locorum

107 376 285 414 Ordinarii
313 383 349 413 ut
380 381 533 423 tempore
573 379 885 422 Quadi-agesimae,

108 426 270 471 itemque,
296 425 324 460 si
353 425 385 459 id
422 425 582 471 expedire
622 425 733 460 visum
766 426 880 465 suerit,

106 478 260 516 tempore
294 472 486 514 Adventus,
526 473 561 507 in
588 473 745 509 ecclesiis
770 473 885 508 cathe-

106 520 263 557 dralibus
288 525 321 555 et
342 519 593 566 paroecialibus
612 531 730 555 sacrae
750 520 884 555 concio-

108 579 168 604 nes
196 567 411 613 srequentius
437 567 480 602 ad
508 567 626 602 fideles
652 567 859 603 habeantur.

152 619 172 658 §
197 615 229 652 2.
247 614 414 650 Canonici
430 614 558 660 aliique
571 615 614 650 de
628 614 789 660 Capitulo
805 615 884 650 huic

106 662 276 703 concioni,
305 661 331 696 si
361 662 397 696 in
435 663 573 707 propria
606 662 750 697 ecclesia
777 663 885 697 conti-

107 721 176 746 nuo
208 714 282 755 post
316 710 459 745 chorum
499 709 680 750 habeatur,
722 711 886 745 iuteresse

106 762 280 796 tenentur,
311 757 378 791 nisi
408 757 497 792 iusto
524 757 774 802 impedimento
800 757 885 792 deti-

71 805 76 809 “
108 809 278 848 neantur;
319 809 350 839 et
389 804 466 840 illos
505 802 728 844 Ordinarius,
767 804 886 850 poenis

106 863 243 898 quoque
267 851 447 893 adhibitis,
476 851 520 886 ad
547 851 579 886 id
599 851 737 896 adigere
763 856 882 897 potest.

153 898 236 936 CAN.
268 898 368 933 1347.
401 918 417 926 -
445 902 464 945 ς’
495 899 522 932 1.
554 898 589 933 ln
618 899 724 934 sacris
750 899 887 934 concio-

107 946 210 982 nibus
235 947 441 992 exponenda
468 948 504 981 in
534 946 654 991 primis
680 951 763 981 sunt
797 957 885 992 quae

107 994 223 1029 fideles
261 994 400 1030 credere
438 998 471 1029 et
512 993 622 1028 facere
655 994 697 1028 ad
737 994 883 1029 salutem

105 1045 247 1088 oportet.

153 1089 230 1131 52.
272 1088 386 1124 Divini
426 1087 519 1123 verbi
559 1098 745 1134 praecones
778 1088 883 1123 absti-

961 336 1069 367 neant
1097 333 1250 377 profanis
1276 340 1333 368 aut
1360 335 1530 370 abstrusis
1547 347 1735 381 argumen-

962 379 1005 413 tis
1031 390 1254 415 communem
1282 382 1497 416 audientium
1525 389 1662 429 captum
1684 395 1737 419 ex—

959 426 1187 461 cedentibus:
1227 433 1259 462 et
1301 430 1538 472 evangelicum
1580 432 1736 466 ministe-

961 474 1052 508 rium
1080 485 1149 509 non
1179 475 1212 508 in
1243 477 1528 520 persuasibilibus
1563 478 1736 513 humanae

960 521 1153 566 sapientiae
1180 522 1304 563 verbis,
1333 534 1399 557 non
1430 524 1462 557 in
1500 526 1640 569 profano
1664 526 1735 559 ina-

961 568 1016 602 nis
1042 572 1075 603 et
1100 568 1306 604 ambitiosae
1331 570 1549 615 eloquentiae
1567 577 1734 617 apparatu

959 620 992 650 et
1020 615 1205 653 lenocinio,
1239 617 1296 650 sed
1325 617 1358 650 in
1379 619 1575 653 ostensione
1594 619 1736 664 spiritus

959 667 992 698 et
1020 663 1156 709 virtutis
1190 669 1382 703 exerceant,
1422 677 1489 699 non
1518 667 1733 711 semetipsos,

959 710 1017 745 sed
1046 708 1223 745 Christum
1250 711 1453 746 crucifixum
1484 713 1732 758 praedicantes.

1007 761 1026 799 ξ
1053 756 1086 791 3.
1116 756 1165 793 Si.
1195 758 1284 803 quod
1312 758 1415 801 absit,
1445 759 1667 794 concionator
1685 772 1735 795 er-

960 815 1053 840 rores
1078 810 1139 839 aut
1165 806 1329 840 scandala
1355 806 1567 845 disseminet,
1583 813 1736 843 servetur

961 852 1212 898 praescriptum
1252 863 1330 888 can.
1358 852 1473 893 231st
1503 854 1529 888 si
1564 854 1733 896 haereses,

959 900 995 934 in
1023 910 1101 934 eum
1140 905 1327 945 praeterea,
1363 901 1405 935 ad
1443 912 1599 935 normam
1637 903 1733 942 iuris,

958 951 1092 990 agatur.

1007 992 1091 1029 CAN.
1126 992 1225 1028 1348.
1258 1015 1273 1019 -
1296 994 1457 1030 Nlonendi
1477 1000 1509 1030 et
1528 995 1734 1031 adhortandi

958 1041 1147 1086 diligenter
1175 1041 1291 1077 fideles
1317 1046 1397 1077 sunt
1418 1047 1453 1077 ut
1472 1043 1579 1077 sacris
1605 1044 1737 1078 concio-

960 1088 1066 1123 nibus
1095 1089 1292 1134 srequenter
1319 1089 1494 1124 intersint.

226 1184 322 1228 215.
358 1185 615 1240 Inscriptio
640 1184 828 1240 Capitis
851 1187 899 1229 et
923 1198 1163 1230 canonum
1195 1186 1518 1230 coordinatio.
1540 1184 1734 1241 Sequitur

106 1255 457 1299 considerandum
497 1253 631 1312 Caput
665 1253 716 1297 ll.
755 1257 813 1297 lle
845 1255 981 1297 saeris
1016 1259 1183 1311 propter
1218 1258 1431 1299 materiam
1474 1260 1509 1298 et
1558 1260 1734 1312 potesta-

106 1331 188 1370 tem
223 1338 302 1383 qua
337 1327 453 1380 liunt,
506 1325 787 1379 concionibch
837 1339 909 1369 seu
959 1325 1137 1382 publicis
1186 1331 1354 1382 propter
1401 1329 1735 1369 circumstantem

109 1397 414 1441 multitudinem
451 1396 724 1440 discursibus.
758 1394 937 1449 Quinam
974 1410 1046 1453 pro
1080 1397 1259 1440 diversis
1291 1397 1391 1440 dare
1425 1400 1578 1453 possint
1613 1397 1737 1440 tacul-

107 1474 230 1512 tatem
265 1467 541 1511 concionandi
577 1468 849 1524 designantur
896 1480 986 1511 can.
1037 1467 1163 1521 1337,
1220 1468 1341 1520 1338,
1393 1481 1557 1511 normas
1591 1470 1627 1510 in
1663 1467 1737 1511 hac

108 1541 375 1583 concessione
408 1538 637 1582 servandas
672 1538 961 1595 praescribunt
984 1550 1073 1581 can.
1096 1539 1224 1591 1339,
1260 1539 1391 1592 1340,
1434 1543 1599 1595 propter
1636 1551 1737 1596 quas

105 1610 366 1655 subnectitur
400 1623 489 1653 can.
531 1609 634 1652 1341
660 1610 710 1652 116
744 1623 806 1660 eo,
831 1612 899 1666 qui
927 1623 998 1666 pro
1022 1622 1194 1653 casuum
1219 1610 1459 1653 diversitate
1495 1614 1601 1665 petat
1626 1609 1734 1652 illam

106 1681 358 1735 facultatem,
393 1685 433 1724 et
465 1693 554 1724 cau.
595 1680 704 1723 1342
740 1681 790 1724 de
826 1680 893 1723 illo
930 1694 1002 1737 pro
1052 1694 1133 1738 quo
1184 1683 1262 1737 peti
1313 1685 1448 1737 queat.
1486 1679 1541 1723 De
1575 1683 1736 1723 concio-

108 1752 227 1796 nibus
262 1751 463 1795 habendis
496 1756 681 1794 statnunt
715 1764 804 1794 can.
844 1751 1108 1806 1343-1346,
1147 1756 1266 1808 prout
1314 1751 1387 1794 bae
1421 1750 1652 1794 habeantur
1684 1750 1734 1794 ab

106 1824 308 1881 Episcopo
345 1822 406 1866 vel
441 1836 582 1866 coram
617 1836 677 1878 eo,
713 1835 733 1865 a
770 1822 974 1879 parochis,
1001 1825 1038 1865 in
1065 1823 1211 1877 Missis,
1239 1822 1299 1865 vel
1326 1827 1510 1878 tempore
1549 1822 1734 1876 Quadra-

106 1892 288 1951 gesimae
321 1898 360 1936 et
393 1893 634 1947 Advenius3
669 1893 719 1936 de
753 1893 1024 1937 concionibus
1061 1907 1159 1936 vero
1194 1908 1265 1949 pro
1300 1893 1463 1936 diversa
1490 1906 1629 1936 earum
1659 1905 1737 1935 ma-

107 1967 207 2008 teria
243 1970 302 2008 est
336 1978 425 2009 can.
467 1964 573 2007 1347
609 1969 647 2007 et
684 1964 852 2007 ultimus
886 1977 975 2009 can.
1017 1964 1124 2007 1348
1158 1964 1208 2006 116
1245 1965 1468 2006 monitione
1508 1976 1553 2005 ac
1587 1962 1734 2005 adhor—

108 2037 260 2079 tatione
295 2035 495 2079 tidelium.

227 2107 323 2150 216.
357 2109 640 2153 Necessitas
678 2109 927 2153 missionis
960 2109 1025 2152 ad
1059 2108 1326 2163 legitimum
1352 2106 1733 2161 praedicationis

106 2180 440 2224 ministerium.
473 2176 595 2221 Cone.
631 2177 741 2221 Trid.
778 2178 790 2200 ¹
825 2178 1036 2221 definivit:
1079 2193 1097 2215 «
1122 2179 1160 2219 51
1202 2179 1292 2233 quis
1325 2177 1532 2222 dixerit...
1558 2189 1640 2225 eos,
1664 2166 1732 2231 qui

107 2261 181 2292 nec
214 2248 265 2292 ab
299 2247 578 2292 ecclesiastica
613 2253 652 2292 et
685 2238 884 2292 canonica
931 2253 1131 2305 potestate
1173 2250 1246 2290 rite
1290 2247 1479 2299 ordinati,
1516 2259 1588 2287 nec
1625 2244 1732 2287 missi

105 2324 211 2367 sunt,
245 2320 316 2362 sed
351 2318 518 2362 aliunde
556 2321 740 2374 veniunt,
775 2319 981 2375 legitimos
1024 2332 1113 2362 esse
1161 2317 1272 2361 verbi
1309 2323 1344 2360 et
1379 2320 1731 2359 sacramentorum

108 2392 338 2444 ministros;
373 2390 592 2433 anathema
626 2393 677 2433 sit
702 2406 740 2434 )).
776 2390 875 2433 ltem
912 2393 950 2432 in
983 2390 1105 2433 Conc.
1152 2390 1451 2431 (Ionstantiensi
1488 2389 1564 2429 iam
1600 2388 1732 2428 fuerat

107 2461 300 2504 damnata
326 2474 439 2518 prop.
470 2461 518 2504 14
545 2461 597 2504 11).
625 2460 797 2504 Wicleff
814 2463 1025 2518 sequentis
1049 2462 1224 2503 tenoris:
1251 2476 1268 2498 «
1292 2458 1396 2501 Licet
1417 2457 1538 2500 alicui
1559 2458 1732 2499 diacono

111 2531 172 2574 vet
208 2531 450 2588 presbytero
500 2532 742 2588 praedicare
795 2531 967 2575 verbum
1019 2531 1089 2574 Dei
1140 2531 1295 2587 absque
1340 2531 1582 2571 anctoritate
1616 2528 1732 2570 Sedis

106 2602 367 2659 Apostolicae
400 2605 488 2645 sive
523 2602 712 2659 Episcopi
761 2602 1018 2646 catholici».
1054 2627 1108 2632 —
1143 2602 1344 2643 Consonat
1389 2600 1597 2641 danmatio
1632 2598 1730 2640 haec

107 2676 236 2716 textui
280 2685 368 2729 cap.
407 2673 471 2728 13,
505 2672 545 2730 ξ.
585 2689 604 2714 (1
629 2674 733 2728 Quia
773 2687 870 2716 vero
894 2690 913 2714 »
956 2673 1011 2716 De
1047 2672 1278 2715 haereticis.
1302 2670 1361 2721 (Υ.
1388 2671 1454 2725 7);
1495 2685 1513 2709 1(
1549 2667 1729 2710 nonnulli

106 2743 182 2787 sub
214 2746 351 2800 specie
385 2746 558 2800 pietatis,
597 2746 790 2788 virtutem
827 2747 915 2787 eius
950 2743 1080 2800 (iuxta
1116 2744 1222 2800 quod
1261 2740 1477 2797 Apostolus
1500 2739 1573 2794 ait)
1608 2738 1730 2780 abne-

107 2819 263 2871 gantes⁷
286 2817 574 2858 auctoritatem
599 2814 676 2858 sibi
703 2815 913 2858 vindicant
940 2813 1229 2870 praedicandi:
1256 2826 1347 2854 cum
1376 2811 1481 2852 idem
1509 2808 1729 2864 Apostolus

226 2969 237 2988 1
265 2966 366 3001 Sess.
396 2966 548 3008 XXIII,
578 2978 662 3000 can.
692 2967 725 3002 7.
