1965 3240
1742 193 1761 202 ,-

530 189 615 224 ΤῙΤ.
643 189 735 224 XII.
765 210 776 215 -
804 189 861 225 De
885 191 1089 234 sepultura
1115 192 1368 226 ecelesiastica
1697 195 1757 226 lli

137 309 311 363 gratiam
346 320 470 365 quam
517 310 714 365 poposcit,
752 321 831 351 non
866 310 1004 351 amisit
1029 309 1055 349 ¹.
1103 308 1211 351 Talis
1249 314 1383 352 autem
1430 310 1635 354 decedens
1684 325 1760 354 non

135 380 273 421 statim
308 381 497 435 pervenit
531 379 580 422 ad
619 381 744 422 vitam
778 384 1004 433 aeternam,
1038 379 1107 422 sed
1144 382 1321 435 patietur
1361 394 1531 436 poenam
1569 395 1640 437 pro
1676 395 1764 438 pec-

136 451 238 492 catis
272 451 524 505 praetei·ilis;
560 452 646 506 ipse
679 455 815 493 tamen
851 449 992 492 salvus
1036 450 1116 492 erit
1160 450 1220 492 sie
1257 451 1379 507 quasi
1419 465 1495 508 pei·
1535 451 1683 506 iynem,
1722 462 1763 495 ut

136 519 288 563 dicitur
321 519 357 577 (l
391 520 441 564 ad
475 518 566 564 Cor.
602 519 669 574 111,
705 519 748 577 ὃ)
775 538 810 565 »,
845 520 934 564 Hac
978 520 1028 563 de
1072 533 1194 564 causa
1241 518 1386 564 merito
1420 524 1473 564 ait
1506 524 1534 580 ς’
1566 529 1609 565 3.
1647 522 1762 565 Cale·

136 588 341 645 ehumeni,
376 603 547 647 nempe:
583 592 771 638 instructi
805 592 843 633 in
880 591 975 634 tidei
1012 590 1309 647 principalibus
1354 595 1575 647 mysteriis,
1611 593 1681 650 qni
1713 594 1762 637 ad

139 660 386 717 baptismum
421 661 713 717 disponuntur,
737 666 775 705 et
798 661 920 704 nulla>
942 675 1019 704 sna
1044 661 1166 719 calpa
1200 663 1335 719 quoad
1373 662 1476 705 lianc
1501 666 1762 707 omissionem

136 731 228 774 sine
273 731 494 789 baptismo,
540 745 663 789 quem
714 737 811 775 tunc
859 732 1118 776 desiderasse
1162 746 1256 775 cum
1294 733 1562 776 fundamento
1597 748 1763 789 praesu-

138 807 320 857 muntur,
369 802 626 857 moriantur,
674 802 900 861 baplizalis
948 802 1196 846 accensendi
1244 809 1354 857 sunl,
1404 804 1530 846 idest:
1582 807 1635 847 uti
1688 818 1763 847 non

136 872 425 929 comprehensi
469 872 546 917 sub
586 873 614 932 ἓ
652 873 705 917 1⁰.
748 877 834 917 Hoc
874 873 997 917 modo
1040 873 1212 917 dederat
1255 887 1497 930 responsum
1544 874 1677 917 innoc.
1714 875 1762 917 lll

135 942 339 1000 Episcopo
372 943 641 987 Cremonensi
666 945 694 999 ²,
729 946 998 1001 praemittens
1030 944 1253 987 adductam
1278 944 1533 987 doctrinam:
1573 959 1593 984 «
1617 946 1766 1001 Sopitis

137 1016 263 1070 igitur
294 1013 606 1072 quaestionibus
639 1014 880 1070 Doctorum,
916 1014 1081 1058 Pati-um
1115 1017 1340 1058 sententias
1375 1019 1524 1058 teneas:
1560 1019 1599 1058 et
1633 1017 1669 1057 in
1700 1028 1765 1058 ec-

136 1085 260 1130 clesia
294 1090 362 1128 tua
396 1087 513 1142 iuges
546 1099 702 1142 preces,
736 1085 974 1143 hostiasque
1007 1084 1092 1128 Deo
1135 1085 1272 1128 osserri
1312 1084 1455 1128 iubeas
1489 1099 1561 1141 pro
1596 1085 1764 1142 presby-

136 1162 223 1200 tero
258 1161 499 1200 memorato.
533 1156 721 1200 Scilicet:
763 1169 929 1213 «quem
962 1158 1050 1199 sine
1084 1156 1192 1199 unda
1228 1155 1498 1212 baptismatis,
1533 1160 1764 1200 extremum

136 1228 246 1271 diem
281 1226 477 1270 clausisse
510 1227 754 1283 significasti
779 1243 817 1270 )).

257 1299 282 1351 ἓ
314 1298 351 1342 3.
390 1296 542 1340 Omnes
575 1297 793 1356 baptizati,
826 1301 921 1357 quia
965 1301 1075 1357 (can.
1118 1300 1192 1355 87)
1239 1313 1336 1343 vero
1374 1313 1446 1342 seu
1483 1299 1620 1342 valido
1658 1299 1764 1343 «ba-

136 1370 327 1424 ptismate
360 1367 484 1412 homo
516 1371 782 1413 constituitur
806 1372 844 1412 in
874 1369 1059 1414 Ecclesia
1082 1368 1232 1414 Christi
1259 1382 1431 1426 persona
1457 1383 1550 1413 cum
1577 1369 1767 1413 omnibus

135 1437 455 1482 christianorum
491 1439 652 1483 iuribus
675 1456 713 1495 1),
760 1440 981 1498 sepultura
1028 1440 1314 1484 ecelesiastica
1365 1441 1637 1484 «secundum
1675 1455 1765 1497 pro-

137 1511 268 1566 priam
305 1509 528 1553 verborum
562 1512 909 1567 significationem
934 1528 954 1553 ))
994 1511 1101 1568 (can.
1139 1511 1211 1569 13)
1235 1512 1284 1555 ad
1311 1525 1497 1556 normam
1523 1525 1612 1556 can.
1640 1512 1765 1567 1204,

136 1579 325 1623 donandi
355 1586 453 1623 sant
487 1586 656 1638 propter
688 1584 752 1635 ius
784 1582 834 1625 ad
869 1595 976 1636 eam,
1016 1582 1100 1626 nisi
1144 1582 1285 1625 eadem
1322 1598 1344 1625 a
1380 1583 1474 1625 iare
1510 1582 1686 1636 Codicis,
1719 1596 1766 1626 eo

135 1651 244 1708 quod
280 1665 477 1709 eoepresse
505 1652 730 1710 priventur
763 1655 940 1710 proprie
979 1658 1118 1710 utpote
1152 1654 1202 1697 de
1239 1668 1280 1697 re
1314 1654 1495 1711 alioquin
1536 1654 1687 1698 debita.

256 1723 351 1766 101.
394 1725 707 1771 Privationes
755 1727 1040 1782 sepulturae
1072 1727 1444 1771 ecclesiasticae
1474 1740 1506 1771 a
1549 1727 1652 1771 iure
1684 1739 1764 1771 ex-

136 1807 342 1850 pressae
374 1795 512 1837 statim
545 1793 855 1851 subiunguntur
888 1809 1032 1839 omnes
1071 1809 1144 1852 pei·
1186 1809 1276 1838 ean.
1312 1798 1444 1838 1940.
1478 1795 1506 1853 ξ
1540 1796 1581 1840 I.
1625 1794 1766 1838 Eccle-

136 1863 313 1906 siastiea
345 1863 566 1922 sepultura
601 1869 643 1908 ut
676 1878 801 1922 supra
832 1865 1077 1923 privantur,
1110 1865 1186 1910 sub
1219 1868 1407 1923 sequenti
1426 1866 1663 1909 conditione
1686 1868 1767 1908 sin-

137 1934 245 1991 gulis
277 1935 441 1979 casibus
474 1937 599 1979 etiam
632 1936 709 1980 sub
743 1938 802 1980 n.⁰
838 1937 881 1979 40
915 1937 1118 1994 aptanda:
1153 1937 1239 1980 nisi
1282 1943 1379 1980 ctnle
1415 1942 1586 1980 mortem
1622 1936 1767 1994 aliqua

136 2004 331 2048 dederint
378 2019 550 2063 nempe:
599 2019 890 2065 quaecumque
934 2007 1227 2066 poenitenliae
1274 2008 1324 2051 de
1363 2020 1485 2051 causa
1520 2009 1767 2064 privationis

138 2088 237 2120 vera
270 2077 424 2121 iudicio
457 2078 675 2134 prudentis
707 2078 846 2136 siqna.

256 2151 297 2191 1⁰
331 2147 501 2193 Notorii
532 2151 622 2192 sive
662 2168 678 2188 (ι
705 2153 950 2193 notorietate
984 2152 1129 2193 iuris»
1167 2151 1257 2193 sive
1297 2165 1316 2190 «
1341 2151 1585 2193 notorietate
1609 2149 1704 2192 sacti
1728 2164 1765 2190 )).

137 2217 245 2275 (can.
283 2219 410 2273 2197,
446 2219 504 2275 ⁶2⁰,
541 2219 603 2277 3⁰)
638 2233 744 2278 quae
777 2220 958 2264 conditio
992 2234 1072 2264 non
1107 2221 1181 2264 suit
1214 2233 1409 2277 expressa
1443 2222 1481 2262 in
1518 2219 1598 2263 Rit.
1632 2219 1763 2272 Rom„

137 2288 178 2346 a)
212 2294 435 2347 apostalae
467 2304 492 2333 a
526 2290 763 2334 christiana
812 2291 905 2348 fide,
955 2305 1027 2335 seu
1077 2294 1145 2349 qui
1195 2307 1215 2332 ((
1238 2291 1289 2335 ab
1333 2291 1400 2334 illa
1440 2290 1620 2334 totalIter
1654 2303 1765 2333 rece-

137 2360 283 2404 dunt»
322 2361 431 2417 (can.
468 2362 596 2417 1325,
628 2362 657 2420 g
690 2361 749 2420 2),
784 2361 826 2419 b)
867 2376 945 2406 non
984 2363 1148 2415 sufficit,
1194 2367 1237 2406 ut
1276 2364 1313 2405 in
1360 2362 1436 2405 Rit.
1481 2361 1612 2415 Rom„
1657 2361 1763 2418 quod

137 2431 264 2489 aliqui
297 2434 378 2476 sint
416 2448 437 2474 ((
459 2432 671 2489 haeretici,
706 2446 935 2491 eorumque
969 2435 1150 2477 fautores
1172 2449 1192 2474 ))
1222 2434 1249 2488 ³,
1274 2433 1344 2476 sed
1371 2437 1444 2475 ant
1466 2437 1603 2474 sectae
1627 2430 1767 2474 liaere-

141 2503 262 2556 tieae,
298 2508 515 2560 propterea
549 2504 659 2562 quod
693 2504 796 2548 haec
835 2504 1060 2562 «aliquam
1095 2518 1143 2548 ex
1182 2503 1425 2547 veritatibus
1459 2503 1539 2546 tide
1563 2505 1703 2546 divina
1728 2507 1765 2545 et

138 2573 340 2617 catholica
375 2574 595 2618 credendis
627 2574 850 2631 denegat»
890 2575 998 2632 (can.
1040 2575 1167 2631 1325,
1198 2576 1226 2633 ᾗ
1260 2574 1317 2631 Ξ),
1364 2574 1423 2616 rel
1460 2572 1766 2622 seln'smate‘eae,

140 2657 187 2688 eo
220 2644 330 2702 quod
365 2644 433 2688 illa
473 2644 685 2689 «subesse
720 2647 855 2689 renuit
897 2646 1068 2689 Summo
1115 2646 1299 2689 l'ontitici
1333 2649 1400 2687 aut
1436 2657 1529 2687 cum
1571 2642 1767 2686 membris

138 2714 348 2759 Ecclesiae
381 2717 417 2759 ei
451 2715 648 2759 subiectis
680 2719 991 2761 communicare
1024 2721 1231 2760 recusat»
1271 2715 1367 2772 (loc.
1400 2714 1502 2770 cit),
1537 2719 1610 2756 aa!
1632 2718 1768 2755 seclae

142 2786 412 2838 massonime,
449 2799 556 2845 quae
588 2789 647 2831 sic
680 2787 915 2844 appelletur
957 2790 1124 2831 nomine
1172 2789 1366 2843 generice
1400 2785 1550 2828 aliisve
1582 2784 1763 2827 eiusdem

258 2893 270 2915 ¹
297 2892 344 2926 D.
382 2892 453 2926 Th.
486 2892 546 2927 III
572 2893 615 2927 P.
645 2905 680 2938 q.
710 2893 879 2928 LXVIII
905 2905 938 2928 a.
967 2894 989 2927 ‘2
1015 2905 1047 2928 c.
1076 2898 1116 2928 et
1142 2893 1189 2927 ad
1215 2894 1278 2926 2¹¹².
1304 2906 1350 2921 ‹⁶-
1377 2892 1390 2913 2
1409 2892 1499 2935 Cap.
1520 2893 1541 2924 ‘2
1568 2907 1580 2920 «
1600 2890 1645 2925 de
1666 2902 1766 2935 pres-

139 2937 278 2984 bytero
304 2951 383 2974 non
409 2939 642 2985 baptizato»
674 2941 738 2975 tit.
767 2941 826 2982 43,
854 2941 941 2975 Lib.
970 2941 1042 2975 ΙΙΙ.
1072 2960 1114 2967 -
1142 2941 1156 2962 3
1180 2940 1260 2974 Tit.
1295 2939 1342 2973 VI
1371 2939 1459 2983 Cap.
1490 2938 1540 2972 II.
