1965 3240
189 114 258 148 374
450 112 532 147 Lm.
560 112 631 146 III.
661 133 672 137 -
700 112 809 147 PARS
834 112 899 146 IV.
926 132 938 137 -
965 112 1021 147 De
1046 114 1269 156 mayz’sterz‘o
1295 112 1545 146 ecclesiastico

189 231 394 283 canonici,
417 236 456 273 et
487 229 796 288 philosophiae,
831 230 957 273 idest:
997 246 1018 269 α
1040 231 1078 271 in
1113 228 1342 284 disciplinis
1367 228 1673 285 philosophicis,
1697 228 1809 271 theo-

190 302 334 358 logicis
366 306 405 345 et
439 302 668 344 iuridicis»
705 307 812 357 (can.
848 300 975 349 1366)
1008 299 1057 342 ad
1092 311 1279 342 normam
1317 305 1469 354 praec.⁸
1495 299 1738 356 disciplinae
1773 301 1810 341 in

188 372 298 415 Motu
334 387 394 429 pr.
427 372 514 416 cit.⁰
548 371 660 428 (ante
685 385 797 421 nuni.
824 370 896 420 Lm)
929 370 972 412 in
997 369 1262 423 Seminariis,
1286 370 1356 412 sed
1391 369 1664 413 disiunctive:
1688 369 1813 412 initio

189 442 409 487 cuiuslibet
451 442 555 485 anm
596 441 840 485 scholastici
888 443 999 484 iuxta
1050 439 1373 483 declarationem
1422 441 1460 484 S.
1494 439 1536 484 C.
1571 438 1761 484 Consisl.⁸
1784 439 1812 481 1.

195 531 216 557 ‹(
240 514 286 559 V.
321 514 382 558 An
417 516 636 571 quotannis
669 513 866 557 Doctores
890 515 927 555 in
963 512 1204 555 Seminariis
1236 516 1453 554 teneantur
1486 515 1658 566 textum,
1692 523 1814 568 quem

189 585 266 629 sihi
291 588 466 643 quisque
491 588 528 627 in
554 584 740 628 docendo
772 585 1044 640 proposuerit,
1073 581 1134 625 vel
1169 582 1407 625 tractandas
1429 584 1704 639 quaestiones,
1728 583 1816 624 sive

193 657 342 711 theses,
377 656 591 712 Episcopis
624 655 837 705 exhihere,
874 654 1002 710 (nunc
1035 656 1131 711 quia
1171 652 1443 708 «Episcopus
1476 652 1526 695 de
1564 652 1641 695 hoc
1673 651 1817 695 sedulo

196 728 414 785 vigilare»
453 725 558 784 [can.
593 726 720 779 1357,
753 726 780 783 g
814 725 852 783 2]
892 723 1072 780 tenetur)
1107 728 1146 766 et
1180 725 1346 766 ineunte
1380 735 1485 766 anno
1529 722 1815 765 iusiurandum

196 799 327 842 dare?
361 798 421 841 Ad
461 797 502 839 V.
542 813 562 838 «
585 798 833 840 affirmative
858 812 895 850 »,
930 795 1000 838 sed
1037 807 1145 837 nunc
1177 794 1384 837 sufficeret
1430 793 1490 836 cel
1521 793 1669 836 saltem
1693 792 1817 835 initio

197 869 379 926 suscepti
403 867 813 925 materteris,quamvis
846 866 921 909 loci
946 863 1194 909 Ordinarius
1228 869 1363 921 posset
1396 864 1494 907 illud
1522 862 1818 920 praescribere,

200 940 236 997 l)
272 953 411 983 omnes·
442 937 714 996 promovendi
747 936 802 979 od
835 935 1025 979 ordinem
1062 934 1404 986 subdiaconatus,
1441 934 1503 977 vel
1541 934 1590 976 ad
1635 934 1819 989 superio·

201 1025 285 1054 rem
320 1013 351 1053 si
387 1016 482 1053 tunc
523 1009 632 1052 illam
667 1010 896 1059 omiserint,
929 1007 978 1050 ad
1015 1019 1202 1049 normam
1239 1008 1276 1049 in
1322 1005 1431 1048 Motu
1466 1019 1525 1062 pr.
1559 1005 1647 1048 cit.⁰
1682 1004 1739 1062 (n.
1772 1003 1819 1061 1),

205 1102 220 1121 «
248 1095 423 1140 quorum
458 1080 632 1136 singulis
664 1084 782 1123 aulea
829 1078 1014 1121 tradatur
1048 1077 1210 1134 (saltem
1257 1076 1520 1120 laudabiliter
1563 1077 1618 1131 fit,
1655 1087 1820 1131 praece-

201 1159 313 1210 ptum
348 1154 455 1195 enim
504 1164 583 1194 non
621 1150 786 1193 videtur
819 1149 1007 1205 manere)
1042 1148 1255 1204 exemplar
1288 1152 1374 1191 tum
1415 1148 1679 1204 professionis
1713 1146 1823 1200 fidei,

201 1231 285 1268 tum
322 1222 522 1266 formulae
546 1221 693 1264 edendi
730 1220 958 1264 iusiurandi
985 1220 1053 1276 (de
1077 1233 1158 1277 quo
1183 1218 1306 1275 int'ra)
1332 1223 1375 1261 ut
1398 1231 1467 1261 eas
1490 1222 1682 1261 accurate
1707 1229 1822 1273 prae-

201 1299 385 1348 noscant,
419 1293 578 1336 adiecta
617 1292 756 1334 violati
793 1291 1036 1346 iusiurandi,
1073 1296 1114 1333 ut
1149 1291 1267 1341 infra,
1302 1292 1571 1332 sanctione».
1596 1288 1824 1333 Subiiciun-
1882 1332 1889 1339 ,
1931 1294 1935 1336 ἓ

200 1371 267 1410 tur
313 1367 481 1409 canonis
523 1363 763 1419 obligationi
797 1375 819 1405 a
852 1362 1024 1406 Codice:
1074 1360 1116 1418 g)
1141 1360 1343 1404 lttn‘orum
1377 1373 1578 1414 censores,
1605 1359 1655 1402 de
1678 1358 1824 1416 quibus

201 1442 337 1481 actum
382 1441 441 1479 est
486 1436 525 1478 in
561 1449 650 1477 can.
687 1436 829 1483 1393,·
861 1433 904 1489 h)
937 1432 1190 1485 sacerdotes,
1226 1434 1294 1488 qui
1344 1431 1460 1474 «soli
1505 1435 1599 1474 sunt
1643 1432 1816 1473 ministri

203 1510 324 1552 huius
355 1508 603 1551 sacramenti
628 1521 646 1546 w
685 1505 792 1561 (can.
827 1503 929 1560 871)
964 1502 1294 1562 confessionibus
1322 1501 1580 1559 excipiendis
1603 1500 1823 1554 destinati,

205 1580 383 1623 scilicet:
424 1580 535 1634 «qui
571 1577 706 1619 idonei
757 1589 829 1631 per
863 1588 1036 1618 examen
1083 1576 1234 1630 reperti
1270 1575 1434 1627 fuerint,
1469 1574 1545 1615 nisi
1589 1576 1735 1628 agatur
1777 1571 1827 1614 (le

206 1650 459 1694 sacerdote»
487 1653 593 1696 (can.
619 1648 716 1701 877,
740 1650 765 1701 ξ
802 1646 839 1703 1)
875 1650 1061 1702 excepto,
1103 1646 1130 1702 i)
1155 1650 1193 1687 et
1226 1644 1340 1687 sacri
1372 1643 1686 1686 concionatores
1714 1641 1826 1685 «soli

207 1721 442 1765 sacerdotes
477 1719 539 1762 vel
575 1719 781 1762 diaconi»
822 1721 931 1771 (can.
968 1716 1093 1767 1342,
1125 1715 1152 1772 ξ
1188 1716 1240 1770 1),
1274 1727 1367 1757 nam
1412 1713 1679 1771 subsequitur
1723 1715 1827 1756 sicut

208 1795 245 1834 in
281 1791 388 1834 Motu
425 1804 483 1846 pr.
508 1790 594 1833 cit.O
619 1791 671 1842 (n.
698 1788 763 1846 ll),
797 1795 1020 1845 antequam
1052 1786 1273 1842 facultate,
1305 1798 1410 1843 quae
1448 1787 1484 1827 vi
1519 1785 1697 1827 nominis
1738 1796 1828 1840 pro-

211 1866 297 1920 prie
328 1862 377 1906 ad
414 1862 564 1904 multos
595 1860 717 1904 dehet
745 1874 832 1903 esse
866 1864 981 1903 actus
1013 1858 1221 1901 donentur
1252 1857 1402 1912 singuli
1427 1855 1519 1912 (sul)
1552 1855 1685 1898 littera
1711 1853 1754 1911 h)
1779 1854 1827 1897 ad

211 1946 396 1976 normam
433 1945 521 1977 cau.
558 1931 639 1975 874
675 1935 713 1974 et
747 1931 845 1984 876,
876 1930 903 1987 ξ
937 1930 975 1979 ⁶2,
1009 1934 1048 1972 cl
1080 1928 1156 1972 sul)
1190 1928 1323 1970 littera
1359 1928 1385 1983 i)
1418 1926 1466 1969 ad
1503 1937 1689 1968 normam
1740 1937 1829 1968 can.

213 2005 339 2059 1337,
365 2009 403 2047 et
436 2016 525 2047 can.
560 2002 686 2055 1338,
710 2002 764 2058 ἐξ
789 2002 811 2044 ἱ)
837 2006 873 2044 et
894 2000 951 2057 3),
986 2014 1034 2042 ea
1069 1999 1212 2042 ulmeta
1235 2012 1306 2041 seu
1345 2015 1367 2038 ((
1385 1998 1518 2041 officia
1552 1997 1831 2040 ecclesiastica

213 2076 293 2119 lato
325 2088 492 2118 sensu»
533 2073 641 2130 (cau,
677 2073 771 2126 145,
805 2072 832 2129 ξ
870 2072 908 2128 1)
942 2069 1176 2113 exercendi.
1202 2096 1254 2100 —
1280 2069 1649 2112 Animadvertatur
1683 2079 1834 2109 memo-

214 2147 340 2190 randa
360 2145 514 2188 utiliter
533 2144 643 2187 Decl.
662 2144 700 2187 S.
730 2142 878 2199 Cougr.
903 2141 1092 2185 Consist.S
1110 2140 1147 2184 2;
1177 2156 1199 2181 ((
1221 2139 1262 2182 V.
1288 2140 1350 2182 An
1376 2140 1594 2196 quotannis
1617 2141 1834 2180 teneantur

215 2230 416 2261 renovare
450 2216 735 2259 iusim-andum
773 2216 916 2257 x‘icarii
952 2212 1221 2269 parochiales,
1257 2211 1494 2254 confessarii
1529 2214 1565 2252 et
1599 2210 1704 2256 sacri
1738 2220 1833 2250 con-

214 2291 458 2341 cionatores,
492 2286 642 2344 quibus
674 2285 845 2328 facultas
877 2283 1050 2339 singulis
1073 2285 1190 2325 annis
1225 2280 1544 2338 prorogatur·‘?...
1570 2279 1619 2322 ad
1645 2277 1691 2322 V.
1716 2289 1836 2333 nega-

215 2361 299 2402 tive
322 2375 362 2412 »,
398 2371 489 2401 nam
526 2359 563 2399 in
597 2369 754 2400 canone
787 2356 982 2398 (licuntur
1014 2353 1054 2396 hi
1079 2358 1118 2396 et
1152 2355 1214 2395 isti
1248 2353 1377 2395 teneri
1416 2367 1436 2390 «
1460 2355 1680 2406 autequam
1714 2346 1838 2392 l‘acul-

215 2435 296 2473 tatc
329 2431 596 2482 donentur»,
630 2432 669 2470 et.
703 2429 740 2469 in
766 2425 890 2469 (lubio
926 2426 1136 2481 proposito
1169 2426 1249 2466 iam
1276 2435 1321 2465 ea
1346 2423 1483 2465 donati
1518 2425 1624 2471 sunl,
1649 2432 1696 2462 ac
1721 2431 1836 2461 reno-

219 2503 326 2544 vatio
361 2499 566 2543 facultatis
599 2503 658 2541 est
695 2499 829 2553 potius
861 2496 1065 2553 quaedam
1100 2493 1361 2550 providentia
1400 2494 1439 2534 in
1475 2492 1676 2534 dioecesis
1708 2489 1838 2532 admi-

217 2573 426 2626 stratione,
461 2575 504 2613 ut
538 2571 579 2612 tit
614 2582 676 2612 ex.
712 2582 772 2624 gr.
811 2567 977 2610 Romae.

334 2643 397 2686 <510
432 2641 547 2684 luxta
581 2644 708 2683 const.
748 2638 829 2680 «ln
863 2641 1165 2680 sacrosancta»
1205 2636 1261 2679 Pii
1294 2633 1357 2690 lV,
1382 2635 1436 2691 §g
1460 2633 1482 2676 4
1508 2637 1547 2676 et
1581 2631 1661 2674 6³:
1691 2629 1837 2674 Coram

224 2712 455 2755 (lrdinario
494 2728 515 2751 ((
541 2711 660 2753 loci»
709 2715 749 2752 ut
794 2720 933 2764 supra,
968 2707 1030 2750 vel
1080 2706 1336 2762 «religionis
1378 2702 1582 2748 clericalis
1624 2704 1841 2756 exemptae

339 2820 349 2840 1
377 2820 422 2851 25
450 2818 555 2861 Sept.
588 2816 689 2856 1910,
719 2815 795 2850 CO.
825 2814 874 2855 Π,
901 2814 982 2847 740.
1024 2834 1067 2837 —
1105 2813 1118 2834 ‘2
1156 2813 1201 2846 25
1230 2811 1316 2845 Oct.
1347 2810 1451 2850 1910,
1480 2808 1556 2843 CO.
1593 2807 1641 2847 Π,
1676 2805 1758 2840 856.
1811 2824 1842 2829 -

223 2868 236 2887 ⁵⁴
264 2866 306 2900 13
332 2866 431 2899 Nov.
463 2865 564 2898 1564.
