1965 3240
150 202 196 237 86
386 203 468 237 Lm.
495 202 564 237 ΙΙΙ.
593 223 605 228 -
634 203 742 238 PARS
769 204 819 238 Π.
849 224 861 228 -
886 204 943 239 Dc
969 206 1062 239 locis
1087 208 1122 240 et
1147 207 1390 250 temporibus
1409 209 1536 241 sacris

154 321 263 356 fuerat
289 321 408 364 electa,
437 321 491 356 ius
518 321 656 357 levandi
683 323 843 364 cadaver,
866 333 921 369 pe-

152 368 293 412 ragendi
324 369 514 413 exsequias,
542 369 569 403 si
600 370 814 415 peragendae
839 370 921 411 sint,

149 420 180 449 et
219 415 365 450 cadaver
389 415 432 450 ad
459 416 675 462 sepulturam
712 417 920 458 deducendi,

152 462 297 507 pertinet
317 462 359 497 ad
373 462 554 498 ecclesiam
581 464 815 499 cathedralem
833 464 923 499 eius-

149 509 227 544 dem
255 509 317 544 loci
340 523 347 545 ;
376 520 465 555 quae
491 510 517 544 si
545 510 645 552 desit,
671 511 713 546 ad
744 511 943 547 ecclesiam'

153 557 327 601 paroeciae
366 556 401 590 in
440 568 508 603 qua
549 558 793 593 coemeterium
820 558 926 593 situm

151 608 214 645 est,
253 603 318 637 nisi
357 604 451 639 aliud
485 604 596 640 ferant
624 605 685 640 loci
714 606 927 641 consuetudo

150 655 210 686 aut
236 650 442 687 dioecesana
471 656 612 687 statuta.

198 696 282 733 Cla.
319 697 414 733 1231.
443 720 458 723 -
488 703 506 741 ξ
539 698 566 733 l.
594 699 742 745 Expletis
763 700 795 733 in
823 700 928 735 eccle-

151 744 203 780 sia
228 745 413 791 exsequiis,
440 746 587 781 cadaver
611 747 857 781 tumulandum
877 752 927 782 est

151 792 195 827 ad
222 803 382 828 normam
410 793 577 828 librorum
616 794 855 838 liturgicorum
890 794 926 828 in

152 840 355 875 coemeterio
369 840 532 875 ecclesiae
547 840 692 882 funeris,
708 841 813 876 salvis
837 852 928 886 prae<

152 887 290 932 scriptis
316 897 394 922 can.
427 885 637 922 1228-1229.

201 938 220 976 ξ
245 933 279 968 ’2.
321 932 386 978 Qui
414 935 595 980 exsequias
622 935 657 969 in
684 935 829 970 ecclesia
858 946 928 981 per-

153 981 235 1026 egit,
277 992 345 1015 non
385 981 497 1016 solum
531 982 596 1024 ius,
623 982 683 1017 sed
721 983 826 1018 etiam
860 983 930 1018 offi-

152 1028 245 1063 cium
273 1028 385 1068 habet,
412 1033 552 1074 excepto
581 1029 675 1074 gravi
712 1030 928 1065 necessitatis

152 1086 245 1116 casu,
263 1076 451 1111 comitandi
474 1087 532 1122 per
549 1087 585 1112 se
604 1077 654 1112 vel
676 1087 735 1122 per
748 1077 857 1112 alium
877 1088 926 1112 sa-

153 1122 325 1158 cerdotem
353 1123 498 1159 cadaver
515 1124 558 1158 ad
578 1124 691 1159 locum
718 1124 928 1170 sepulturae.

202 1168 285 1205 CAN.
318 1169 420 1205 1232.
452 1191 468 1195 -
498 1174 517 1212 5
548 1171 576 1205 1.
607 1170 774 1207 Sacerdos
799 1172 857 1218 qui
876 1182 929 1207 ca-

153 1217 258 1252 daver
289 1217 472 1253 comitetur
508 1218 551 1252 ad
578 1218 759 1254 ecclesiam
797 1219 928 1255 funeris

155 1264 203 1299 vel
231 1264 273 1299 ad
303 1265 414 1300 locum
440 1266 651 1311 sepulturae,
683 1265 789 1302 libere
814 1271 927 1302 trans-

155 1312 202 1346 ire
230 1312 363 1357 poterit,
392 1323 472 1347 cum
499 1312 586 1347 stola
607 1323 744 1359 quoque
769 1318 802 1348 et
827 1324 928 1349 cruce

151 1358 295 1400 elevata,
322 1370 381 1405 per
405 1359 617 1394 territorium
643 1361 733 1396 alius
753 1361 929 1406 paroeciae

155 1406 206 1441 vel
241 1406 419 1447 dioecesis,
448 1407 553 1442 etiam
580 1407 656 1443 sine
696 1408 835 1453 parochi
876 1409 926 1444 vel

154 1451 332 1489 Ordinarii
361 1453 514 1489 licentia.

202 1504 221 1542 ξ
247 1500 280 1535 2.
310 1500 344 1536 Si
373 1502 520 1536 cadaver
545 1502 793 1537 tumulandum
821 1503 865 1538 sit
892 1502 927 1537 in

153 1548 357 1583 coemeterio
376 1548 418 1583 ad
437 1548 527 1594 quod
553 1550 734 1584 commode
758 1550 926 1594 asportari

157 1600 315 1641 nequeat,
346 1596 515 1641 parochus
544 1596 594 1631 vel
629 1601 740 1631 rector
765 1597 929 1632 ecclesiae

157 1642 287 1678 funeris
313 1644 434 1688 nequit
459 1643 525 1678 sibi
553 1644 729 1679 vindicare
755 1644 808 1679 ius
843 1644 927 1679 illud

153 1690 342 1725 comitandi
368 1695 463 1725 extra
492 1690 577 1725 fines
602 1690 751 1726 civitatis
779 1691 829 1725 vel
849 1691 925 1726 loci.

202 1736 286 1772 CAN.
318 1736 419 1772 1233.
448 1757 463 1763 -
492 1742 511 1780 ξ
543 1737 571 1771 l.
599 1737 722 1783 Nequit
761 1739 929 1783 parochus

154 1784 230 1820 sine
255 1784 345 1819 iusta
371 1789 403 1819 et
428 1785 523 1829 gravi
550 1796 655 1820 causa
679 1785 723 1820 ab
742 1785 930 1822 Ordinario

155 1831 310 1876 probata,
337 1831 518 1867 excludere
555 1832 696 1868 clericos
723 1833 929 1874 saeculares,

153 1878 329 1923 religiosos
354 1890 394 1914 ac
423 1879 478 1925 pia
503 1879 661 1915 sodalitia
688 1891 777 1925 quae
797 1880 928 1915 familia

156 1925 207 1961 vel
246 1926 388 1962 heredes
424 1927 594 1962 advocare
620 1927 727 1962 velint
752 1928 796 1962 ad
822 1927 928 1962 dedu-

154 1972 303 2008 cendum
341 1974 487 2009 cadaver
512 1974 553 2009 ad
581 1974 762 2009 ecclesiam
798 1974 930 2010 funeris

154 2024 187 2054 et
223 2020 265 2055 ad
304 2020 531 2066 sepulturam,
557 2026 590 2056 et
615 2022 849 2056 assistendum
883 2022 930 2057 fu-

156 2068 256 2110 neri3
292 2067 405 2103 clerici
441 2072 559 2103 tamen
587 2069 651 2114 ipsi
679 2069 844 2104 ecclesiae
869 2069 928 2104 ad-

155 2115 236 2149 dicti
264 2126 283 2149 a
310 2114 443 2150 familia
470 2115 521 2151 vel
550 2115 732 2151 heredibus
753 2127 833 2162 prae
850 2116 928 2151 aliis

156 2162 320 2196 omuibus
347 2162 486 2197 invitari
514 2162 652 2198 debent.

202 2213 221 2251 ξ
248 2208 280 2243 2.
311 2208 493 2255 Nunquam
521 2210 754 2245 admittantur
790 2211 930 2245 societa-

158 2261 205 2291 tes
234 2256 283 2291 vel
311 2257 464 2302 insignia
482 2257 638 2302 religioni
654 2257 842 2293 catholicae
862 2268 931 2292 ma-

158 2303 280 2338 nifeste
308 2304 456 2339 hostilia.

202 2350 280 2392 53.
322 2352 541 2387 Associantes
577 2351 723 2386 cadaver
765 2356 929 2387 tenentur

155 2408 285 2432 morem
319 2409 436 2443 gerere
473 2399 619 2444 parocho
657 2399 746 2434 circa
786 2399 928 2433 ductum

155 2445 298 2484 funeris.
333 2446 440 2480 salvis
475 2445 749 2491 uniuscuiusque
794 2456 929 2492 praece-

152 2492 290 2527 dentiae
319 2493 463 2527 iuribus.

199 2543 218 2580 ἓ
247 2536 279 2573 4.
311 2538 399 2574 Laici
427 2540 584 2581 cadaver,
611 2540 748 2583 generis
780 2544 837 2575 aut
877 2539 928 2573 di-

150 2586 295 2627 gnitatis
334 2587 485 2621 cuiusvis
513 2587 568 2621 ille
597 2587 707 2625 fuerit,
744 2586 856 2621 clerici
887 2597 929 2621 ne

151 2633 321 2667 deferant.

202 2678 283 2715 Cas.
322 2679 419 2715 1234.
453 2702 467 2705 —
497 2685 515 2722 ξ
549 2681 574 2715 l.
596 2680 758 2716 Locorum
779 2679 941 2716 Omina--

155 2727 194 2761 rii
229 2727 377 2762 indicem
419 2728 629 2763 funeralium
673 2733 829 2762 taxarum
869 2737 927 2761 seu

155 2774 468 2821 eleemosynarum,
508 2775 537 2809 si
575 2786 643 2809 non
677 2775 829 2812 exsistat.
870 2784 930 2819 pro

156 2832 217 2856 suo
243 2822 428 2861 territorio,
457 2823 498 2857 de
524 2822 668 2857 consilio
696 2821 845 2867 Capituli
876 2832 930 2855 ca-

156 2868 331 2906 thedralis,
359 2879 410 2904 ac.
439 2869 465 2902 si
487 2874 721 2914 opportunum
754 2867 928 2907 duxerint.

157 2916 361 2950 vicariorum
392 2916 609 2951 foraneorum
637 2915 802 2950 dioecesis
819 2919 851 2950 et
873 2926 929 2960 pa-

996 323 1179 358 rochorum
1218 322 1370 358 civitatis
1408 324 1626 370 episcopalis,
1668 324 1776 360 confi-

995 372 1104 414 ciant,
1143 369 1285 405 attentis
1325 370 1488 415 legitimis
1515 372 1775 407 consuetudini-

999 417 1062 452 bus
1102 416 1369 462 particularibus
1403 423 1435 453 et
1470 418 1634 454 omnibus
1663 430 1775 466 perso-

1000 475 1124 499 narum
1151 469 1184 499 et
1210 463 1363 499 locorum
1401 465 1697 504 circumstantiis:
1739 466 1774 500 in

999 521 1106 556 eoque
1133 521 1194 557 pro
1218 511 1364 546 diversis
1394 512 1532 547 casibus
1559 513 1635 549 iura
1660 514 1778 558 singu·

1001 558 1111 593 lorum
1152 558 1325 594 moderate
1363 559 1611 600 determinent,
1653 560 1699 595 ita
1739 565 1776 596 ut

999 605 1173 651 quaelibet
1199 605 1464 641 contentionum
1490 611 1524 641 et
1550 607 1704 643 scandali
1725 618 1776 642 re-

1001 657 1179 688 moveatur
1204 653 1349 688 occasio.

1047 703 1066 741 ξ
1092 699 1124 734 2.
1152 699 1185 735 Si
1214 699 1249 734 in
1278 700 1393 734 indice
1421 699 1535 745 plures
1548 700 1678 736 classes
1695 712 1775 736 enu-

1002 751 1190 790 merentur,
1221 747 1368 782 liberum
1399 751 1451 782 est
1477 747 1521 781 iis
1547 758 1694 793 quorum
1723 748 1776 782 iu-

1000 798 1103 829 terest
1129 794 1274 829 classem
1301 794 1441 839 eligere.

1048 839 1132 876 CAN.
1165 840 1263 876 1235.
1296 862 1312 866 -
1342 845 1360 884 ξ
1403 841 1431 876 1.
1471 840 1630 877 Districte
1666 842 1778 888 probi-

1001 887 1100 923 betur
1146 899 1188 923 ne
1222 888 1315 934 quis,
1356 888 1555 934 sepulturae
1598 889 1649 924 vel
1683 900 1776 924 exse-

999 935 1162 981 quiarum
1197 946 1256 970 seu
1290 935 1523 971 anniversarii
1561 941 1774 971 mortuorum

999 993 1116 1022 causa,
1145 981 1336 1028 quidquam
1363 982 1477 1027 exigat
1504 983 1595 1018 ultra
1622 983 1654 1018 id
1685 984 1775 1029 quod

1001 1029 1036 1064 in
1055 1029 1259 1065 dioecesano
1281 1034 1438 1065 taxarum
1456 1029 1569 1065 indice
1599 1031 1774 1066 statuitur.

1047 1081 1066 1119 ξ
1093 1076 1123 1111 2.
1153 1077 1322 1122 Pauperes
1347 1077 1455 1122 gratis
1484 1077 1629 1112 omnino
1653 1088 1694 1112 ac
1719 1077 1776 1113 de-

999 1128 1116 1159 center
1145 1124 1349 1159 funerentur
1374 1129 1407 1159 et
1433 1124 1658 1169 sepeliantur,
1697 1136 1776 1160 cum

999 1171 1187 1216 exsequiis,
1207 1171 1399 1206 secundum
1422 1171 1602 1215 liturgicas
1629 1171 1719 1216 leges
1745 1176 1778 1207 et

999 1218 1204 1254 dioecesana
1231 1222 1372 1259 statuta,
1404 1218 1639 1264 praescriptis.

1047 1265 1130 1301 CAN.
1162 1264 1264 1300 1236.
1296 1286 1311 1290 —
1340 1269 1359 1307 ξ
1388 1265 1416 1299 1.
1445 1264 1546 1300 Salvo
1573 1265 1646 1300 iure
1674 1265 1776 1311 parti-

998 1312 1121 1352 culari,
1150 1312 1285 1358 quotics
1312 1312 1422 1348 fidelis
1449 1323 1519 1347 non
1540 1312 1722 1347 funeratur
1740 1311 1776 1346 in

998 1360 1143 1395 ecclesia
1171 1359 1350 1405 paroeciali
1380 1359 1530 1405 propria,
1562 1359 1699 1406 proprio
1724 1359 1780 1394 de-

1002 1407 1108 1442 functi
1141 1407 1287 1452 parocho
1313 1406 1457 1442 debetur
1476 1407 1585 1452 portio
1606 1406 1778 1451 paroecia—

1002 1454 1056 1497 115,
1085 1459 1224 1499 excepto
1242 1465 1322 1489 casu
1344 1465 1412 1499 quo
1437 1454 1583 1489 cadaver
1610 1454 1645 1488 in
1672 1453 1779 1488 eccle-

1001 1502 1088 1536 siam
1107 1501 1263 1547 propriae
1275 1501 1452 1547 paroeciae
1465 1501 1646 1536 commode
1659 1511 1777 1546 aspor-

1000 1549 1064 1584 tari
1093 1554 1251 1594 nequeat.

1048 1599 1067 1637 ξ
1093 1595 1126 1629 ’2.
1157 1596 1190 1631 Si
1219 1595 1297 1641 quis
1325 1594 1449 1629 habeat
1470 1595 1584 1640 plures
1604 1593 1779 1640 paroecias

1003 1643 1157 1688 proprias
1183 1643 1226 1677 ad
1253 1653 1340 1688 quas
1365 1642 1512 1677 cadaver
1529 1642 1709 1677 commode
1726 1641 1781 1677 de·

1003 1690 1079 1725 ferri
1109 1694 1233 1736 posset,
1259 1694 1292 1724 et
1317 1688 1400 1724 alibi
1429 1689 1623 1731 funeretur,
1669 1689 1779 1735 portio

1003 1737 1204 1782 paroecialis
1242 1736 1430 1771 dividenda
1456 1741 1506 1771 est
1534 1736 1624 1771 inter
1654 1747 1779 1771 omnes

1003 1784 1168 1830 parochos
1197 1783 1363 1829 proprios.

1049 1830 1132 1866 CAN.
1170 1830 1270 1865 12:37.
1312 1850 1326 1854 -
1364 1834 1382 1872 ξ
1428 1830 1454 1864 1.
1499 1828 1636 1865 Detrahi
1677 1829 1778 1865 debet

1003 1878 1111 1924 portio
1141 1877 1341 1923 paroecialis
1367 1888 1406 1912 ex
1447 1877 1611 1911 omnibus
1636 1881 1669 1911 et
1696 1877 1778 1911 solis

1000 1925 1257 1964 emolumentis.
1284 1935 1373 1970 quae
1398 1928 1528 1959 statuta
1554 1928 1636 1958 sunt
1652 1934 1712 1970 pro
1732 1924 1780 1958 fu-

1002 1983 1083 2008 nere
1109 1977 1141 2008 et
1161 1971 1392 2007 tumulatione
1411 1971 1446 2005 in
1466 1976 1545 2006 taxa
1558 1971 1775 2006 dioecesana.

1048 2024 1067 2061 ξ
1093 2018 1126 2053 2.
1157 2019 1190 2053 Si
1207 2029 1418 2065 quacunque
1435 2018 1477 2053 de
1503 2028 1608 2053 causa
1627 2018 1778 2063 primum

1000 2067 1169 2102 sollemne
1195 2066 1345 2101 officium
1378 2065 1522 2100 funebre
1548 2075 1619 2100 non
1645 2066 1777 2105 statim,

1002 2113 1060 2149 sed
1100 2114 1192 2148 intra
1228 2124 1383 2148 mensem
1418 2112 1628 2158 completum
1667 2123 1686 2147 a
1724 2112 1780 2147 die

1001 2160 1245 2196 tumulationis
1273 2160 1343 2195 fiat.
1374 2159 1452 2194 licet
1478 2159 1542 2194 hoc
1567 2159 1622 2194 die
1643 2170 1710 2194 non
1723 2159 1779 2194 de-

1004 2208 1131 2243 fuerint
1170 2208 1305 2242 minora
1344 2206 1482 2252 publica
1513 2206 1638 2249 officia,
1668 2206 1778 2252 portio

1001 2260 1119 2290 tamen
1161 2254 1360 2300 paroecialis
1386 2265 1426 2288 ex
1453 2253 1556 2288 huius
1594 2253 1701 2288 etiam
1730 2254 1778 2288 fu-

1001 2302 1095 2337 neris
1121 2301 1367 2336 emolumentis
1392 2300 1549 2336 debetur.

1048 2353 1067 2391 §
1094 2348 1127 2382 3.
1156 2346 1343 2392 Quantitas
1371 2347 1538 2393 portionis
1579 2346 1780 2393 paroecialis

1000 2396 1252 2431 determinetur
1279 2395 1314 2429 in
1340 2399 1418 2430 taxa
1437 2394 1664 2435 dioecesana;
1693 2398 1724 2429 et
1751 2393 1779 2428 si

1001 2443 1146 2478 ecclesia
1168 2442 1369 2488 paroecialis
1387 2446 1419 2477 et
1441 2441 1585 2476 ecclesia
1613 2441 1780 2476 funerans

1000 2491 1043 2525 ad
1070 2489 1225 2525 diversas
1251 2490 1423 2524 dioeceses
1439 2489 1648 2534 pertineant,
1670 2498 1779 2533 quan-

1003 2538 1082 2572 titas
1103 2536 1269 2580 portionis
1291 2536 1492 2582 paroecialis
1517 2536 1711 2570 attenditur
1729 2545 1779 2570 se-

1001 2584 1155 2619 cundum
1184 2588 1297 2618 laxam
1326 2583 1490 2617 ecclesiae
1518 2582 1726 2617 funerantis.

1049 2629 1134 2666 CAN.
1168 2630 1266 2664 1238.
1300 2651 1315 2656 -
1359 2630 1498 2675 Expleta
1532 2629 1776 2667 tumulatione,

1004 2678 1162 2712 minister
1188 2678 1223 2712 in
1253 2677 1338 2712 libro
1369 2677 1613 2712 defunctorum
1652 2675 1779 2710 descri-

1002 2724 1059 2759 bat
1099 2735 1224 2759 nomen
1265 2729 1296 2759 et
1330 2728 1477 2759 aetatem
1514 2722 1682 2760 defuncti,
1725 2732 1781 2755 no<

1002 2782 1081 2807 men
1119 2776 1301 2817 parentum
1342 2771 1392 2806 vel
1433 2769 1605 2814 coniugis,
1643 2774 1780 2814 tempus

1003 2819 1133 2856 mortis.
1179 2818 1256 2864 quis
1290 2823 1320 2853 et
1350 2828 1437 2863 quae
1465 2817 1688 2852 Sacramenta
1720 2815 1779 2849 mi-

1001 2865 1212 2903 nistraverit,
1260 2865 1370 2899 locum
1398 2869 1428 2898 et
1461 2869 1597 2908 tempus
1631 2862 1782 2897 tumula·

1002 2918 1123 2948 tionis.
