1965 3240
272 185 356 219 Tl'r.
386 183 471 218 XV.
501 204 511 209 -
540 183 596 218 De
622 184 801 218 cus-todia
827 186 861 218 et
887 185 995 218 cultu
1023 187 1293 218 sctizcli.s¹.s·im(ie
1324 185 1591 217 law-lemiswiae
1680 186 1745 219 1⁴23

242 303 334 346 135.
369 304 693 349 Sanctissima
717 305 1027 349 Eucharistia
1054 305 1101 348 in
1126 305 1234 348 loco
1258 317 1401 349 sacro
1425 307 1746 349 asservanda.

119 374 236 430 Quod
277 374 327 418 de
366 375 553 430 personis
598 373 780 430 physicis
823 373 1128 429 explicavimus
1168 373 1244 416 suh
1276 375 1320 430 ,ξω
1357 376 1378 415 :t
1413 380 1518 418 ‹·an.⁸
1557 375 1663 416 12113
1698 375 1746 417 ad

120 457 314 502 personas
348 443 525 487 morales
559 444 797 487 extenditur
830 446 1047 487 occasione
1083 446 1182 487 iuris
1218 450 1369 500 praec·
1402 447 1437 486 in
1473 445 1748 488 1]υιιο.’1ἰ·ἰ(1.Ο

119 517 318 572 expressi.
357 514 456 557 Fan.
489 517 616 570 1367.
645 515 852 557 Remeato
891 513 1072 571 quolibet
1113 515 1328 557 ουηΙι-(ιι-ιό
1364 514 1602 570 pre'rilr’qio,
1640 517 1747 573 quod

119 587 169 630 de
213 591 359 629 natura
402 597 474 628 sua
515 585 812 628 «censendum
858 590 917 628 ost
962 590 1251 641 perpetuum»
1293 585 1401 641 (can.
1434 585 1522 641 70),
1556 591 1677 643 atque
1713 589 1749 628 in

119 670 208 701 can.
244 658 265 699 4
303 661 346 699 ut
379 656 618 700 distinctum
655 656 706 699 ah
741 656 924 704 indultis,
948 670 1054 714 {luae
1088 661 1180 699 sunt
1216 658 1263 699 ad
1301 661 1474 711 tempus,
1501 662 1751 709 recensetur,

120 726 292 783 proinde
337 725 493 768 indulta
541 728 705 782 proprie
749 731 891 769 contra
935 725 1058 769 huius
1101 728 1270 769 canonis
1315 728 1613 782 praescriptum
1659 726 1752 769 «ah

118 796 356 854 Apostolica
389 796 494 840 Sede
528 809 723 840 concessa
761 799 919 853 integra
961 801 1128 840 manent
1152 813 1189 851 ›>,
1227 797 1266 839 in
1314 796 1404 854 ipsa
1449 796 1647 853 reliqiosu
1694 797 1753 839 rel

117 869 205 926 pia,
241 873 283 911 ut
317 869 482 922 fuerunt
514 867 617 911 haec
655 867 782 911 verba
816 867 1025 911 declarata
1061 870 1098 910 in
1133 880 1222 910 can.
1259 868 1384 918 1265,
1418 868 1446 925 ξ
1482 868 1517 920 l,
1544 867 1751 919 &fidorum

119 941 278 983 etiamsi
315 938 416 982 haec
449 940 500 981 sit
524 954 542 978 «
563 937 766 995 regularis
786 954 805 979 ³>
829 952 901 981 seu
926 936 1136 983 «Ordinis
1157 954 1194 991 »,
1230 940 1310 980 imo
1344 938 1492 981 domus
1522 937 1754 981 Novitiatus

122 1010 184 1053 vel
220 1010 441 1053 residentia
476 1011 659 1066 supremi
695 1008 978 1055 Moderatoris,
1012 1009 1280 1051 sanctissima
1314 1007 1591 1051 Euelearislia
1625 1014 1755 1051 caslo-

120 1080 207 1124 clim·
242 1080 384 1138 nequit
417 1081 467 1124 ad
504 1093 691 1123 normam
727 1086 835 1125 ean.⁸
857 1081 897 1139 δη
922 1093 968 1123 ac
1003 1094 1115 1124 num.
1151 1080 1248 1133 cust,
1283 1079 1367 1121 nisi
1402 1079 1462 1122 rel
1500 1080 1540 1122 in
1580 1079 1753 1122 ecelesia

121 1154 286 1209 proprie
319 1152 443 1206 dicta,
478 1154 509 1195 si
544 1151 665 1205 adsit,
698 1164 805 1208 quae
852 1154 963 1195 vices
1006 1154 1112 1208 gerit
1149 1153 1360 1208 sequentis
1393 1153 1574 1199 oratorii,
1610 1150 1671 1193 cel
1714 1151 1753 1193 in

117 1222 355 1281 principali
387 1222 593 1274 oratorio,
617 1236 699 1280 qno
724 1236 872 1279 nempe
906 1226 1163 1266 conveniunt
1196 1221 1472 1265 inhabitantes
1504 1222 1672 1265 (lonium
1707 1221 1755 1264 ad

121 1296 284 1350 pietatis
307 1295 522 1347 exercitia,
547 1296 585 1336 in
612 1307 694 1336 uno
718 1296 844 1350 igitur
870 1298 1027 1337 tantum
1064 1293 1152 1336 loco
1186 1305 1304 1336 sacro
1327 1295 1385 1336 sie
1409 1292 1640 1339 declarato:
1676 1296 1756 1335 imo

120 1379 192 1407 aee
225 1364 338 1423 apud
372 1363 590 1414 monialae,
615 1367 690 1408 etsi
725 1367 812 1408 iure
846 1370 997 1408 ssmam
1032 1364 1334 1408 Eucharistiam
1370 1364 1610 1407 asservandi
1647 1376 1759 1420 prae-

120 1435 239 1491 ditas,
276 1435 390 1478 intra
424 1434 595 1478 oleorum
629 1435 838 1479 adnexum
884 1436 1053 1493 quidem
1089 1435 1312 1486 Ecclesiae,
1351 1434 1411 1477 vel
1453 1440 1570 1492 septa
1617 1449 1756 1477 inona-

121 1506 243 1550 sterii
276 1519 326 1550 ex
362 1508 509 1563 potiori
545 1508 718 1560 motivo,
751 1509 946 1564 quamvis
980 1509 1018 1549 in
1053 1507 1192 1564 aliquo
1226 1505 1377 1549 sacello
1412 1505 1519 1548 illam
1564 1505 1758 1548 sacerdos

121 1577 359 1634 deponeret.
400 1576 457 1620 lta
497 1579 608 1620 enim
646 1581 847 1620 statuerat
886 1575 1009 1621 Conc.
1048 1576 1216 1619 T1·i‹t.1:
1258 1575 1413 1628 «Quod
1458 1589 1554 1618 xero
1591 1577 1757 1618 sanctis-

119 1650 270 1692 simum
305 1646 455 1692 Christi
499 1661 651 1704 corpus
694 1650 800 1691 intra
844 1647 1034 1699 chorum,
1071 1647 1134 1691 vel
1169 1652 1282 1704 septa
1318 1649 1553 1690 monasterii
1589 1646 1755 1703 (sancti-
1786 1667 1796 1677 -

122 1718 396 1775 monialium),
421 1723 460 1762 et
484 1732 563 1761 non
590 1721 627 1761 in
655 1718 819 1775 publica
843 1718 1019 1762 ecclesia
1043 1723 1330 1772 conservetur,
1357 1717 1545 1774 prohihet
1569 1718 1606 1760 S.
1627 1718 1754 1774 Syno-

121 1791 219 1834 dus:
256 1803 334 1833 non
364 1790 552 1834 obstante
576 1803 842 1847 quocumque
868 1789 1039 1845 indulto,
1065 1794 1134 1833 aut
1159 1789 1438 1846 privilegio».
1465 1815 1516 1819 -
1543 1788 1631 1831 Huc
1666 1802 1755 1844 per-

121 1864 251 1905 tinent
283 1866 407 1919 atque
431 1863 813 1918 interpretationem
849 1861 988 1905 datam
1024 1860 1295 1904 corroborant
1328 1866 1431 1917 seq.⁸
1458 1859 1758 1903 declarationes

121 1933 336 1977 Commiss.
372 1932 610 1976 Pontiticiae
653 1933 703 1976 ad
744 1933 907 1976 Codicis
950 1938 1058 1976 can.⁵
1089 1932 1326 1975 authentice
1370 1930 1755 1987 intermetandos²:

127 2020 145 2044 (‹
168 2003 310 2060 Resp.:
345 2004 498 2047 Sensus
531 2005 701 2047 canonis
740 2004 847 2047 1267
884 2003 950 2047 hie
984 2008 1057 2047 est.
1093 2005 1132 2047 si
1170 2003 1359 2059 religiosa
1397 2002 1459 2045 rel
1502 2004 1564 2058 pia
1610 2002 1758 2044 domus

121 2075 324 2118 adnexam
362 2073 511 2118 haheat
545 2074 753 2131 publicam
789 2075 1008 2118 ecclesiam
1042 2087 1174 2132 eaque
1219 2078 1357 2117 utatur
1390 2074 1439 2116 ad
1475 2073 1683 2115 ordinaria
1719 2076 1757 2114 et

121 2146 361 2203 quotidiana
386 2147 548 2202 pietatis
571 2147 770 2189 exercitia
796 2145 1016 2202 explenda,
1036 2146 1102 2189 SS.
1124 2147 1437 2188 Sacramentum
1466 2146 1501 2185 in
1527 2156 1573 2186 ea
1599 2147 1755 2186 tantum

122 2218 328 2260 asservari
363 2220 517 2273 potest3
550 2229 670 2260 secus
705 2215 896 2273 (nempe:
939 2219 1007 2259 «si
1033 2217 1236 2259 adnexam
1264 2229 1340 2258 non
1368 2214 1515 2258 haheat
1549 2213 1755 2270 publicam

123 2287 340 2331 ecclesiam
362 2303 381 2327 ³>
423 2286 486 2330 vel
522 2286 678 2330 hahens
709 2300 795 2330 «ea
830 2300 909 2329 non
946 2291 1084 2330 utatur
1115 2287 1164 2330 ad
1201 2286 1409 2329 ordinaria
1444 2290 1481 2328 et
1516 2285 1754 2342 quotidiana

125 2359 286 2414 pietatis
319 2359 577 2411 exercitia»,
599 2371 672 2414 pro
696 2362 873 2414 utroque
897 2357 1015 2415 casn)
1038 2360 1074 2400 in
1109 2359 1287 2400 oratorio
1322 2355 1537 2412 principali
1571 2355 1755 2398 eiusdem

125 2428 342 2485 religiosae
379 2428 441 2471 vel
478 2431 568 2485 piae
601 2429 748 2472 domus
782 2429 887 2484 (sine
922 2429 1178 2485 praeiudicio
1215 2431 1313 2471 iuris
1346 2427 1559 2478 ecclesiae,
1582 2427 1614 2468 si
1648 2425 1756 2483 quod

0 2497 25 2539 ’ὲ
54 2520 55 2523 “
122 2498 264 2555 habet)
293 2516 327 2554 n,
355 2498 572 2542 videlicet:
597 2513 644 2542 eo
668 2499 778 2556 quod
808 2515 828 2539 «
847 2499 1022 2543 ecclesia
1046 2502 1097 2542 sit
1119 2499 1280 2542 adnexa
1305 2498 1444 2541 domui
1472 2496 1756 2552 religiosorum

124 2574 414 2626 exemptorum
460 2572 550 2613 sive
597 2572 780 2613 virorum
821 2572 910 2614 sire
947 2570 1208 2614 mulierum»
1248 2570 1355 2627 (can.
1397 2569 1519 2617 taor»,
1554 2573 1577 2620 ᾗ
1616 2567 1649 2620 t,
1689 2566 1761 2622 1⁰),

125 2643 259 2698 prouti
295 2640 396 2684 haec
430 2640 615 2684 clausula
649 2640 858 2684 declarata
894 2646 1056 2691 manet;
1093 2641 1291 2697 additque
1326 2641 1536 2695 responsio
1575 2643 1760 2694 respectu

123 2713 399 2754 oratoriorum
433 2711 620 2754 eiusdem
654 2711 826 2754 domus:
868 2714 947 2754 «in
983 2725 1154 2769 eoque»
1193 2710 1360 2767 supple:
1396 2711 1577 2752 oratorio
1612 2710 1760 2764 princi-

125 2781 204 2838 pali
244 2787 458 2836 «tantum,
493 2783 569 2824 nisi
605 2783 642 2823 in
678 2781 825 2825 eodem
860 2782 1062 2825 materiali
1107 2782 1298 2825 aedilicio
1341 2783 1419 2823 sint
1464 2769 1682 2822 distinctae
1716 2791 1762 2821 ac

243 2889 254 2910 1
284 2888 374 2932 Cap.
406 2887 460 2927 10,
487 2898 582 2922 sess.
612 2886 737 2926 XXV,
767 2886 811 2921 de
839 2887 1088 2932 regularibus
1115 2892 1156 2921 et
1183 2886 1435 2921 monialibus.
1467 2906 1506 2909 —
1535 2884 1548 2906 '3
1574 2884 1636 2918 2-ss
1668 2884 1756 2917 Iun.

21 2914 38 2928 '²
74 2972 76 2975 ,
128 2934 230 2976 1918,
251 2935 326 2970 CO.
344 2935 482 2969 x-346.
