1965 3240
170 122 239 156 274
430 121 514 155 L113.
540 120 612 156 ΠΙ.
638 140 652 147 -
679 121 789 155 PARS
814 120 880 154 IV.
911 141 922 146 -
950 120 1007 155 De
1032 123 1257 165 magisterio
1282 121 1540 156 ecclesiastico

171 239 419 282 ambitiosae
460 239 723 297 eloquentiae
770 243 983 296 apparatu
1031 243 1070 281 et
1118 237 1339 289 lenocinio,
1389 243 1556 295 propter
1603 239 1712 295 quod
1757 241 1795 282 in

170 310 335 353 Normis
367 312 566 366 scrIptum
602 314 680 353 est:
720 325 739 350 (ι
765 310 832 353 24.
866 308 1140 353 Concionator
1173 322 1222 352 ne
1257 309 1423 365 plausus
1455 311 1691 353 auditorum
1725 322 1796 352 au-

170 386 359 437 cupetur,
392 381 463 424 sed
497 386 668 438 quaerat
703 382 824 424 unice
857 382 1090 423 animarum
1124 379 1298 422 salutem
1331 384 1369 423 et
1393 380 1796 423 commendationem

170 464 192 495 a
226 451 310 495 Deo
343 456 466 509 atque
498 451 696 496 Ecclesia.
738 467 757 492 ((
779 451 959 494 Docente
993 455 1031 493 te
1066 452 1104 493 in
1138 450 1313 493 ecclesia
1347 464 1426 494 non
1465 450 1622 494 clamor
1646 450 1798 507 populi,

133 522 240 565 'sed
289 524 468 578 gemitus
516 525 752 566 suscitetur.
789 521 1004 565 Lacrimae
1051 521 1288 564 auditorum
1339 520 1484 564 laudes
1530 526 1624 564 tuae
1656 523 1799 566 sint».

170 593 357 649 (Hieron.
391 593 442 637 ad
475 592 784 649 Nepotianum).
820 591 909 635 Hoc
943 586 1051 635 idem
1088 592 1241 647 profert
1274 603 1404 635 canon
1433 591 1571 636 verbis
1594 591 1639 634 D.
1661 591 1798 635 Pauli:

170 664 211 722 c)
243 663 315 707 sect
348 664 391 707 in
424 664 662 707 ostensione
693 663 872 721 spiritus
895 668 933 705 et
957 662 1129 705 virtutis
1153 668 1375 706 excerceant
1396 665 1501 706 sacri
1532 677 1552 704 (‹
1574 675 1799 719 praecones

170 734 458 790 evangelicum
497 736 833 778 ministerium».

290 803 542 847 Memor-atur
592 807 630 847 in
664 803 829 848 Normis
880 804 936 862 (n.
972 805 1042 860 95)
1093 820 1113 845 c<
1136 803 1254 857 Usus,
1302 807 1371 862 qui
1419 803 1571 848 alicubi
1611 804 1796 860 invaluit,

171 875 459 931 ephemerides
487 875 549 918 vel
572 875 759 931 plagulas
783 877 888 931 typis
913 878 1134 932 impressas
1156 874 1380 919 adhibendi
1406 879 1490 918 tum
1515 875 1565 918 acl
1589 875 1799 919 auditores

170 946 439 1001 aucupandos
473 950 567 989 ante
602 946 967 1002 praedicationem,
1002 951 1087 989 tum
1124 950 1212 1002 post
1246 947 1597 1002 praedicationem
1631 946 1682 989 ad
1706 959 1799 989 con-

169 1018 391 1060 cionatoris
424 1018 622 1059 meritum
657 1016 955 1070 extollendum,
977 1016 1262 1073 reprobandus
1280 1018 1447 1059 omnino
1466 1021 1505 1060 et
1523 1016 1796 1070 damnandus,

168 1089 317 1144 quovis
350 1087 387 1130 id
426 1092 642 1144 praetextu
677 1086 771 1131 boni
806 1089 888 1131 tiat.
923 1086 1077 1131 Curent
1109 1084 1337 1142 Ordinarii‚
1370 1092 1569 1146 quantum
1604 1089 1795 1143 poterint,

170 1162 294 1201 utne
334 1158 372 1200 id
418 1160 637 1201 usuveniat
664 1173 699 1200 )).
752 1159 809 1201 Ac
860 1161 1005 1201 merito
1054 1160 1165 1200 iuxta
1213 1170 1428 1213 canonem,
1478 1159 1549 1215 qui
1594 1169 1797 1213 usurpans

167 1229 351 1285 Apostoli
390 1228 516 1272 verba
554 1229 640 1272 vult
675 1229 982 1284 praedicatores
1028 1242 1109 1271 iton
1154 1228 1409 1286 semetipsos,
1458 1227 1531 1271 sed
1581 1226 1797 1271 Christum

167 1299 412 1356 critcisioeiim
442 1298 765 1357 praedicantes:
802 1299 929 1343 verbo
963 1300 1129 1356 quidem
1165 1304 1204 1342 et
1227 1312 1363 1356 opere.
1390 1299 1450 1342 Ad
1477 1299 1585 1356 quod
1611 1311 1654 1342 se
1674 1298 1798 1341 refert

167 1384 216 1413 ex
252 1370 417 1414 Normis
451 1384 562 1413 num.
600 1370 667 1415 28.
707 1369 906 1414 «Caveat
954 1373 1048 1413 iteni
1099 1383 1264 1427 semper
1307 1382 1354 1413 ac
1398 1369 1714 1426 diligentissime
1746 1382 1796 1412 ne

166 1454 327 1484 sacram
365 1441 714 1498 praedicationem
751 1443 788 1483 in
824 1446 1039 1498 quaestum
1095 1445 1240 1495 vertat,
1289 1440 1529 1498 quaerendo
1576 1452 1682 1496 quae
1723 1452 1795 1482 sua

167 1516 274 1566 sunt,
309 1525 387 1554 non
423 1524 528 1569 quae
563 1511 652 1554 lesu
685 1510 858 1565 Christi3
894 1525 944 1555 ne
977 1513 1028 1555 sit
1062 1514 1187 1568 igitur
1221 1511 1357 1569 turpis
1379 1509 1696 1568 taei‘icitpidits‚
1720 1522 1796 1553 nec

169 1595 300 1626 vanae
333 1582 532 1638 gloriolae
567 1581 770 1625 lenocinio
788 1595 831 1625 se
854 1584 944 1638 capi
969 1584 1088 1626 sinat.
1112 1609 1169 1612 -
1191 1581 1426 1639 Numquam
1461 1594 1561 1624 vero
1586 1594 1634 1623 ex
1658 1582 1796 1623 animo

169 1656 378 1710 permittat
411 1653 607 1696 excidere
626 1653 750 1707 quod,
773 1654 1002 1696 secundum
1027 1652 1243 1709 Evangelii
1269 1657 1307 1695 et
1330 1651 1621 1708 Apostolorum
1644 1650 1794 1693 doctri-

167 1737 259 1767 nam
296 1729 334 1767 et
366 1725 612 1768 Sanctorum
647 1723 852 1780 exempla,
903 1724 1010 1766 idem
1059 1723 1339 1779 Hieronymus
1386 1721 1660 1778 Nepotianum
1698 1734 1794 1777 sug-

165 1794 359 1852 gerebat:
399 1810 418 1835 «
443 1793 531 1837 Non
567 1794 824 1837 confundant
858 1807 982 1850 opera
1017 1798 1085 1837 tua
1118 1806 1354 1836 sermonem
1389 1797 1527 1837 tuum:
1563 1805 1612 1834 ne
1635 1804 1728 1834 cum
1755 1793 1792 1833 in

165 1865 340 1909 ecclesia
375 1864 571 1921 loqueris,
607 1867 754 1908 tacitus
787 1864 962 1922 quilibet
995 1865 1264 1919 respondeat:
1308 1862 1390 1907 Cur
1422 1876 1521 1919 ergo
1554 1862 1656 1905 haec
1689 1874 1794 1919 quae

165 1937 283 1989 dicis,
318 1938 403 1993 ipse
436 1949 515 1978 non
550 1936 684 1978 facis?
720 1961 772 1965 —
808 1935 1017 1979 Delicatus
1051 1938 1247 1991 magister
1279 1939 1352 1989 est,
1385 1936 1468 1991 qui,
1489 1933 1609 1990 pleno
1637 1937 1792 1988 ventre,

167 2008 217 2051 de
251 2009 413 2050 ieiuniis
448 2006 670 2064 loquitur...
705 2007 940 2050 Sacerdotis
974 2020 1031 2062 os,
1068 2019 1183 2049 mens
1217 2018 1444 2062 manusque
1478 2004 1792 2048 concordent».

285 2100 486 2135 Transferre
514 2100 625 2145 placet
652 2100 687 2134 in
716 2099 1017 2134 missionariorum
1054 2099 1203 2144 gratiam
1230 2098 1264 2135 S.
1292 2097 1438 2143 Congr.S
1468 2097 1510 2133 de
1545 2096 1645 2142 Prop.
1675 2095 1755 2132 Fide
1781 2097 1791 2118 ¹

168 2160 270 2195 verba
297 2159 360 2194 sub
389 2171 425 2194 n.
451 2173 464 2191 (ι
489 2158 620 2195 Vlll....
647 2158 747 2202 Quod
776 2170 854 2194 vero
879 2159 1005 2194 attinet
1030 2159 1072 2193 ad
1099 2158 1266 2193 directam
1300 2157 1475 2201 Evangelii
1498 2155 1791 2202 praedicationem

165 2218 294 2264 optime
320 2218 644 2253 animadverterunt
672 2217 788 2253 Patres
820 2218 1056 2257 Cansinenses
1086 2218 1177 2252 hanc
1193 2216 1413 2262 praecipuam
1429 2215 1644 2261 apostolatus
1661 2218 1792 2259 partem

167 2278 303 2323 impleri
332 2288 404 2312 non
432 2277 544 2312 solum
575 2276 710 2322 publice
737 2281 769 2311 et
796 2277 831 2310 in
858 2276 1025 2318 ecclesiis,
1047 2276 1104 2312 sed
1123 2275 1324 2322 praesertim
1342 2275 1377 2309 in
1393 2273 1555 2309 domibus
1582 2272 1792 2318 familiisque

167 2336 321 2382 privatis.
350 2336 442 2371 ldem
471 2335 647 2371 Praesules
673 2340 765 2370 recte
790 2335 983 2370 docuerunt
1010 2335 1044 2369 in
1075 2335 1306 2381 praedicando
1325 2345 1395 2369 non
1414 2333 1605 2368 subtilitate
1622 2331 1792 2381 sermonis

166 2396 223 2430 sed
252 2395 476 2440 simplicitate
502 2395 702 2439 evangelica
729 2405 802 2430 esse
829 2395 1010 2438 utendum,
1039 2394 1082 2429 ad
1110 2393 1318 2429 refellendas
1344 2392 1607 2438 superstitiones
1625 2391 1791 2437 optimam

165 2465 239 2489 esse
266 2454 466 2489 methodum
496 2453 600 2488 libros
626 2453 857 2499 apologeticos
883 2453 1083 2497 evulgandi,
1112 2453 1301 2488 honorifice
1320 2462 1380 2498 pro
1406 2462 1467 2487 suo
1481 2462 1654 2497 quemque
1667 2450 1789 2495 gradu,

164 2518 196 2547 et
223 2512 373 2557 benigne
400 2524 521 2547 omnes
547 2513 695 2557 gentiles
722 2513 943 2558 excipiendos
970 2523 1057 2553 esse,
1098 2523 1216 2547 eorum
1257 2511 1522 2546 infirmitatibus
1552 2521 1625 2546 esse
1653 2521 1792 2556 parcen-

164 2573 261 2612 dum,
290 2582 479 2617 eorumque
507 2571 614 2606 dubia
639 2572 750 2606 amice
776 2577 808 2606 et
835 2572 926 2607 clare
952 2576 982 2606 et
1010 2571 1141 2616 absque
1160 2571 1391 2606 ostentatione
1409 2581 1483 2606 esse
1501 2569 1678 2605 solvenda.
1701 2568 1791 2604 Haec

166 2630 314 2675 profecto
341 2630 488 2665 consilia
514 2629 592 2664 aliis
619 2640 756 2675 quoque
784 2629 930 2664 vicariis
958 2630 1048 2675 App.
1079 2641 1138 2675 pro
1165 2630 1235 2664 suis
1255 2629 1480 2664 Missionibus
1494 2627 1790 2674 opportunissima

165 2688 389 2731 videbuntur,
417 2688 592 2734 iidemque
618 2699 657 2723 ea
684 2689 725 2723 ad
754 2689 886 2734 praxim
915 2689 1084 2723 deducere
1110 2688 1397 2733 procurabunt».
1427 2687 1465 2722 Et
1484 2687 1598 2721 infra:
1630 2700 1643 2718 «
1665 2686 1788 2721 abhor-

166 2747 313 2782 rendum
341 2758 415 2782 esse
440 2746 484 2781 ab
511 2747 606 2782 omni
636 2747 854 2782 immixtione
881 2747 917 2781 in
945 2748 1047 2782 rebus
1069 2747 1217 2793 politicis
1237 2747 1453 2791 negotiisque
1472 2745 1609 2785 Staius;
1631 2745 1713 2780 dum
1731 2755 1787 2790 po-

285 2867 294 2886 1
323 2865 443 2899 Instr.
477 2865 518 2898 18
546 2864 631 2899 Oct.
664 2865 764 2899 1883.
796 2865 1048 2899 Collectauea
1076 2865 1112 2899 S.
1139 2864 1177 2899 C.
1206 2864 1252 2899 de
1280 2864 1321 2897 P.
1352 2864 1392 2898 F.
1411 2875 1447 2897 n.
1470 2863 1571 2897 1606.
