1965 3240
754 569 1201 655 INDEX

371 733 788 789 CANONUM
836 732 938 785 ET
987 729 1588 784 OOMMENTARII

957 890 1022 900 e--ae

967 899 1015 923 ‘5⁸

748 1072 934 1114 LIBER
965 1070 1227 1112 TERTIUS

829 1171 910 1220 De
948 1169 1140 1219 Rebus.

770 1321 907 1359 PARS
939 1318 1203 1358 SECUNDA.

545 1412 619 1455 De
653 1411 780 1454 locis
813 1415 867 1454 et
898 1411 1225 1465 temporibus
1257 1411 1435 1453 sacris.

868 1549 1048 1584 SECTIO
1076 1549 1105 1582 Ι.

800 1634 860 1673 De
889 1633 995 1672 locis
1025 1633 1176 1672 sacris.

175 1743 396 1777 Bmznvono
422 1749 606 1775 LECTom.

175 1801 269 1836 Can.
300 1799 504 1835 1154-1160
544 1827 551 1833 .

173 1860 385 1905 Inscriptio
412 1859 600 1894 sectionis
627 1870 671 1893 ac
697 1858 873 1892 eiusdem
899 1857 1197 1902 praeliminares
1227 1868 1396 1891 canones
1425 1884 1431 1890 .

173 1920 365 1953 Locorum
391 1929 589 1952 sacrorum
615 1917 725 1952 notio
757 1943 765 1951 .

172 1978 358 2012 Minister
384 1977 692 2012 consecrationis
718 1976 794 2011 loci

175 2036 360 2070 Minister
386 2035 592 2081 legitimus
619 2034 911 2069 benedictionis
938 2034 1125 2068 solemnis
1152 2033 1228 2068 loci
1255 2034 1354 2067 sacri
1423 2061 1430 2068 .

175 2095 233 2130 De
261 2095 460 2130 Ordinarii
486 2105 681 2129 consensu
707 2094 925 2128 necessario
984 2120 991 2128 .

174 2155 468 2189 Documentum
494 2153 805 2188 consecrationis
831 2157 902 2187 aut
928 2152 1219 2187 benedictionis
1246 2152 1320 2186 loci
1347 2152 1447 2186 sacri

175 2213 361 2248 Probatio
387 2212 694 2247 consecrationis
719 2216 789 2246 aut
815 2211 1105 2246 benedictionis
1131 2211 1206 2245 loci
1233 2211 1332 2245 sacri

175 2271 354 2308 Effectus
380 2273 478 2306 iuris
503 2283 553 2306 ex
579 2271 874 2306 consecratione
901 2271 965 2306 vel
990 2270 1268 2305 benedictione
1298 2270 1373 2304 loci
1427 2296 1434 2304 .

854 2400 1042 2437 TlTULUS
1068 2401 1125 2436 lx.

843 2486 899 2519 De
931 2485 1143 2520 Ecclesiis.

178 2569 271 2604 Can.
302 2568 504 2603 1161-1187
541 2594 549 2602 .

178 2627 360 2662 Schema:
389 2627 550 2661 Titulus
575 2626 646 2661 IX.
677 2626 734 2660 De
761 2626 939 2660 ecclesiis
984 2653 991 2660 .

177 2685 418 2720 Distributio
445 2684 641 2719 Sectionis
670 2684 712 2718 in
738 2684 882 2718 titulos

176 2743 389 2788 Inscriptio
415 2742 542 2777 Tituli
567 2746 608 2777 et
633 2753 828 2777 canonum
855 2742 1098 2777 coordinatio

177 2803 375 2838 Ecclesiae
401 2802 511 2836 notio
543 2828 550 2836 .
764 2828 771 2836 .

178 2861 435 2897 Conditiones
461 2859 670 2894 canonicae
696 2859 950 2894 aedificandis
976 2861 1152 2895 ecclesiis
1206 2886 1212 2893 .

178 2919 408 2955 Benedictio
437 2917 613 2963 primarii
638 2917 782 2962 lapidis

1533 1942 1540 1949 .
1595 1917 1686 1949 1154

1533 2001 1540 2008 .
1597 1975 1687 2009 1155

1536 2828 1542 2835 .
1597 2801 1686 2835 1161

1534 2886 1542 2894 .
1598 2860 1687 2893 1162

1535 2944 1542 2951 .
1597 2918 1687 2951 1163

1607 1693 1686 1715 CAN.
1724 1693 1803 1714 PAO.

1702 1764 1708 1771 .
1779 1747 1804 1771 V

1787 1801 1800 1831 1

1783 1858 1805 1890 2

1534 2061 1541 2068 .
1596 2035 1687 2069 1156
1783 2036 1805 2068 4

1536 2120 1542 2127 .
1597 2094 1687 2128 1157
1785 2094 1805 2126 5

1535 2178 1543 2186 .
1599 2153 1689 2187 1158
1787 2169 1800 2182 υ

1535 2238 1541 2245 .
1596 2212 1686 2246 1159
1785 2212 1805 2245 6

1538 2300 1544 2305 .
1599 2271 1690 2304 1160
1785 2271 1806 2305 7

1786 2567 1805 2600 7

1785 2626 1807 2660 8

1763 2686 1805 2718 11

1763 2743 1806 2776 12

1762 2860 1806 2894 13

1763 2917 1806 2951 15
