1965 3240
150 127 219 162 342
410 127 494 162 Lm.
520 127 590 162 ΙΙΙ.
618 147 630 153 -
656 127 767 162 PARS
792 128 859 162 IV.
890 148 902 153 -
927 127 985 163 De
1009 131 1235 173 magisterio
1260 129 1511 164 ecclesiastico

324 246 369 304 9)
405 246 572 303 Propria
597 251 683 289 tum
706 243 964 303 Officiorum,
989 251 1077 290 tum
1101 245 1318 290 Missarum
1351 246 1525 292 alicuius
1550 247 1770 304 Dioecesis,

150 315 321 363 Ordinis
352 330 424 360 seu
458 315 800 373 Congregationis
833 316 1063 374 religiosae.

330 386 372 444 li)
405 386 644 431 Memoriale
676 387 846 431 Rituum
879 387 1030 431 Bened.
1066 387 1200 444 Papae
1235 387 1326 431 Xlll
1349 401 1422 444 pro
1446 387 1675 432 minoribus
1697 388 1772 432 Ec-

152 459 302 503 clesiis.

327 530 361 587 i)
395 530 613 573 Instructio
644 528 901 574 Clementina
937 543 1009 584 pro
1052 531 1309 587 expositione
1350 529 1469 576 Ssmi.
1504 530 1773 575 Sacramenti.

320 600 357 659 y)
389 600 586 645 Collectio
620 600 889 645 Decretorum
924 601 962 646 S.
996 600 1165 644 Rituum
1199 599 1356 657 Cong.is
1379 616 1419 642 n.

272 672 566 715 instructiones
598 674 709 715 circa
742 672 964 715 editionem
1000 675 1037 714 et
1070 670 1413 727 approbationem
1445 670 1647 715 librorum
1680 684 1794 716 can-v

153 749 239 787 tum
289 743 527 800 liturgicum
576 745 870 799 gregorianum
915 744 1213 785 continentium
1264 744 1534 786 inveniuntur
1576 744 1614 786 in
1659 742 1775 787 Dec.⁰

159 832 179 856 α
203 813 339 867 Quum
374 814 665 858 Sanctissimus
686 829 708 854 ))
746 813 784 856 S.
808 811 849 857 C.
884 812 1051 856 Rituum
1078 813 1104 855 1.
1139 838 1196 844 —
1231 812 1298 855 «l.
1333 812 1524 857 Editores
1555 827 1627 857 seu
1660 818 1779 870 typo-

153 885 343 943 graphi...
378 887 447 942 qui
482 886 751 941 gregorianas
785 883 984 927 melodias
1017 884 1209 927 editionis
1242 883 1507 929 Vaticanae...
1538 886 1777 941 imprimere

156 957 405 1001 voluerint...
440 969 462 999 a
495 955 601 999 Sede
634 955 777 1011 Aplca.
813 957 926 1011 prius
960 954 1195 998 facultatem
1231 954 1418 998 obtinere
1451 955 1668 1000 curabunt.

272 1027 318 1070 11.
354 1027 413 1069 Ab
447 1040 692 1084 unoquoque
724 1040 776 1068 ea'
809 1024 1049 1068 liaiitsmodi
1080 1024 1367 1076 edi'toribas‚...
1392 1030 1515 1068 erant
1546 1025 1780 1083 diliyentis-

155 1099 258 1142 sime
281 1096 537 1141 attendenda
566 1102 603 1140 et
626 1096 856 1139 servanda:

273 1168 426 1213 Forma
459 1167 701 1211 notularum
737 1166 1045 1224 aliorumque...
1077 1167 1335 1224 simiorum„

277 1239 390 1284 Ordo
424 1253 502 1297 qao
535 1237 701 1281 eaedem
735 1237 948 1281 notulae...
983 1237 1062 1280 sibi
1094 1236 1332 1280 succedant.

274 1310 423 1354 Modus
436 1324 514 1368 qao
534 1310 694 1368 ipsae...
705 1321 784 1366 pro
802 1307 829 1351 d
834 1308 981 1350 icersis
994 1321 1255 1351 izeitiiiaram.
1265 1339 1287 1348 ..
1299 1307 1408 1365 form
1416 1306 1458 1350 ul
1464 1307 1498 1350 is
1511 1307 1778 1364 copulantur.

274 1386 314 1425 et
345 1380 667 1424 Absolutissima
701 1392 861 1436 qaoque
893 1377 1106 1422 verboram
1141 1378 1255 1421 sacri
1289 1383 1426 1421 textus
1458 1377 1611 1421 relatio
1636 1377 1692 1420 ad
1713 1392 1780 1421 no-

160 1453 272 1497 tulas
304 1458 495 1496 cantas...

275 1523 341 1567 lll.
374 1522 575 1567 Editione
603 1527 762 1579 parata
795 1536 843 1564 ae
876 1520 1077 1579 conjecta,
1110 1519 1231 1579 nefas
1254 1520 1335 1563 erit
1359 1520 1495 1578 ipsam
1523 1520 1720 1578 evulqare
1742 1526 1781 1564 et

158 1596 202 1639 in
234 1594 371 1639 sacris
397 1593 685 1652 functionibus
729 1591 928 1636 adhibere
970 1592 1131 1650 cuique,
1164 1591 1250 1634 nisi
1282 1605 1372 1634 eam
1410 1590 1669 1635 Ordinarias
1702 1590 1782 1634 loci

157 1665 446 1711 declaratione
478 1664 694 1718 munierit,
727 1677 807 1721 qua
841 1662 892 1706 de
923 1663 1013 1705 eius
1045 1661 1346 1705 concordantia
1380 1667 1539 1705 constet
1571 1676 1659 1704 cam
1693 1661 1779 1705 edi·

160 1738 273 1781 tione
305 1737 462 1795 typica·
491 1735 706 1778 Vaticana.

277 1807 341 1851 lv.
381 1805 640 1850 Ordinarias
673 1819 768 1848 cero
801 1804 1128 1848 declarationem
1175 1802 1416 1846 liitiasmodi
1457 1816 1539 1846 non
1571 1802 1782 1854 concedat,

159 1880 245 1923 nisi
274 1878 397 1937 prius
429 1890 619 1920 censores
652 1875 694 1918 in
730 1881 855 1918 canta
885 1875 1142 1932 qreyoriano
1163 1874 1307 1931 periti.
1333 1872 1558 1917 collatione
1579 1872 1695 1931 facta
1719 1872 1780 1916 di-

161 1949 451 2008 Iiyentissime,
484 1948 527 1991 in
561 1947 747 2004 scriptis,
781 1951 957 1989 onerata
991 1945 1260 1995 conscientia,
1297 1949 1502 1987 testentur
1523 1957 1671 1987 novam
1698 1943 1784 1987 edi-

163 2023 312 2066 tionem
352 2034 440 2063 cum
487 2018 689 2062 Vaticana
722 2017 889 2060 omnino
923 2015 1178 2059 concordare
1204 2032 1243 2058 )).
1582 2062 1586 2066 .

279 2090 425 2144 Quoad
459 2089 687 2147 prohibitas
723 2101 821 2131 vero
849 2087 1082 2131 additiones
1105 2089 1143 2129 in
1170 2087 1363 2143 praefatis
1388 2085 1502 2129 libris
1524 2090 1668 2129 cantus
1691 2098 1781 2142 gre-

161 2166 336 2221 goriani,
355 2161 623 2206 recolendum
643 2164 703 2203 est
726 2162 850 2202 etiam
874 2158 970 2201 Dec.
991 2158 1175 2201 eiusdem
1200 2157 1238 2202 S.
1259 2156 1417 2213 Cong.iS
1441 2157 1454 2179 ²
1489 2158 1527 2199 in
1552 2158 1670 2200 cuius
1692 2169 1730 2199 n.
1750 2156 1782 2199 11

162 2236 336 2279 dicitur:
371 2231 728 2290 Reprodactiones
759 2230 810 2272 ei.
835 2229 898 2272 ed.
921 2229 1099 2287 typicae,
1124 2242 1230 2286 qaae
1250 2226 1548 2285 praeseferunt
1571 2227 1691 2285 siqna
1715 2240 1782 2269 sa-

159 2304 426 2364 perindacta,
458 2302 639 2361 ristmica
673 2301 800 2352 dicta,
829 2314 908 2358 per
941 2299 1111 2342 (thusum
1146 2298 1288 2342 vocari
1325 2297 1530 2341 editiones
1566 2297 1781 2356 rytmicas,

163 2382 329 2434 atque...
364 2375 539 2432 faisse...
572 2371 766 2430 precario
800 2370 1030 2414 toleratas:
1063 2369 1170 2412 llam*
1206 2382 1302 2412 vero
1347 2368 1662 2411 tolerantiam...
1696 2381 1782 2410 am—

158 2447 274 2506 plius
305 2460 384 2489 non
420 2444 602 2499 admitti,
637 2442 722 2485 nisi
751 2455 830 2500 pro
862 2440 965 2484 solis
997 2439 1252 2483 editionibus
1285 2439 1369 2482 iam
1391 2437 1520 2496 factis
1548 2437 1782 2483 Gradualis

163 2523 201 2561 et
238 2516 372 2574 Officii
408 2515 720 2573 Desunetoram.

280 2586 353 2630 His
388 2585 708 2643 praesuppositis
739 2596 789 2625 ex
824 2584 911 2624 iure
946 2594 1079 2637 praec.
1115 2583 1290 2624 transire
1323 2583 1482 2635 oportet
1507 2578 1557 2621 ad
1582 2580 1781 2634 interpre-

162 2661 358 2702 tationem
392 2670 483 2698 can.
518 2656 650 2703 1390,
685 2656 723 2695 in
758 2665 838 2710 qua
873 2664 968 2708 prae
1007 2651 1137 2694 oculis
1181 2649 1395 2694 habendae
1439 2654 1482 2691 ut
1525 2648 1784 2704 applicemur

164 2741 332 2773 normae
365 2731 597 2784 sequentes.
641 2721 844 2768 «Omnes
893 2722 1107 2778 liturgicae
1151 2722 1347 2777 (proprie,
1390 2733 1461 2762 seu
1505 2718 1703 2762 habentes
1741 2722 1784 2761 ut

284 2884 293 2905 ¹
324 2883 364 2915 11
385 2881 486 2925 Aug.
513 2879 611 2913 1905.
640 2899 680 2903 —
700 2878 713 2899 ²
732 2878 777 2911 25
795 2877 880 2910 Ian.
902 2876 1004 2909 1911.
