1965 3240
147 100 218 134 492
259 98 261 101 ’
737 95 822 130 LIB.
846 94 917 128 ΙΙΙ.
944 114 957 119 -
983 93 1040 128 De
1068 93 1181 127 rebus

146 218 301 261 luntate
334 214 582 272 legislatoris
613 227 696 256 uon
727 212 862 255 solum
884 211 924 269 a)
948 210 1139 255 Ecclesia
1169 209 1366 253 mziversa
1399 221 1481 267 qua
1513 210 1701 263 societas,
1725 212 1769 251 ut

145 292 205 331 est
237 286 400 330 solitum
437 287 475 328 in
509 283 672 333 Codice,
709 283 748 337 b)
779 288 853 326 aiat
886 281 1012 326 Sedes
1044 280 1286 338 Apostolica
1319 284 1364 324 ut
1397 281 1623 337 numquam
1667 278 1769 322 alias

145 360 184 401 in
208 357 370 411 eodem,
392 354 465 398 sed
486 354 614 398 eliam
647 353 687 411 c)
710 353 919 411 quaelibet
938 365 1121 410 persona
1143 350 1320 394 moralis
1343 350 1386 393 in
1407 348 1611 399 Ecclesia,
1645 365 1667 390 «
1685 348 1767 392 col-

145 427 304 485 legialis
337 431 376 470 et
408 439 487 469 non
521 423 750 481 collegialis
772 440 793 465 »
821 425 926 480 (can.
952 422 1040 479 99),
1063 421 1149 464 nisi
1180 421 1221 478 a)
1250 435 1301 464 eoe
1333 425 1530 464 contemtu
1561 418 1768 462 sermonis

146 498 188 556 b)
221 497 284 541 vel
315 511 367 540 esc
398 501 556 539 natura
587 495 652 538 rel
684 495 735 538 de
758 507 839 552 qua
861 499 1008 550 agatur
1031 491 1152 535 aliud
1183 492 1399 535 diversum
1422 504 1495 534 seu
1517 490 1767 547 significatio

144 571 332 613 restricta
364 572 478 612 certo
511 571 730 624 appareat.
771 581 791 606 «
815 564 998 609 Ecclesia
1023 579 1043 604 )·›
1081 576 1180 620 ergo
1204 565 1242 605 in
1268 562 1345 606 hac
1368 563 1491 605 Sexta
1516 561 1633 604 Parte
1657 560 1767 604 idem

144 645 205 684 est
237 652 284 683 ac
323 654 343 680 (c
367 650 540 695 persona
574 636 743 680 moralis
774 648 880 694 quae
912 637 964 678 sit
1002 633 1164 690 publica
1207 635 1453 677 auctoritate
1495 633 1762 676 constituta»

146 714 259 754 iuxta
291 709 613 754 declarationem
648 706 942 751 Commentarii
977 705 1130 749 Textus
1163 704 1213 748 ad
1246 716 1336 748 can.
1373 704 1441 748 99.

261 778 466 834 Quaeres:
501 791 551 822 an
586 780 708 822 etiam
744 778 878 820 officia
912 776 1206 831 ecclesiastica,
1241 787 1346 833 quae
1380 773 1433 818 ibi
1467 773 1651 817 diximus
1679 785 1769 815 esse

145 865 340 910 personas
374 850 563 893 morales.
599 875 651 880 —-
685 849 806 905 Resp.
841 850 1035 906 quamvis
1076 847 1372 890 contii-memus
1405 845 1538 889 officia
1571 843 1768 888 ecclesia-

143 925 246 966 stica
281 921 432 965 habere
478 922 614 964 omnia
659 931 860 976 personae
903 917 1071 961 moralis
1111 917 1329 973 elementa,
1372 920 1656 960 verumtamen
1690 912 1768 957 sub

144 993 266 1036 huius
299 994 464 1035 nomine
499 1004 576 1034 non
612 988 910 1047 praescribitur
943 989 993 1032 (le
1029 988 1107 1031 illis
1141 990 1180 1031 in
1203 986 1369 1041 Codice,
1394 991 1455 1030 ast
1478 985 1651 1030 ubilibet
1675 997 1766 1041 pro-

145 1066 233 1120 prio
268 1065 431 1106 nomine
465 1062 799 1105 denominantur.
832 1060 1095 1117 Quapropter
1118 1059 1417 1116 respondemus
1439 1058 1489 1101 ad
1509 1058 1766 1114 quaesitum:

144 1137 351 1191 negative.

261 1205 357 1247 409.
394 1205 582 1250 Divisio
617 1205 781 1249 Partis
813 1205 861 1247 in
893 1203 1086 1248 Titulos
1120 1200 1251 1245 facilis
1284 1213 1332 1244 ac
1366 1200 1498 1256 logica
1523 1203 1597 1254 est,
1620 1201 1652 1242 si
1676 1211 1770 1242 con-

143 1276 349 1319 sideretur
382 1274 558 1332 qualiter
592 1273 698 1317 bona
731 1274 831 1317 fiant
863 1273 1158 1326 ecclesiastica,
1190 1276 1230 1315 et
1252 1271 1348 1315 hinc
1371 1270 1446 1314 Tit.
1471 1269 1623 1314 XXVII
1661 1286 1683 1311 ((
1706 1269 1765 1313 De

144 1346 261 1390 bonis
284 1345 576 1389 ecclesiasticis
598 1345 919 1402 acquirendis»,
945 1345 1012 1401 qui
1033 1343 1253 1400 respondet
1277 1345 1356 1385 iuri
1380 1341 1637 1399 acquirendi.
1659 1340 1767 1384 Dum

145 1431 244 1460 vero
279 1419 509 1460 retinentur
541 1415 607 1459 illa
634 1415 753 1470 bona,
772 1418 834 1458 ins
856 1414 1172 1458 administrandi
1198 1419 1431 1467 exercetur,
1454 1425 1584 1470 quare
1608 1416 1768 1469 oportet

143 1493 187 1531 ut
211 1500 377 1531 normas
399 1487 468 1531 det
490 1486 564 1530 Tit.
587 1485 768 1530 XXVIII.
798 1502 821 1527 «
845 1485 902 1530 De
923 1485 1039 1529 bonis
1062 1484 1353 1528 ecclesiasticis
1371 1483 1767 1527 administrandis».

144 1558 251 1602 Bona
286 1558 451 1601 demum
487 1557 589 1601 haec
623 1558 712 1600 tieri
747 1561 915 1614 possunt
949 1570 1028 1599 non
1063 1556 1343 1600 ecclesiastica
1369 1554 1769 1612 pei-alienationem,

144 1641 267 1686 quam
288 1628 556 1672 moderantur
574 1641 753 1671 canones
776 1627 936 1671 collecti
956 1626 1032 1670 sub
1051 1626 1252 1683 ampliore
1275 1625 1350 1668 Tit.
1377 1624 1523 1668 XXIX.
1552 1641 1574 1666 «
1594 1624 1649 1668 De
1672 1637 1768 1668 con·

143 1698 398 1743 tractibus».
425 1698 530 1742 Huic
553 1698 812 1742 subnectitur
836 1703 1069 1755 postremus
1087 1697 1246 1740 Titulus
1265 1696 1381 1740 XXX
1401 1698 1626 1753 respiciens
1648 1708 1772 1752 quae-

144 1769 237 1812 dam
273 1769 534 1812 solummodo
568 1769 673 1812 bona
698 1769 955 1825 temporalia,
991 1782 1084 1812 seu:
1115 1767 1212 1811 «De
1237 1770 1313 1824 piis
1339 1766 1706 1810 fundationibus».

736 1923 967 1960 TITULUS
999 1922 1170 1960 XXVII.

491 2012 551 2054 De
586 2012 720 2055 bonis
756 2011 1078 2054 ecclesiasticis
1108 2010 1424 2065 acquirendis.

190 2133 274 2169 CAN.
306 2132 404 2167 1499.
436 2154 451 2158 —
481 2137 500 2175 ξ
529 2132 726 2168 I.Ecclesia
739 2133 918 2178 acquirere

148 2181 238 2216 bona
265 2180 468 2226 temporalia
496 2185 604 2226 potest
630 2179 794 2215 omnibus
820 2179 920 2214 iustis

144 2228 254 2263 modis
281 2228 366 2263 iuris
385 2227 456 2262 sive
478 2227 647 2263 naturalis
665 2227 737 2262 sive
769 2227 918 2272 positivi,

144 2275 272 2321 quibus
298 2275 331 2309 id
358 2275 436 2309 aliis
463 2275 552 2310 licet.

121 2324 123 2326 ’
190 2326 209 2364 ξ
236 2324 269 2355 2.
301 2321 501 2357 Dominium
542 2323 724 2364 bonorum,
762 2321 827 2356 sub
864 2332 920 2355 su-

146 2381 264 2415 prema
289 2369 493 2404 auctoritate
519 2368 617 2404 Sedis
635 2368 864 2414 Apostolicae,
877 2368 919 2402 ad

144 2427 219 2452 eam
251 2416 398 2461 pertinet
425 2416 590 2451 moralem
621 2426 815 2461 personam,
834 2426 921 2460 quae

142 2465 264 2499 eadem
292 2463 382 2498 bona
409 2463 560 2507 legitime
586 2463 818 2508 acquisiverit.

191 2509 275 2545 CAN.
305 2508 402 2543 1500.
432 2530 455 2535 -
482 2509 597 2544 Diviso
635 2510 807 2553 territorio
852 2519 921 2555 per-

144 2568 249 2592 sonae
276 2557 416 2593 moralis
449 2557 702 2592 ecclesiasticae
733 2558 780 2591 ita
807 2561 843 2591 ut
869 2556 919 2591 vel

144 2604 238 2639 illius
258 2616 336 2650 pars
353 2605 410 2639 alii
431 2615 595 2648 personae
623 2603 744 2639 morali
765 2604 919 2643 uniatur,

145 2652 194 2686 vel
223 2651 387 2687 distincta
416 2663 558 2697 persona
589 2651 728 2686 moralis
747 2662 807 2696 pro
828 2655 922 2696 parte

143 2698 394 2734 dismembrata
412 2699 574 2743 erigatur,
594 2699 700 2733 etiam
722 2697 812 2732 bona
830 2708 920 2732 com-

147 2746 269 2780 munia
296 2757 384 2791 quae
413 2745 445 2779 in
473 2746 694 2781 commodum
726 2745 830 2779 totius
858 2749 921 2779 ter-

146 2793 253 2827 ritorii
281 2798 381 2827 erant
406 2793 593 2833 destinata,
621 2797 652 2827 et
679 2803 737 2827 aes
766 2791 919 2826 alienum

145 2841 234 2884 quod
281 2851 339 2885 pro
382 2844 450 2875 toto
493 2839 664 2874 territorio
706 2843 921 2873 contractum

993 2132 1112 2173 fuerat,
1139 2132 1184 2167 ab
1210 2131 1413 2167 auctoritate
1439 2131 1684 2172 ecclesiastica,
1713 2131 1768 2166 cui

993 2179 1117 2214 divisio
1143 2183 1328 2225 competat,
1368 2190 1447 2214 cum
1486 2178 1602 2214 debita
1630 2189 1768 2224 propor-

994 2227 1087 2261 tione
1113 2237 1151 2262 ex
1179 2226 1269 2261 bono
1295 2231 1328 2261 et
1352 2236 1462 2272 aequo
1491 2225 1598 2260 dividi
1626 2225 1769 2266 debent,

994 2274 1099 2309 salvis
1126 2273 1259 2320 piorum
1297 2273 1520 2308 fundatorum
1559 2283 1618 2308 seu
1645 2272 1772 2308 oblato—

993 2332 1070 2356 rum
1087 2320 1340 2362 voluntatibus,
1357 2320 1491 2355 iuribus
1505 2319 1657 2364 legitime
1671 2330 1772 2365 quae-

994 2368 1081 2408 sitis,
1121 2378 1162 2403 ac
1200 2367 1333 2412 legibus
1370 2367 1610 2413 peculiaribus,
1642 2366 1771 2412 qulbus

995 2426 1142 2461 persona
1160 2415 1310 2452 ,moralis
1335 2419 1485 2459 regatur.
1626 2451 1629 2454 ,

1042 2461 1125 2497 CAN.
1161 2460 1259 2496 1501.
1292 2483 1308 2486 -
1337 2461 1496 2496 Extincta
1535 2472 1681 2507 persona
1700 2471 1770 2495 mo-

995 2509 1056 2544 rali
1085 2508 1328 2551 eclesiastica,
1366 2508 1440 2544 eius
1463 2508 1554 2543 bona
1581 2508 1669 2543 fiunt
1696 2518 1769 2553 per-

994 2567 1099 2592 sonae
1126 2556 1265 2591 moralis
1290 2555 1545 2591 ecclesiasticae
1571 2555 1771 2590 immediate

994 2603 1194 2649 superioris,
1235 2602 1340 2637 salvis
1378 2613 1513 2646 semper
1546 2602 1769 2637 fundatorum

995 2662 1053 2686 seu
1080 2650 1273 2685 oblatorum
1302 2649 1550 2693 voluntatibus,
1572 2649 1706 2697 iuribus
1725 2648 1769 2683 le-

994 2697 1115 2741 gitime
1155 2697 1321 2742 quaesitis
1358 2701 1463 2742 atque
1502 2696 1634 2741 legibus
1669 2705 1769 2742 pecu—

996 2744 1139 2779 liaribus
1177 2743 1303 2789 quibus
1341 2744 1493 2779 extincta
1528 2754 1673 2789 persona
1699 2746 1770 2776 m0-'

976 2828 980 2831 ,
995 2792 1077 2826 ralis
1105 2792 1297 2835 regebatur.

1043 2838 1127 2874 (Lm.
1151 2836 1262 2873 1502.
1293 2858 1310 2863 -
1338 2837 1389 2872 Ad
1417 2837 1630 2872 decimarum
1649 2840 1683 2871 et
1703 2834 1767 2880 pri-
