1965 3240
576 131 661 165 Trr.
690 131 782 165 XII.
811 151 822 156 -
850 131 906 165 De
931 132 1135 175 sepultura
1162 132 1415 165 ecelesiastica
1744 130 1809 163 ,115

886 328 1032 365 CAPUT
1059 329 1111 364 lll.

261 416 316 449 De
341 415 389 449 iis
415 414 555 458 quibus
582 415 784 458 sepultura
809 414 1070 449 ecelesiastica
1097 414 1335 449 concedenda
1363 417 1420 449 est
1447 417 1515 450 uut
1542 418 1730 459 neganda.

231 543 312 579 CAN.
346 542 444 578 1239.
463 547 518 589 -ξ
539 543 566 578 1.
584 544 634 578 Ad
663 544 878 589 sepulturam
905 554 957 579 ec-

181 591 410 626 clesiasticam
439 602 507 626 non
543 596 625 626 sunt
663 591 870 634 admittendi
899 591 956 636 qui

181 638 258 673 sine
285 638 457 684 baptismo
482 638 704 673 decesserint.

229 690 248 728 ἓ
263 684 295 720 ⁶2.
310 685 558 721 Catecbumeni
580 685 637 731 qui
660 685 756 720 nulla
774 697 837 720 sua
855 685 957 731 culpa

181 733 256 768 sine
283 733 456 776 baptismo
476 732 682 774 moriantur⁷
705 732 888 779 baptizatis
907 744 959 768 ac-

180 780 344 815 censendi
373 785 468 814 sunt.

227 831 247 870 5
273 828 305 865 3.
332 826 466 863 Omnes
493 827 656 874 baptizati
692 827 871 873 sepultura
904 838 956 862 ec-

179 874 371 910 clesiastica
397 875 551 910 donandi
578 879 674 915 sunt,
702 875 769 909 nisi
797 875 917 910 eadem
937 886 954 909 a

180 922 253 957 iure
278 933 438 968 expresse
466 922 657 968 priventur.

226 968 309 1004 CAN.
346 968 442 1004 124⁰.
461 973 512 1011 -ξ
533 969 566 1003 10
583 968 823 1004 Ecclesiastica
842 969 955 1015 sepul—

179 1020 257 1051 tura
276 1017 469 1063 privantur,
485 1016 551 1051 nisi
571 1021 653 1052 ante
671 1021 816 1052 mortem
837 1017 955 1062 aliqua

178 1063 338 1099 dederint
366 1064 600 1110 poenitentiae
626 1063 746 1108 signa:

251 1110 286 1146 10
324 1110 452 1147 Notorii
491 1115 668 1157 apostatae
704 1123 724 1146 a
763 1111 956 1146 christiana

178 1157 255 1200 fide,
293 1163 353 1194 aut
391 1163 504 1194 sectae
544 1158 735 1194 haereticae
770 1159 820 1194 vel
856 1158 952 1193 schi-

175 1205 341 1241 smaticae
365 1211 425 1241 aut
450 1211 562 1242 sectae
590 1206 805 1241 massonicae
834 1206 955 1242 aliisve

175 1252 329 1288 eiusdem
351 1254 488 1298 generis
507 1253 729 1289 societatibus
748 1253 880 1289 notorie
897 1254 956 1289 ad-

175 1300 280 1341 dicti;

246 1347 284 1383 20
294 1347 592 1383 Excommunicati
612 1348 663 1383 vel
685 1348 858 1384 interdicti
877 1354 953 1395 post

176 1395 385 1431 sententiam
413 1396 735 1431 condemnatoriam
763 1396 813 1431 vel
840 1396 953 1431 decla-

174 1442 357 1485 ratoriam;

244 1489 281 1525 3Ο
307 1489 374 1534 Qui
403 1501 438 1525 se
465 1490 527 1536 ipsi
555 1490 745 1526 occiderint
763 1491 952 1526 deliberato

172 1537 341 1579 consilio:

1104 542 1140 577 40
1166 542 1290 578 Mortui
1321 545 1353 578 in
1383 545 1496 579 duello
1515 551 1571 579 aut
1600 557 1638 581 ex
1668 547 1808 582 vulnere

1034 590 1113 625 inde
1140 591 1266 631 relat0;

1104 636 1142 671 50
1181 637 1248 681 Qui
1283 639 1524 673 mandaverint
1553 652 1653 674 suum
1681 653 1786 686 corpu

1031 685 1235 720 cremationi
1265 686 1373 726 tradi;

1103 731 1140 766 60
1151 733 1216 767 Alii
1233 739 1423 778 peccatores
1436 734 1561 779 publici
1575 740 1605 769 et
1619 736 1805 771 manifesti.

1080 783 1098 821 ἓ
1124 779 1156 816 Q.
1176 780 1389 816 Occurrente
1409 782 1592 827 praedictis
1613 783 1646 816 in
1667 783 1804 818 casibus

1030 827 1147 872 aliquo
1173 828 1290 869 dubio,
1317 829 1531 870 consulatur,
1559 830 1586 863 si
1612 835 1747 875 tempus
1766 831 1805 866 si-

1033 879 1102 915 nat,
1146 873 1375 917 Ordinarius3
1419 882 1644 922 permanente
1685 878 1802 917 dubio,

1030 922 1176 957 cadaver
1202 923 1399 968 sepulturae
1421 924 1672 959 ecclesiasticae
1692 926 1804 960 trada-

1031 973 1097 1008 tur,
1111 969 1158 1004 ila
1174 974 1288 1005 tamen
1306 975 1340 1004 ut
1358 976 1574 1006 removeatur
1587 972 1803 1007 scandalum.

1079 1016 1161 1051 CAN.
1185 1015 1286 1051 1241.
1312 1038 1327 1044 -
1351 1017 1492 1053 Excluso
1510 1019 1554 1053 ab
1572 1020 1804 1055 ecclesiastica

1030 1065 1209 1109 sepultura
1234 1065 1439 1109 deneganda
1465 1078 1602 1112 quoque
1629 1072 1709 1101 sunt
1730 1073 1802 1102 tum

1029 1111 1204 1156 quaelibet
1231 1112 1332 1147 Missa
1361 1114 1582 1159 exsequialis,
1611 1114 1714 1149 etiam
1742 1126 1802 1149 an-

1030 1159 1232 1194 niversaria.
1264 1164 1336 1194 tum
1363 1161 1433 1195 alia
1460 1161 1595 1206 publica
1623 1162 1733 1197 ollicia
1754 1163 1804 1197 su-

1029 1206 1163 1241 nebria.

1075 1253 1161 1289 CAN.
1184 1253 1284 1289 1242.
1301 1255 1362 1289 -Si
1385 1255 1454 1290 fieri
1476 1256 1551 1291 sine
1565 1257 1658 1301 gravi
1677 1257 1803 1292 incom-

1029 1302 1129 1336 modo
1171 1307 1286 1347 queat.
1332 1304 1478 1338 cadaver
1514 1305 1801 1340 excommunicati

1029 1349 1159 1384 vitandi
1189 1350 1260 1395 qui,
1291 1355 1409 1385 contra
1445 1362 1621 1386 canonum
1658 1356 1798 1397 statuta,

1027 1396 1241 1442 sepulturam
1271 1397 1305 1431 in
1335 1397 1406 1433 loco
1432 1409 1530 1433 sacro
1556 1398 1720 1436 obtinuit.
1746 1411 1801 1435 ex-

1027 1443 1246 1479 humandum
1265 1450 1327 1485 est,
1345 1450 1478 1481 servato
1498 1447 1708 1492 praescripto
1725 1458 1802 1484 can.

1030 1490 1132 1532 1214,
1161 1495 1179 1537 ξ
1210 1492 1238 1531 l,
1264 1496 1296 1527 et
1324 1493 1357 1527 in
1388 1493 1458 1528 loco
1485 1493 1629 1539 profano
1663 1494 1704 1529 de
1733 1505 1801 1540 quo

1027 1539 1060 1572 in
1090 1550 1167 1574 can.
1196 1538 1299 1583 1212,
1329 1541 1580 1586 reponendum.

290 1669 357 1711 99-
392 1671 649 1726 Inscriptio
685 1671 872 1727 Capitis
894 1684 955 1717 ac
977 1673 1100 1717 ordo
1124 1685 1364 1717 canonum
1389 1674 1480 1718 sub
1504 1687 1580 1719 eo.
1604 1674 1799 1730 Sequitur

170 1742 423 1794 postremum
457 1741 653 1783 sectionis
686 1742 844 1797 primae
881 1739 1016 1798 Caput
1048 1739 1126 1792 III,
1171 1741 1220 1799 ad
1261 1744 1379 1785 cuius
1418 1744 1696 1799 inscriptionis
1740 1746 1799 1787 in-

169 1808 439 1865 telligentiam
475 1815 706 1867 opportune
740 1812 1041 1868 praemittenda
1076 1816 1137 1855 est
1169 1815 1280 1856 notio
1314 1815 1415 1856 iuris
1447 1814 1497 1856 ad
1541 1814 1794 1871 sepulturam

168 1879 506 1936 ecclesiasticam,
555 1881 663 1939 quod
714 1886 796 1926 est:
851 1882 961 1926 «Ius
1003 1883 1217 1939 spirituale
1264 1884 1493 1927 secundum
1533 1899 1583 1927 ss.
1619 1898 1797 1929 canones

167 1955 407 2007 competens
440 1954 664 2010 unicuique
714 1952 838 2004 iitleli,
888 1958 931 1997 ut
963 1956 1052 1997 eius
1085 1955 1289 1998 demortui
1325 1968 1474 2012 corpus
1501 1956 1711 2010 sepultura
1736 1971 1798 2001 ec-

167 2021 395 2066 clesiastica
446 2025 610 2080 proprie
658 2024 768 2068 dicta
817 2025 1055 2069 donetur».
1106 2025 1171 2069 lus
1215 2026 1368 2069 dicitur
1405 2027 1706 2082 «spirituale»
1745 2028 1797 2071 ob

166 2106 288 2136 suum
322 2097 591 2151 praecipuum
641 2094 866 2151 obiectum,
915 2097 1022 2154 quod
1059 2101 1120 2140 est
1152 2097 1324 2140 formale
1372 2097 1622 2141 elementum
1669 2102 1795 2156 ipsius

165 2163 403 2220 sepulturae
436 2165 756 2211 ecclesiasticae.
792 2167 972 2210 Additur
1019 2170 1177 2211 «iuxta
1210 2181 1350 2211 sacros
1387 2181 1609 2211 canones»
1648 2171 1697 2212 ad
1735 2172 1792 2213 iu-

165 2235 377 2278 nuendum
412 2237 520 2293 quod
555 2236 700 2281 saltem
736 2238 975 2282 immediate
1008 2252 1057 2282 ex
1099 2238 1260 2295 legibus
1282 2239 1491 2283 Ecclesiae
1516 2248 1732 2296 promanat
1755 2248 1791 2286 et

166 2307 278 2350 iuxta
313 2306 403 2350 illas
437 2309 596 2364 regitur
628 2320 676 2352 ac
709 2314 769 2352 est
801 2310 1099 2353 exercendum.
1135 2309 1181 2353 Et
1206 2312 1302 2367 quia
1325 2309 1530 2354 obiectum
1554 2314 1668 2355 istius
1693 2315 1792 2357 iuris

164 2377 482 2433 comprehendit
505 2381 641 2422 omnia
679 2379 917 2436 sepulturae
940 2380 1247 2424 ecclesiasticae
1286 2381 1504 2435 elementa,
1527 2382 1792 2440 subiungitur

166 2449 204 2490 in
249 2448 512 2492 delinitione:
563 2450 886 2495 «ecclesiastica
929 2452 1141 2508 sepultura
1188 2455 1352 2508 proprie
1395 2453 1503 2495 dicta
1543 2453 1719 2497 donetur
1754 2472 1790 2495 x.

164 2517 367 2573 Competit
401 2519 479 2563 hoc
503 2522 565 2564 ius
583 2521 753 2565 cuilibet
791 2522 917 2577 fideli,
941 2525 1016 2566 nisi
1043 2525 1130 2566 iure
1154 2526 1353 2567 canonico
1378 2523 1658 2580 prohibeatur.
1685 2525 1785 2569 Natu

166 2594 208 2632 ut
239 2589 341 2633 alias
390 2591 508 2634 retuli
543 2605 592 2635 ex
628 2591 706 2636 Rit.
756 2592 888 2646 Rom„
936 2594 1148 2650 sepultura
1198 2594 1478 2637 ecclesiastica
1521 2595 1572 2638 ab
1605 2595 1788 2640 Ecclesia

162 2659 384 2704 adhibetur
420 2663 457 2704 in
493 2661 782 2706 defunctorum
818 2665 1077 2721 refrigerium
1114 2669 1153 2708 et
1186 2664 1398 2719 honorem,
1435 2667 1471 2707 in
1502 2668 1690 2709 vivorum
1726 2681 1788 2710 so-

164 2729 305 2774 latium
339 2743 387 2774 ac
420 2732 769 2788 aedificationem,
807 2734 976 2778 demum
1011 2737 1048 2778 in
1088 2738 1251 2791 signum
1287 2748 1451 2792 quoque
1486 2739 1788 2780 communionis

162 2801 469 2846 ecclesiasticae
502 2815 550 2847 ac
587 2806 807 2848 veritatum
858 2805 1082 2862 religionis.
1133 2805 1219 2849 Hae
1265 2820 1362 2848 vero
1402 2808 1580 2850 rationes
1614 2809 1651 2849 in
1689 2820 1786 2851 uno-

161 2884 326 2929 quoque
360 2872 543 2916 fidelium
577 2874 773 2919 det'uucto
807 2881 968 2932 urgent.
1010 2875 1093 2919 lmo
1117 2879 1212 2934 quia
1237 2875 1288 2920 ob
1310 2876 1534 2920 secundam
1559 2880 1599 2921 et
1621 2880 1782 2922 tertiam
