1965 3240
128 112 197 147 238
601 122 604 123 ⁷
718 113 804 146 Lus.
833 113 905 146 ΠΙ.
935 133 948 138 -
974 112 1032 148 De
1058 115 1170 148 rebus

131 233 289 274 venerit
333 231 399 274 ille
432 231 608 288 Spiritus
654 234 839 274 veritatis
881 231 1045 276 docebit
1083 246 1154 276 vos
1188 246 1353 276 omnem
1400 236 1678 289 veritatem»,
1711 246 1759 277 ac

130 304 241 358 prius
264 301 448 344 dixerat:
494 317 514 342 «
537 302 761 346 Par-aclitus
783 306 920 345 autem
945 302 1122 358 Spiritus
1144 308 1312 346 sanctus
1334 316 1457 361 quem
1485 305 1616 347 mittet
1642 303 1760 347 Pater

128 375 164 414 in
200 375 366 415 nomine
400 385 506 426 meo,
541 372 607 415 ille
643 386 715 415 vos
758 371 922 415 docebit
962 375 1113 419 omnia,
1149 378 1187 416 et
1220 379 1416 429 suggeret
1463 373 1578 418 vobis
1620 376 1757 417 omnia

127 455 415 500 quaecumque
448 443 594 486 dixero
632 442 748 486 vobis
766 459 805 487 )).
828 469 878 473 —
902 443 976 485 Pro
1001 448 1148 486 natura
1171 458 1270 500 ergo
1294 445 1468 501 depositi
1495 444 1760 488 revelationis

127 516 163 556 in
190 526 347 557 canone
370 514 536 557 additur
560 515 674 556 linis:
711 519 754 556 at
785 514 876 571 ipsa
905 514 1167 557 «Ecclesia»
1191 515 1500 572 perApostolos
1532 529 1760 573 eorumque

125 598 400 637 successores,
421 585 585 642 Spiritu
606 585 758 628 Sancto
777 585 936 641 iuqiter
953 585 1177 628 assistente
1196 588 1308 629 iuxta
1331 586 1456 630 verba
1474 587 1702 630 Salvatoris
1721 587 1757 629 ²:

130 671 148 695 a
170 655 217 698 Et
250 668 326 711 ego
354 655 509 711 rogabo
535 655 710 710 Patrem,
736 660 775 698 et
798 655 924 699 alium
952 656 1201 699 paraclitum
1227 656 1341 700 dabit
1368 657 1498 712 vobis,
1525 662 1565 700 ut
1594 661 1760 700 maneat

128 724 339 768 vobiscum
386 728 423 767 in
467 730 683 768 aeternum
709 742 746 781 )),
781 724 1019 768 doctrinam
1064 725 1307 780 revelatam,
1349 740 1454 784 (quae
1499 726 1758 781 «revelatio,

124 795 329 839 obiectum
368 796 462 839 lidei
497 796 726 840 catholicae
759 799 1028 847 constituens,
1047 797 1119 839 tuit
1144 810 1237 840 cum
1262 797 1470 853 Apostolis
1493 798 1756 854 completa»,

123 867 352 910 secundum
391 881 503 923 prop.
532 867 576 909 ⁶21
609 867 846 910 damnatam
882 869 920 910 in
956 867 1073 911 Dec.⁰
1099 867 1370 912 Lamentabili
1396 868 1424 923 ²,
1447 875 1590 912 sancte
1622 875 1756 912 custo-

123 936 233 979 diret
268 940 461 981 intactam
488 937 539 981 ab
563 940 673 981 omni
698 951 853 993 errore,
878 944 915 980 el
949 937 1146 994 fideliter,
1179 944 1299 995 prout
1324 944 1489 996 recepta
1523 941 1609 992 suit,
1633 954 1756 998 expo-

125 1013 239 1050 neret
264 1008 590 1064 «intelligentia,
614 1011 799 1062 scientia,
819 1011 1033 1065 sapientia,
1054 1009 1125 1052 sed
1161 1012 1198 1052 in
1233 1024 1307 1053 suo
1340 1010 1557 1053 dumtaxat
1589 1023 1756 1066 genere,

124 1080 161 1120 in
197 1078 343 1122 eodem
378 1079 537 1122 scilicet
571 1079 780 1135 dogmate,
815 1081 961 1123 eodem
997 1094 1134 1134 sensu,
1169 1080 1400 1138 eademque
1433 1083 1674 1124 sententia»
1699 1081 1727 1122 ³.

240 1150 298 1193 Ex
339 1149 475 1193 verbis
508 1150 724 1206 Evangelii
760 1153 895 1194 citatis
917 1151 967 1194 ad
997 1151 1125 1194 Partis
1148 1151 1270 1194 huius
1301 1154 1612 1207 inscriptionem
1648 1156 1758 1208 patet

124 1224 145 1275 3
179 1224 219 1265 ’3.
254 1220 471 1264 Ecclesiae
506 1224 543 1264 in
578 1221 786 1278 Apostolis
819 1235 1048 1280 eorumque.
1081 1222 1406 1276 successoribus,
1431 1221 1760 1280 independenter

123 1306 145 1334 a
181 1291 365 1349 qualibet
398 1291 514 1334 cicili
542 1298 766 1350 potestate,
791 1297 931 1349 utpote
963 1293 1086 1336 altius
1119 1306 1165 1336 ac
1199 1295 1287 1336 sine
1322 1293 1390 1336 tali
1425 1293 1660 1336 conditione
1695 1306 1756 1335 re-

124 1362 344 1416 petendum
383 1362 447 1404 ias
480 1368 540 1405 est
576 1363 790 1406 lundatum
827 1365 865 1405 in
902 1363 1045 1406 (livino
1080 1368 1314 1419 praecepto,
1334 1368 1372 1405 et
1405 1362 1582 1420 officiam
1611 1367 1758 1420 yentcs

122 1447 262 1475 ornnes
294 1432 578 1490 ecanyelicam
611 1433 863 1486 doctrinam,
892 1446 998 1490 quae
1031 1433 1238 1477 theoricas
1261 1439 1297 1477 et
1324 1436 1527 1490 practicas
1564 1435 1757 1476 veritates

121 1504 459 1559 supermiturales
492 1506 688 1550 continet,
723 1503 925 1548 docendi:
959 1503 1066 1546 lzanc
1102 1518 1193 1547 cero
1233 1503 1562 1560 «evangelicam
1603 1503 1755 1546 doctri-

123 1587 216 1617 nam
242 1591 260 1615 »
301 1575 382 1617 rite
415 1574 612 1626 ediscere,
645 1577 779 1631 prouti
813 1574 865 1618 ab
898 1574 1083 1618 Ecclesia
1118 1575 1292 1619 docetur
1324 1587 1371 1618 ac
1404 1575 1632 1618 secundum
1667 1576 1756 1617 eius

121 1648 436 1701 expositionem,
464 1659 684 1702 ceramque
711 1645 785 1688 Dei
807 1644 1041 1688 Ecclesiam
1066 1659 1237 1702 nempe:
1272 1645 1516 1689 cat11011ca1n
1542 1644 1754 1702 (trizplecti,

126 1721 280 1759 «extra
315 1729 438 1773 quam
475 1719 682 1759 neminem
718 1716 871 1759 salvari
906 1717 1156 1760 credimus»
1180 1716 1208 1771 4,
1234 1730 1374 1759 omnes
1406 1715 1550 1758 (lirina
1585 1715 1674 1771 leye
1703 1721 1754 1757 le-

122 1793 287 1837 uentur,
323 1789 435 1830 iuxta
481 1786 605 1829 illud:
646 1785 769 1839 «Qui
814 1787 1042 1830 crediderit
1085 1792 1123 1830 et
1168 1787 1395 1843 baptizatus
1437 1787 1571 1840 fuerit,
1614 1786 1755 1829 salvus

121 1860 210 1911 erit,
244 1860 312 1914 qui
351 1871 448 1900 vero
482 1871 560 1900 non
596 1858 821 1901 crediderit
854 1857 1240 1901 condemnabitur»
1266 1859 1302 1900 5:
1344 1873 1363 1898 ε(
1383 1857 1444 1900 Ad
1479 1857 1607 1900 solam
1643 1859 1752 1899 enim

120 1928 365 1971 catholicam
400 1928 628 1971 Ecclesiam
664 1941 710 1971 ea
747 1931 954 1985 pertinent
986 1931 1137 1983 omnia,
1163 1941 1269 1985 quae
1301 1928 1351 1971 ad
1386 1928 1622 1971 evidentem
1659 1927 1754 1970 fidei

119 1998 368 2042 christianae
410 1998 732 2042 credibilitatem
776 2004 858 2042 tam
904 1999 1031 2042 multa
1065 2004 1103 2042 et
1142 2004 1223 2042 tam
1271 2001 1374 2041 mira
1418 1999 1618 2042 divinitus
1660 2003 1753 2041 sunt

120 2069 355 2125 disposita»
384 2071 412 2112 ρ’.

160 2138 163 2141 ’
243 2141 335 2183 197.
371 2142 627 2187 obiectum
660 2143 777 2186 fidei
812 2143 1086 2187 catholicae
1111 2143 1207 2197 ipsis
1244 2140 1380 2184 verbis
1413 2139 1536 2185 Conc.
1569 2139 1751 2183 Vaticani

121 2213 310 2266 proponit
344 2225 432 2254 can.
469 2212 645 2265 13933
679 2214 714 2255 1.
743 2210 845 2253 Fide
878 2211 1036 2263 (licina,
1072 2212 1197 2255 idest:
1232 2224 1399 2254 assensu
1431 2209 1750 2267 supernaturali,

125 2297 142 2319 «
164 2295 259 2339 (tuo,
287 2281 356 2324 Dei
391 2285 599 2339 aspirante
633 2288 670 2325 et
704 2283 930 2326 adiurante
965 2285 1109 2338 gratia,
1140 2283 1191 2327 ab
1223 2283 1279 2326 Eo
1315 2282 1495 2326 revelata
1532 2294 1629 2325 vera
1663 2294 1751 2324 esse

119 2353 342 2405 credimus,
368 2367 445 2395 non
472 2359 639 2409 propter
664 2356 929 2396 intrinsecam
967 2368 1102 2396 rerum
1142 2356 1356 2397 veritatem
1382 2352 1557 2396 naturali
1583 2354 1754 2395 rationis

121 2422 274 2465 lumine
311 2429 583 2479 perspectam,
619 2425 688 2467 sed
726 2430 893 2480 propter
924 2427 1212 2467 auctoritatem
1250 2427 1375 2480 ipsius
1406 2423 1477 2466 Dei
1513 2422 1749 2475 revelantis,

119 2496 188 2549 qui
234 2507 308 2537 nec
353 2494 450 2547 salli,
486 2508 559 2538 nec
596 2494 737 2537 fallere
776 2500 968 2551 potest»,
1005 2501 1043 2537 et
1087 2494 1310 2547 catholica,
1345 2497 1440 2552 quia
1478 2493 1634 2538 «Unus
1671 2492 1750 2536 Do-

121 2566 268 2617 minus,
305 2578 383 2626 una
419 2565 533 2613 tides,
571 2579 695 2608 unum
734 2565 935 2622 baptisma
960 2582 999 2617 ι),
1021 2571 1062 2608 ut
1095 2567 1149 2608 ait
1184 2564 1231 2608 D.
1253 2565 1400 2608 Paulus
1419 2565 1448 2618 7,
1472 2565 1513 2621 a)
1538 2578 1585 2606 ea
1609 2563 1749 2606 onmia

238 2716 247 2736 1
276 2715 384 2749 Ioan.
421 2716 527 2756 XIV,
560 2716 612 2749 16.
656 2737 700 2741 —
739 2717 752 2738 2
784 2717 841 2750 3-4
875 2716 951 2750 Iul.
990 2717 1091 2753 1917,
1128 2717 1165 2750 S.
1205 2716 1245 2750 C.
1282 2716 1400 2760 Inq.⁵.
1430 2735 1473 2741 —
1499 2716 1513 2737 3
1540 2714 1673 2748 Const.
1704 2714 1749 2747 de

119 2761 193 2795 fide
229 2763 423 2796 catholica
458 2763 498 2796 in
536 2763 652 2797 Cone.
690 2764 895 2804 VaticanQ
934 2775 1015 2808 cap.
1044 2765 1065 2797 4
1092 2764 1133 2797 in
1166 2763 1255 2797 fine.
1287 2784 1327 2788 —
1355 2765 1368 2785 ⁴
1391 2762 1496 2796 Prof.
1525 2761 1616 2795 fidei
1643 2761 1749 2795 Wal-

119 2808 305 2842 ‹lenstbus
331 2810 377 2843 ab
405 2810 537 2844 Innoc.
565 2810 624 2844 ΠΙ
650 2811 901 2855 praescripta.
927 2831 971 2835 —
999 2812 1011 2832 5
1038 2811 1153 2845 Marc.
1185 2810 1291 2853 XVI,
1334 2810 1389 2844 16.
1429 2830 1464 2834 -
1498 2810 1511 2831 6
1539 2808 1672 2843 Const.
1704 2808 1748 2841 de

121 2855 194 2889 fide
221 2856 428 2897 catholica,
458 2869 538 2901 cap.
569 2857 638 2892 III.
671 2879 703 2882 —
738 2858 750 2879 7
777 2858 917 2902 Ephes.
946 2858 1012 2892 IV.
1043 2860 1074 2892 5.
