1965 3240
331 159 415 194 Trr.
446 159 614 194 XXVII.
642 180 655 185 -
684 160 739 195 De
763 161 873 194 bonis
898 161 1166 195 ecclesiasticis·
1195 161 1446 205 acquirendis
1638 161 1707 195 513

4 267 5 274 ἵ
70 276 274 321 scribit».
311 277 415 321 Hinc
451 278 580 336 liquet
623 281 921 336 opportunitas,
958 284 1001 322 ut
1045 282 1321 336 coniungatur
1354 283 1500 323 canoni
1537 293 1702 337 praecc-

69 347 181 390 denti
232 361 323 390 ecm.
361 350 475 391 151?
508 352 577 406 qui
618 365 636 390 ((
663 349 726 392 lex
778 351 943 392 irritans
976 354 1037 392 est
1062 366 1081 390 ))
1129 350 1238 407 (can.
1277 350 1360 407 ll),
1395 352 1491 393 duni
1537 353 1702 394 statuit:

70 416 201 462 Nulla
235 417 345 461 valet
374 420 673 477 praescriptio,
697 420 748 463 de
780 433 859 478 qua
896 422 933 462 in
960 420 1022 463 his
1057 421 1284 465 canonibus
1314 425 1466 477 agitur,
1490 421 1574 464 nisi
1597 421 1701 464 homi

0 516 2 523 ι
69 487 150 544 fide
168 488 346 542 m'latur,
369 492 475 533 sicut
496 493 533 533 in
555 490 676 534 (lonc.
702 490 892 534 (ienerali
926 491 1080 534 dicitur
1100 491 1134 532 1;
1167 490 1410 544 «Quoniam
1447 506 1567 535 omne
1591 492 1700 549 quod

70 573 147 602 non
183 565 240 604 est
275 574 324 603 ex
361 562 454 609 lide,
480 568 695 617 peccatum
731 562 1024 619 est„Synodali
1062 563 1214 605 iudicio
1248 564 1487 609 diffinimus,
1514 571 1552 606 ut
1592 563 1701 606 nulla

73 630 204 674 valeat
237 631 393 688 absque
429 632 534 676 bona
584 634 665 676 lide
700 635 986 690 praescriptio,
1029 638 1111 676 tam
1146 637 1345 677 canonica
1380 648 1503 691 quani
1539 634 1700 677 civilis:

68 701 169 746 Cum
204 702 456 758 generaliter
488 705 539 745 sit
572 706 682 746 omni
718 706 999 747 constitutioni
1023 708 1149 761 atque
1183 705 1473 748 consuetudini
1499 705 1700 761 derogan-

68 772 182 827 dum,
216 785 322 830 quae
370 772 527 831 absque
578 774 739 817 mortali
792 778 959 830 peccato
1008 787 1086 817 non
1140 779 1270 830 potest
1320 774 1548 818 observari.
1585 775 1700 819 Unde

67 847 242 899 oportet,
268 847 310 886 ut
341 846 409 901 qui
447 844 706 900 praescribit,
744 847 780 887 in
817 844 925 888 nulla
962 848 1159 901 temporis
1195 850 1308 901 parte
1344 848 1399 888 rei
1436 845 1586 889 habeat
1610 859 1701 889 con-

67 916 281 957 scientiam
315 913 534 966 alienae»,
557 929 628 958 seu
654 918 847 972 quoniam
883 915 946 973 (ut
979 917 1034 959 ait
1068 916 1186 959 Alex,
1213 916 1261 958 lll
1299 919 1336 958 in
1363 930 1452 972 cap.
1481 917 1504 959 ὃ
1530 919 1587 959 tit.
1614 917 1701 973 cit.)

73 984 226 1028 «nulla
261 988 429 1042 antiqua
464 986 624 1029 dierum
662 989 864 1042 possessio
890 989 1005 1030 iuvat
1034 987 1214 1044 aliquem
1241 987 1375 1030 malae
1410 987 1504 1031 tidei
1542 1001 1700 1043 posses-

67 1069 218 1110 sorem,
252 1058 328 1099 nisi
365 1059 580 1112 resipuerit
618 1062 832 1114 postquam
879 1071 921 1101 se
967 1061 1131 1101 noverit
1163 1058 1296 1101 aliena
1332 1058 1571 1115 possidere:
1607 1072 1701 1101 cum

68 1125 199 1170 bonae
233 1126 327 1169 fidei
366 1141 577 1182 possessor
610 1127 690 1171 dici
726 1141 804 1170 non
841 1130 1024 1184 possit».
1049 1126 1155 1181 Quia
1192 1142 1240 1171 ex
1266 1142 1352 1185 reg.
1379 1131 1480 1171 iuris
1504 1128 1527 1171 3
1552 1131 1591 1171 in
1618 1129 1699 1172 6⁰.:

72 1212 92 1238 ((
115 1198 210 1241 Sine
244 1201 501 1254 possessione
536 1201 805 1255 praescriptio
840 1212 917 1242 non
953 1200 1197 1255 procedit»,
1222 1212 1353 1243 canon
1390 1199 1538 1243 bonam
1576 1200 1700 1243 iidem

66 1281 189 1324 supra
224 1269 476 1312 declaratam
513 1283 561 1312 ex
601 1269 885 1314 Decretalibus
910 1273 1098 1328 requirit,
1126 1284 1206 1313 ‘non
1232 1270 1367 1313 solum
1390 1270 1515 1313 initio
1536 1284 1698 1329 posses-

66 1339 198 1382 sionis
217 1342 273 1383 rei
293 1340 574 1397 acquirendae
593 1340 645 1384 ob
669 1343 1052 1397 praescriptionem,
1081 1341 1142 1384 vel
1168 1344 1575 1398 quasi-possessionis
1600 1344 1701 1385 iuris

66 1410 136 1453 tali
171 1411 292 1454 modo
327 1410 554 1460 obtinendi,
589 1411 662 1454 sed
696 1416 797 1467 tolo,
822 1424 869 1455 ac
895 1426 971 1455 non
1000 1415 1230 1469 interrupto
1253 1415 1360 1456 sicut
1383 1413 1540 1456 dictum
1565 1417 1626 1456 est
1648 1413 1699 1456 ad

64 1493 152 1524 can.
179 1495 329 1537 praec,
350 1482 629 1539 possessionis
655 1483 717 1526 vel
738 1485 1142 1540 quasi-possessionis
1167 1488 1351 1541 tempore
1375 1486 1413 1527 in
1439 1496 1527 1528 can.
1554 1496 1693 1540 praec.

66 1551 122 1594 ad
152 1553 530 1610 praescriplienem
564 1553 780 1610 requisito.
817 1551 991 1610 Oportet
1028 1568 1208 1609 monere,
1242 1555 1352 1612 quod
1388 1568 1473 1611 reg.
1509 1555 1563 1597 72
1598 1557 1700 1598 iuris

66 1625 105 1665 in
141 1623 223 1666 60.:
253 1623 371 1678 «Qui
406 1625 499 1667 l'acit
526 1637 597 1680 per
629 1626 770 1679 alium,
796 1629 856 1668 est
890 1626 1062 1681 perinde
1085 1638 1133 1668 ac
1157 1628 1188 1668 si
1223 1626 1345 1669 faciat
1371 1640 1442 1682 per
1465 1628 1647 1683 seipsum
1673 1642 1692 1667 »

66 1696 309 1749 possessioni
344 1694 577 1750 applicatur
612 1697 870 1739 necessariae
903 1696 953 1739 ad
990 1698 1375 1752 praescriptionem,
1412 1699 1523 1739 iuxta
1559 1696 1697 1741 lnnoc.

64 1762 115 1806 ΙΙΙ
150 1766 187 1806 in
223 1776 311 1820 cap.
349 1765 401 1807 17
435 1767 502 1808 cit.
539 1767 598 1809 tit.
636 1765 703 1809 ubi
745 1768 803 1809 sic
846 1769 1006 1822 arguit:
1047 1782 1066 1807 «
1089 1780 1165 1810 nec
1200 1769 1526 1824 praescriptione
1560 1767 1697 1825 aliqua

65 1836 281 1888 muniaris,
314 1848 407 1878 cum
443 1836 675 1879 secundum
709 1838 1010 1880 confessionem
1044 1842 1173 1893 tuam,
1202 1851 1282 1881 non
1317 1837 1500 1881 Ecclesia
1541 1838 1697 1890 Pisana,

67 1905 129 1949 vel
164 1910 206 1948 tu
241 1906 367 1949 fueris
406 1908 444 1949 in
479 1909 874 1963 quasi-possessione
919 1910 1019 1951 iuris
1067 1909 1262 1965 exigendi
1308 1909 1546 1952 huiusmodi
1592 1911 1698 1953 iura-

64 1980 263 2031 mentum,
287 1977 397 2034 quod
433 1984 505 2033 per
537 1977 685 2021 Sedem
720 1977 1000 2034 Apostolicam
1034 1978 1085 2022 al)
1121 1981 1218 2035 ipsis
1250 1979 1457 2023 iudicibus
1483 1985 1694 2036 receptum

65 2047 190 2089 fuisse
225 2048 387 2091 fateris:
424 2061 496 2103 per
543 2048 652 2105 quod
696 2053 856 2092 constat
902 2048 1130 2093 Ecclesiam
1177 2050 1420 2104 Romanam,
1455 2064 1622 2107 semper
1656 2053 1693 2093 in

64 2118 455 2173 quasi-possessione
480 2119 617 2171 tuisse,
642 2132 735 2162 cum
772 2132 844 2175 pro
868 2132 915 2162 ea
951 2122 1179 2163 ministerio
1214 2125 1296 2175 tuo,
1321 2124 1361 2163 et
1383 2125 1693 2164 antecessorum

64 2190 230 2230 tuorum
262 2192 454 2230 exactum
489 2188 625 2243 fuerit,
649 2196 688 2232 et
723 2191 964 2244 praestitum
1000 2192 1304 2233 iuramentum:
1329 2195 1367 2234 et
1404 2193 1436 2233 is
1459 2193 1580 2234 etiam
1609 2205 1694 2247 pos·
1744 2181 1746 2186 ¹

63 2256 200 2300 sidere
232 2258 407 2313 dicatur,
440 2261 558 2302 cuius
591 2262 757 2303 nomine
793 2260 1085 2316 possidetur».

180 2325 378 2380 Quaeres,
423 2343 471 2372 eo
510 2330 619 2387 quod
664 2343 713 2373 ex
757 2343 846 2387 cap.
884 2331 935 2375 17
978 2331 1100 2376 huius
1142 2334 1200 2375 tit.
1239 2348 1262 2373 ((
1285 2335 1322 2375 in
1366 2335 1691 2389 praescriptione

63 2411 202 2441 rerum
245 2399 639 2455 ecclesiasticarum,
674 2401 778 2445 bona
823 2402 925 2445 tides
968 2408 1008 2446 et
1051 2405 1182 2446 iustus
1223 2403 1364 2447 titulus
1407 2406 1691 2460 exigantur»,

63 2481 162 2511 num
195 2468 291 2513 huic
327 2473 528 2527 principio
561 2473 613 2515 sit
642 2485 721 2529 per
759 2474 1026 2516 omissionem
1076 2487 1097 2517 a
1146 2472 1298 2517 Codice
1341 2474 1601 2530 derogatum.
1640 2500 1690 2504 —

63 2538 184 2595 Resp.
219 2542 369 2584 iustum
406 2541 569 2585 titulum
603 2543 841 2599 significare
878 2559 901 2585 «
918 2543 1101 2602 aliquem
1138 2544 1305 2588 modum
1331 2558 1411 2601 quo
1442 2547 1554 2587 iuxta
1581 2545 1693 2601 leges

62 2612 209 2653 transit
242 2611 471 2655 dominium
506 2626 645 2656 rerum
680 2612 731 2657 ab
767 2627 846 2656 uno
870 2616 908 2656 in
934 2614 1112 2658 alterum
1136 2617 1272 2658 statim
1297 2631 1338 2665 )),
1362 2617 1426 2658 cui
1455 2615 1576 2657 modo
1600 2615 1692 2659 sub-

0 2732 2 2739 ,
61 2683 249 2738 sequitur
282 2681 466 2738 legitima
501 2686 716 2740 possessio.
751 2684 858 2737 Quia
892 2698 992 2741 ergo
1026 2685 1131 2729 bona
1167 2686 1269 2728 tides
1302 2686 1410 2729 dicta
1445 2688 1515 2729 suit
1553 2699 1689 2729 neces-

61 2754 169 2796 saria
208 2755 291 2795 «in
326 2755 440 2796 initio
473 2757 788 2810 possessionis»
826 2755 876 2799 ad
913 2759 1297 2813 praescriptionem,
1331 2756 1397 2799 illa
1433 2759 1594 2812 concipi
1621 2769 1689 2799 ne-

178 2906 190 2927 1
218 2905 309 2950 Cap.
337 2906 383 2940 20
414 2905 490 2940 «de
516 2907 922 2952 praescriptionibus»
948 2908 1015 2952 (ΙΙ,
1043 2909 1103 2959 26.)
1132 2908 1179 2942 X.

144 2983 242 3011 BLAT
264 2990 289 3005 -’
309 2983 431 3012 Comm.
460 2984 544 3012 Text.
569 2984 644 3012 Ood.
668 2984 742 3012 Iur.
769 2986 850 3014 Can.
1566 2985 1605 3013 33
