1965 3240
172 144 240 179 582
367 143 451 177 Lm.
478 142 547 176 HI.
574 162 586 167 -
614 142 724 176 PARS
751 142 816 177 VI.
844 154 862 169 -·
882 143 939 177 De
963 143 1073 176 bonis
1099 142 1290 176 Ecclesiae
1315 141 1593 185 temporalibus

169 262 289 305 nibus
321 261 362 318 a)
394 261 437 303 in
470 260 669 311 ecclesiis,
704 260 744 317 b)
777 260 904 304 etiam
935 258 1246 318 paroecialibus
1278 262 1338 303 sic
1369 259 1490 303 dictis
1525 264 1690 316 propter
1724 271 1790 315 pa-

170 335 349 383 roeciam
383 331 437 375 ibi
471 333 749 385 constitutam,
775 344 854 387 non
888 331 939 374 de
974 332 1175 388 paroeciis
1196 329 1471 373 saecularium
1503 329 1788 383 eeclesiarum,

169 415 275 460 quae
310 404 444 445 forsan
490 401 693 457 religiosis
725 402 989 444 concreditae
1031 403 1124 455 sint,
1158 399 1456 457 religiosorum
1489 404 1789 457 eoeemptorum,

169 477 253 516 tum
293 475 625 528 «regularium»
649 471 758 527 (ean.
793 471 889 524 488,
915 471 993 529 7⁰),
1029 477 1114 514 tum
1151 473 1188 513 in
1221 469 1551 527 Congregatione
1585 470 1790 526 religiosa,

168 555 274 600 quae
308 556 455 599 nempe
487 543 537 586 ad
572 542 645 585 hos
679 544 767 585 iure
801 545 1017 598 pertineat,
1051 541 1149 584 iura
1194 546 1233 584 et
1279 540 1414 599 officia
1451 539 1677 584 Ordinarii
1708 539 1792 583 loci

169 613 383 671 bucusque
416 615 455 656 in
490 613 566 657 hoc
589 612 707 656 titulo
742 612 965 663 declarata,
989 626 1061 655 seu
1096 611 1146 654 de
1169 610 1315 669 quibus
1348 611 1392 654 in
1416 625 1506 654 can.
1531 612 1792 654 1545-1549

170 685 438 727 inveniuntur
481 686 747 740 praescripta,
793 683 1001 726 exclusive
1044 695 1141 739 erga
1190 680 1460 727 Ordinarium
1504 695 1670 739 quoque
1714 681 1792 725 loci

170 760 405 812 competunt
437 755 744 812 praedictorum
780 753 1000 812 Superiori
1034 753 1188 797 maiori
1221 753 1328 811 (can.
1364 753 1462 809 488,
1496 753 1575 810 80),
1607 751 1792 806 cuilibet,

170 828 240 883 qui
288 828 370 868 «in
416 828 504 869 iure
552 828 718 868 nomine
765 822 977 869 Ordinarii
1029 839 1100 882 pro
1142 827 1227 868 suis
1274 823 1451 880 subditis
1499 823 1787 880 intelligitur»

171 896 279 953 (can.
316 897 413 951 198,
444 896 472 954 ἓ
507 895 562 953 1).

289 966 384 1009 469.
421 968 493 1013 De
525 981 725 1012 onerum
769 968 1054 1012 reductione
1086 967 1275 1011 directa
1320 969 1369 1011 et
1407 979 1496 1022 per
1538 965 1791 1010 indultum.

169 1037 206 1081 S.
241 1036 390 1093 Congr.
424 1036 547 1081 Cone.
571 1040 609 1080 in
644 1037 762 1080 Ι)66.ο
801 1036 946 1081 «Cum
980 1049 1103 1092 saepe
1137 1038 1392 1092 contingat»
1426 1037 1671 1079 auctoritate
1693 1033 1792 1079 Urb.

173 1107 254 1150 Vlll
288 1107 324 1150 ¹:
363 1124 385 1148 «
409 1110 539 1164 primo
572 1108 757 1151 districte
792 1107 980 1163 prohibet
1028 1112 1151 1164 atque
1196 1106 1406 1150 interdicit.
1454 1119 1505 1149 ne
1537 1107 1718 1162 episcopi
1751 1107 1792 1149 in

168 1178 410 1222 dioecesana
444 1178 622 1235 Synoth,
651 1183 721 1222 aut
753 1178 959 1235 generalis
992 1181 1030 1220 in
1065 1177 1257 1234 capitulis
1289 1176 1568 1234 generalibus,
1596 1176 1657 1220 vel
1692 1176 1793 1220 alias

168 1249 472 1306 quoquomodo,
498 1249 699 1292 reducant
721 1262 845 1292 onera
880 1248 961 1292 ulla
987 1251 1205 1292 missarum
1225 1247 1586 1301 celebrandarum,
1611 1251 1679 1290 aut
1704 1251 1794 1304 post

168 1317 276 1361 idem
311 1317 539 1362 Concilium
564 1321 766 1375 imposita,
792 1324 862 1361 aut
895 1321 934 1361 in
961 1319 1101 1361 limine
1135 1319 1399 1373 fundationis,
1422 1317 1492 1361 sed
1521 1330 1592 1373 pro
1628 1316 1688 1359 his
1711 1330 1794 1360 om-

167 1388 287 1432 nibus
321 1390 567 1433 reducendis
600 1395 670 1433 aut
704 1390 968 1433 moderandis
1005 1390 1065 1433 vel
1091 1390 1398 1433 commutandis
1430 1389 1481 1432 ad
1510 1387 1792 1445 Apostolicam

166 1459 314 1503 Sedem
359 1466 611 1516 recurratur,
645 1473 763 1518 quae,
801 1474 844 1504 re
886 1461 1107 1517 diligenter
1151 1465 1379 1517 perspecta,
1412 1461 1451 1503 id
1495 1459 1789 1517 statuetquod

167 1532 298 1586 magis
322 1533 360 1573 in
387 1530 560 1575 Domino
593 1532 792 1588 expedire
814 1531 1108 1584 arbitrabitur,
1142 1531 1323 1588 alioquin
1350 1531 1625 1586 reductiones,
1651 1530 1792 1573 mode-

168 1603 359 1656 rationes,
392 1607 736 1646 commutationes
769 1602 1021 1655 huiusmodi,
1046 1605 1078 1646 si
1102 1615 1206 1660 quas
1228 1606 1370 1646 contra
1396 1601 1517 1644 buius
1551 1600 1791 1658 prohibitio-

166 1674 233 1715 nis
263 1673 437 1715 formam
471 1673 559 1716 fieri
594 1676 826 1729 contigerit,
862 1676 1029 1716 omnino
1055 1673 1187 1716 nullas
1219 1662 1342 1730 atque
1367 1675 1509 1715 inanes
1541 1672 1729 1715 decernit
1750 1687 1789 1714 ³).

282 1742 332 1785 Et
363 1756 486 1799 super
519 1743 595 1786 hoc
629 1746 761 1799 primo
796 1743 913 1787 Dec.⁰
945 1746 1180 1801 quaesitum
1225 1744 1319 1786 luit:
1367 1743 1508 1799 «quid
1544 1744 1577 1785 si
1610 1741 1791 1799 legatum

165 1815 217 1855 sit
249 1815 301 1856 ita
334 1818 468 1868 tenue,
503 1818 543 1856 ut
577 1827 656 1856 non
691 1816 741 1856 sit
774 1816 842 1871 qui
879 1814 978 1856 velit
1011 1827 1113 1857 onus
1147 1813 1203 1856 illi
1239 1816 1470 1857 iniunctum
1503 1813 1658 1867 subire,
1682 1817 1734 1867 et,
1758 1814 1791 1855 si

167 1884 464 1926 recurrendum
497 1886 548 1927 sit
590 1884 640 1926 ad
684 1884 833 1927 Sedem
868 1884 1147 1940 Apostolicam
1194 1898 1267 1940 pro
1313 1884 1596 1926 moderatione
1640 1885 1791 1938 oneris,

165 1957 295 1996 totum
328 1959 396 1997 aut
430 1955 514 1997 fere
547 1960 677 1998 totum
713 1955 1002 1998 insumendum
1038 1958 1089 1998 sit
1125 1969 1197 2011 pro
1231 1957 1424 2011 expensis
1457 1954 1506 1997 ad
1542 1954 1581 1997 id
1608 1966 1793 1997 necessa-

166 2024 268 2067 riis?
301 2030 340 2067 et
370 2025 483 2081 quid,
515 2027 548 2068 si
573 2027 835 2081 permittatur
867 2027 1060 2082 episcopo
1085 2028 1123 2068 in
1159 2025 1399 2068 fundatione
1434 2030 1476 2067 ut
1499 2027 1626 2081 possit
1648 2024 1791 2067 huius·

167 2095 278 2137 modi
311 2108 434 2138 onera
479 2095 760 2140 moderarffl...
794 2095 842 2138 Et
884 2096 1009 2139 Sacra
1052 2096 1197 2139 eadem
1241 2095 1515 2152 Congregatio
1555 2094 1789 2151 respondit:

166 2163 250 2207 Etsi
285 2164 465 2221 legatum
497 2168 549 2209 sit
581 2166 685 2209 adeo
719 2171 854 2221 tenue,
889 2166 1157 2210 nibilominus
1191 2180 1263 2223 pro
1303 2167 1545 2210 reductione
1576 2167 1713 2208 oneris
1747 2169 1793 2208 ut

166 2248 290 2291 supra
324 2238 515 2292 impositi,
549 2236 599 2280 ab
649 2237 792 2290 iis‚‘ad
836 2250 938 2294 quos
972 2240 1162 2293 pertinet,
1195 2238 1344 2281 Sedem
1389 2236 1666 2293 Apostolicam
1701 2249 1790 2279 esse

166 2305 413 2362 adeundam,
446 2320 552 2364 quae
585 2306 739 2364 absque
774 2307 854 2350 ulla
889 2310 1072 2364 impensa
1107 2308 1145 2351 id
1169 2312 1320 2351 statuet
1352 2308 1460 2365 quod
1487 2309 1619 2363 magis
1652 2309 1691 2349 in
1715 2305 1790 2349 Do-

168 2378 278 2418 mino
311 2390 332 2419 e
365 2390 407 2420 re
439 2391 527 2420 esse
562 2378 836 2432 iudicaverit,
876 2377 1180 2433 Verumtamen,
1216 2381 1247 2421 si
1281 2381 1321 2421 in
1357 2381 1442 2435 ipsa
1476 2377 1666 2421 beneficii
1699 2390 1787 2421 ere-

165 2449 300 2490 ctione
333 2446 526 2503 expresse
574 2453 741 2491 cautum
777 2450 901 2492 fuerit
935 2454 977 2492 ut
1025 2449 1145 2493 liceat
1178 2452 1371 2506 episcopo
1420 2451 1648 2491 iniunctum
1684 2460 1787 2491 onus

167 2517 366 2560 reducere
399 2523 438 2561 et
472 2519 691 2574 moderari,
726 2519 860 2576 legem
904 2519 1025 2563 banc
1053 2521 1320 2574 fundationis,
1352 2532 1477 2577 quam
1509 2519 1677 2562 decreta
1711 2518 1788 2562 hae

166 2587 216 2630 de
251 2601 293 2630 re
325 2588 434 2630 edila
469 2602 545 2631 non
579 2590 846 2645 sustulerunt,
881 2603 970 2633 esse
1007 2590 1185 2634 validam
1220 2595 1260 2634 et
1291 2589 1655 2634 observandam».

285 2657 371 2701 Hoc
405 2661 467 2701 ius
499 2660 741 2716 ampliatum
776 2661 901 2703 refert
933 2674 1022 2702 can.
1056 2654 1182 2714 1551,
1216 2663 1334 2704 cuius
1365 2663 1389 2715 ἓ
1423 2663 1444 2705 1
1478 2665 1538 2703 est
1571 2664 1788 2716 propterea

169 2729 498 2784 interpretandus
519 2733 583 2785 ila,
611 2735 653 2773 ut
679 2746 701 2771 «
725 2733 763 2773 in
787 2730 927 2786 dubio,
961 2743 983 2774 a
1020 2734 1148 2775 veteri
1174 2735 1262 2775 iure
1287 2745 1365 2775 non
1389 2734 1440 2775 sit
1464 2731 1783 2775 recedendum»

287 2880 297 2901 ¹
324 2881 383 2914 21.
413 2882 499 2915 lun.
531 2883 634 2916 1625.
