<?xml version="1.0" encoding="UTF-8"?>
<!DOCTYPE html PUBLIC "-//W3C//DTD XHTML 1.0 Transitional//EN"
    "http://www.w3.org/TR/xhtml1/DTD/xhtml1-transitional.dtd">
<html xmlns="http://www.w3.org/1999/xhtml" xml:lang="en" lang="en">
 <head>
  <title>
</title>
<meta http-equiv="Content-Type" content="text/html;charset=utf-8" />
  <meta name='ocr-system' content='tesseract 3.04.00' />
  <meta name='ocr-capabilities' content='ocr_page ocr_carea ocr_par ocr_line ocrx_word'/>
</head>
<body>
  <div class='ocr_page' id='page_1' title='image "./commentariumtext03blatuoft_0352.png"; bbox 0 0 1965 3240; ppageno 0'>
   <div class='ocr_carea' id='block_1_1' title="bbox 154 133 1516 179">
    <p class='ocr_par' dir='ltr' id='par_1_1' title="bbox 154 133 1516 179">
     <span class='ocr_line' id='line_1_1' title="bbox 154 133 1516 179; baseline 0.002 -9"><span class='ocrx_word' id='word_1_1' title='bbox 154 135 225 170; x_wconf 75' lang='lat'>340</span> <span class='ocrx_word' id='word_1_2' title='bbox 415 134 498 168; x_wconf 60' lang='lat' dir='ltr'>121ss.</span> <span class='ocrx_word' id='word_1_3' title='bbox 524 133 596 168; x_wconf 85' lang='grc' dir='ltr'><strong>ΙΙΙ.</strong></span> <span class='ocrx_word' id='word_1_4' title='bbox 627 154 638 160; x_wconf 88' lang='grc'>-</span> <span class='ocrx_word' id='word_1_5' title='bbox 665 133 776 168; x_wconf 78' lang='lat' dir='ltr'>PARS</span> <span class='ocrx_word' id='word_1_6' title='bbox 800 134 865 169; x_wconf 79' lang='lat' dir='ltr'>IV.</span> <span class='ocrx_word' id='word_1_7' title='bbox 892 154 904 160; x_wconf 95' lang='lat'>-</span> <span class='ocrx_word' id='word_1_8' title='bbox 930 135 987 169; x_wconf 85' lang='lat' dir='ltr'>De</span> <span class='ocrx_word' id='word_1_9' title='bbox 1015 137 1239 179; x_wconf 64' lang='lat' dir='ltr'>magisterio</span> <span class='ocrx_word' id='word_1_10' title='bbox 1264 137 1516 173; x_wconf 76' lang='lat' dir='ltr'>eeclesiastico</span> 
     </span>
    </p>
   </div>
   <div class='ocr_carea' id='block_1_2' title="bbox 912 194 1768 207">
    <p class='ocr_par' dir='ltr' id='par_1_2' title="bbox 912 194 1768 207">
     <span class='ocr_line' id='line_1_2' title="bbox 912 194 1768 207; baseline 0 0"><span class='ocrx_word' id='word_1_11' title='bbox 912 194 1768 207; x_wconf 95' lang='lat' dir='ltr'> </span> 
     </span>
    </p>
   </div>
   <div class='ocr_carea' id='block_1_3' title="bbox 127 253 1783 2716">
    <p class='ocr_par' dir='ltr' id='par_1_3' title="bbox 139 253 1783 1728">
     <span class='ocr_line' id='line_1_3' title="bbox 154 253 1783 314; baseline 0.002 -16"><span class='ocrx_word' id='word_1_12' title='bbox 154 256 255 298; x_wconf 91' lang='lat' dir='ltr'>iuris</span> <span class='ocrx_word' id='word_1_13' title='bbox 288 253 616 298; x_wconf 88' lang='lat' dir='ltr'>internationalis</span> <span class='ocrx_word' id='word_1_14' title='bbox 647 266 694 297; x_wconf 90' lang='lat' dir='ltr'>ac</span> <span class='ocrx_word' id='word_1_15' title='bbox 727 254 864 297; x_wconf 86' lang='lat' dir='ltr'>civilis</span> <span class='ocrx_word' id='word_1_16' title='bbox 906 254 1019 311; x_wconf 86' lang='lat' dir='ltr'>leges</span> <span class='ocrx_word' id='word_1_17' title='bbox 1061 256 1171 298; x_wconf 90' lang='lat' dir='ltr'>circa</span> <span class='ocrx_word' id='word_1_18' title='bbox 1206 255 1436 299; x_wconf 82' lang='lat' dir='ltr'>editionum</span> <span class='ocrx_word' id='word_1_19' title='bbox 1469 259 1783 314; x_wconf 80' lang='lat' dir='ltr'>proprietatem,</span> 
     </span>
     <span class='ocr_line' id='line_1_4' title="bbox 151 324 1780 383; baseline 0.002 -14"><span class='ocrx_word' id='word_1_20' title='bbox 151 328 183 370; x_wconf 89' lang='lat' dir='ltr'>si</span> <span class='ocrx_word' id='word_1_21' title='bbox 217 339 337 369; x_wconf 87' lang='lat' dir='ltr'>casus</span> <span class='ocrx_word' id='word_1_22' title='bbox 370 324 504 382; x_wconf 89' lang='lat' dir='ltr'>ferat),</span> <span class='ocrx_word' id='word_1_23' title='bbox 539 330 607 368; x_wconf 90' lang='lat' dir='ltr'>aut</span> <span class='ocrx_word' id='word_1_24' title='bbox 641 338 692 368; x_wconf 87' lang='lat' dir='ltr'>ex</span> <span class='ocrx_word' id='word_1_25' title='bbox 724 325 839 368; x_wconf 85' lang='lat' dir='ltr'>Actis</span> <span class='ocrx_word' id='word_1_26' title='bbox 871 324 1039 382; x_wconf 87' lang='lat' dir='ltr'>Aplcae.</span> <span class='ocrx_word' id='word_1_27' title='bbox 1073 325 1192 369; x_wconf 90' lang='lat' dir='ltr'>Sedis</span> <span class='ocrx_word' id='word_1_28' title='bbox 1225 326 1510 383; x_wconf 76' lang='lat' dir='ltr'>depromptae,</span> <span class='ocrx_word' id='word_1_29' title='bbox 1539 340 1587 371; x_wconf 89' lang='lat' dir='ltr'>ac</span> <span class='ocrx_word' id='word_1_30' title='bbox 1621 328 1780 372; x_wconf 88' lang='lat' dir='ltr'>fortiori</span> 
     </span>
     <span class='ocr_line' id='line_1_5' title="bbox 150 395 1778 454; baseline 0.003 -15"><span class='ocrx_word' id='word_1_31' title='bbox 150 399 306 440; x_wconf 85' lang='lat' dir='ltr'>motivo</span> <span class='ocrx_word' id='word_1_32' title='bbox 339 395 608 452; x_wconf 84' lang='lat' dir='ltr'>intelligenda</span> <span class='ocrx_word' id='word_1_33' title='bbox 641 400 701 439; x_wconf 89' lang='lat' dir='ltr'>est</span> <span class='ocrx_word' id='word_1_34' title='bbox 737 395 958 452; x_wconf 79' lang='lat' dir='ltr'>prohibitio</span> <span class='ocrx_word' id='word_1_35' title='bbox 991 396 1042 439; x_wconf 90' lang='lat' dir='ltr'>de</span> <span class='ocrx_word' id='word_1_36' title='bbox 1074 395 1152 451; x_wconf 83' lang='lat' dir='ltr'>his,</span> <span class='ocrx_word' id='word_1_37' title='bbox 1194 408 1302 454; x_wconf 87' lang='lat' dir='ltr'>quae</span> <span class='ocrx_word' id='word_1_38' title='bbox 1345 399 1480 453; x_wconf 90' lang='lat' dir='ltr'>primo</span> <span class='ocrx_word' id='word_1_39' title='bbox 1518 415 1540 439; x_wconf 77' lang='grc' dir='ltr'>α</span> <span class='ocrx_word' id='word_1_40' title='bbox 1562 398 1627 442; x_wconf 90' lang='lat' dir='ltr'>edi</span> <span class='ocrx_word' id='word_1_41' title='bbox 1651 414 1673 439; x_wconf 85' lang='lat'>»</span> <span class='ocrx_word' id='word_1_42' title='bbox 1712 412 1778 443; x_wconf 94' lang='lat' dir='ltr'>co-</span> 
     </span>
     <span class='ocr_line' id='line_1_6' title="bbox 147 465 1777 525; baseline 0.001 -14"><span class='ocrx_word' id='word_1_43' title='bbox 147 469 321 525; x_wconf 79' lang='lat' dir='ltr'>gitatum</span> <span class='ocrx_word' id='word_1_44' title='bbox 353 469 417 521; x_wconf 89' lang='lat' dir='ltr'>sit,</span> <span class='ocrx_word' id='word_1_45' title='bbox 452 466 537 509; x_wconf 70' lang='lat' dir='ltr'>nisi</span> <span class='ocrx_word' id='word_1_46' title='bbox 569 466 610 522; x_wconf 85' lang='lat' dir='ltr'>a)</span> <span class='ocrx_word' id='word_1_47' title='bbox 645 466 875 524; x_wconf 74' lang='lat' dir='ltr'>impetrata</span> <span class='ocrx_word' id='word_1_48' title='bbox 896 466 1019 524; x_wconf 76' lang='lat' dir='ltr'>prius</span> <span class='ocrx_word' id='word_1_49' title='bbox 1043 465 1217 510; x_wconf 74' lang='lat' dir='ltr'>lieentia</span> <span class='ocrx_word' id='word_1_50' title='bbox 1241 466 1293 511; x_wconf 91' lang='lat' dir='ltr'>ob</span> <span class='ocrx_word' id='word_1_51' title='bbox 1326 472 1568 512; x_wconf 86' lang='lat' dir='ltr'>contextum</span> <span class='ocrx_word' id='word_1_52' title='bbox 1597 472 1777 513; x_wconf 87' lang='lat' dir='ltr'>«unius-</span> 
     </span>
     <span class='ocr_line' id='line_1_7' title="bbox 146 536 1776 596; baseline 0.001 -14"><span class='ocrx_word' id='word_1_53' title='bbox 146 540 349 596; x_wconf 90' lang='lat' dir='ltr'>cuiusque</span> <span class='ocrx_word' id='word_1_54' title='bbox 397 536 782 594; x_wconf 83' lang='lat' dir='ltr'>Congregationis»</span> <span class='ocrx_word' id='word_1_55' title='bbox 828 539 1103 593; x_wconf 89' lang='lat' dir='ltr'>competentis</span> <span class='ocrx_word' id='word_1_56' title='bbox 1145 539 1184 580; x_wconf 91' lang='lat' dir='ltr'>in</span> <span class='ocrx_word' id='word_1_57' title='bbox 1228 537 1500 582; x_wconf 90' lang='lat' dir='ltr'>Decretorum</span> <span class='ocrx_word' id='word_1_58' title='bbox 1544 542 1776 596; x_wconf 79' lang='lat' dir='ltr'>materiam,</span> 
     </span>
     <span class='ocr_line' id='line_1_8' title="bbox 149 606 1779 666; baseline 0.001 -12"><span class='ocrx_word' id='word_1_59' title='bbox 149 609 187 664; x_wconf 92' lang='lat' dir='ltr'>b)</span> <span class='ocrx_word' id='word_1_60' title='bbox 219 614 258 652; x_wconf 80' lang='lat' dir='ltr'>et</span> <span class='ocrx_word' id='word_1_61' title='bbox 290 607 470 651; x_wconf 74' lang='lat' dir='ltr'>servatis</span> <span class='ocrx_word' id='word_1_62' title='bbox 503 606 813 652; x_wconf 74' lang='lat' dir='ltr'>conditionibus</span> <span class='ocrx_word' id='word_1_63' title='bbox 847 622 872 650; x_wconf 84' lang='lat' dir='ltr'><em>a</em></span> <span class='ocrx_word' id='word_1_64' title='bbox 905 606 1246 651; x_wconf 75' lang='lat' dir='ltr'>Moderatoribus</span> <span class='ocrx_word' id='word_1_65' title='bbox 1290 622 1462 666; x_wconf 87' lang='lat' dir='ltr'>nempe:</span> <span class='ocrx_word' id='word_1_66' title='bbox 1497 608 1618 654; x_wconf 88' lang='lat' dir='ltr'>Card.</span> <span class='ocrx_word' id='word_1_67' title='bbox 1655 611 1779 655; x_wconf 88' lang='lat' dir='ltr'>Prae—</span> 
     </span>
     <span class='ocr_line' id='line_1_9' title="bbox 147 678 1778 739; baseline 0 -15"><span class='ocrx_word' id='word_1_68' title='bbox 147 682 252 724; x_wconf 80' lang='lat' dir='ltr'>fecto</span> <span class='ocrx_word' id='word_1_69' title='bbox 289 679 352 723; x_wconf 88' lang='lat' dir='ltr'>vel</span> <span class='ocrx_word' id='word_1_70' title='bbox 386 678 506 724; x_wconf 90' lang='lat' dir='ltr'>Card.</span> <span class='ocrx_word' id='word_1_71' title='bbox 539 678 770 723; x_wconf 89' lang='lat' dir='ltr'>Secretario</span> <span class='ocrx_word' id='word_1_72' title='bbox 798 692 894 722; x_wconf 92' lang='lat' dir='ltr'>cum</span> <span class='ocrx_word' id='word_1_73' title='bbox 918 680 1152 734; x_wconf 88' lang='lat' dir='ltr'>respective</span> <span class='ocrx_word' id='word_1_74' title='bbox 1175 678 1424 736; x_wconf 80' lang='lat' dir='ltr'>Congressu,</span> <span class='ocrx_word' id='word_1_75' title='bbox 1448 680 1778 739; x_wconf 55' lang='lat' dir='ltr'>uniuscuiusque</span> 
     </span>
     <span class='ocr_line' id='line_1_10' title="bbox 151 749 1776 808; baseline 0 -13"><span class='ocrx_word' id='word_1_76' title='bbox 151 750 503 808; x_wconf 70' lang='lat' dir='ltr'>Coiiyreyationis</span> <span class='ocrx_word' id='word_1_77' title='bbox 539 751 703 806; x_wconf 88' lang='lat' dir='ltr'>proprie</span> <span class='ocrx_word' id='word_1_78' title='bbox 736 750 886 802; x_wconf 81' lang='lat' dir='ltr'>dictae,</span> <span class='ocrx_word' id='word_1_79' title='bbox 920 751 1042 792; x_wconf 87' lang='lat' dir='ltr'>etiam</span> <span class='ocrx_word' id='word_1_80' title='bbox 1078 749 1214 793; x_wconf 81' lang='lat' dir='ltr'>forsan</span> <span class='ocrx_word' id='word_1_81' title='bbox 1238 749 1538 807; x_wconf 87' lang='lat' dir='ltr'>comprehenso</span> <span class='ocrx_word' id='word_1_82' title='bbox 1562 750 1776 795; x_wconf 88' lang='lat' dir='ltr'>Tribunali</span> 
     </span>
     <span class='ocr_line' id='line_1_11' title="bbox 148 819 1774 880; baseline 0 -14"><span class='ocrx_word' id='word_1_83' title='bbox 148 823 187 867; x_wconf 87' lang='lat' dir='ltr'>S.</span> <span class='ocrx_word' id='word_1_84' title='bbox 223 822 581 876; x_wconf 82' lang='lat' dir='ltr'>l’oenitentiariae,</span> <span class='ocrx_word' id='word_1_85' title='bbox 614 834 687 864; x_wconf 87' lang='lat' dir='ltr'>seu</span> <span class='ocrx_word' id='word_1_86' title='bbox 720 833 743 864; x_wconf 90' lang='lat' dir='ltr'>a</span> <span class='ocrx_word' id='word_1_87' title='bbox 775 819 894 864; x_wconf 87' lang='lat' dir='ltr'>Card.</span> <span class='ocrx_word' id='word_1_88' title='bbox 931 820 1250 864; x_wconf 76' lang='lat' dir='ltr'>poenitentiario</span> <span class='ocrx_word' id='word_1_89' title='bbox 1284 834 1378 864; x_wconf 92' lang='lat' dir='ltr'>cum</span> <span class='ocrx_word' id='word_1_90' title='bbox 1401 823 1614 878; x_wconf 84' lang='lat' dir='ltr'>signatura</span> <span class='ocrx_word' id='word_1_91' title='bbox 1638 822 1774 880; x_wconf 89' lang='lat' dir='ltr'>quoad</span> 
     </span>
     <span class='ocr_line' id='line_1_12' title="bbox 147 889 1775 950; baseline 0 -14"><span class='ocrx_word' id='word_1_92' title='bbox 147 892 441 937; x_wconf 87' lang='lat' dir='ltr'>Collectionem</span> <span class='ocrx_word' id='word_1_93' title='bbox 490 891 528 935; x_wconf 89' lang='lat' dir='ltr'>S.</span> <span class='ocrx_word' id='word_1_94' title='bbox 577 889 745 947; x_wconf 79' lang='lat' dir='ltr'>Congi·.⁸</span> <span class='ocrx_word' id='word_1_95' title='bbox 782 890 1154 946; x_wconf 83' lang='lat' dir='ltr'>Indulgentiarum,</span> <span class='ocrx_word' id='word_1_96' title='bbox 1186 891 1482 950; x_wconf 70' lang='lat' dir='ltr'>praescriptis,</span> <span class='ocrx_word' id='word_1_97' title='bbox 1518 892 1775 950; x_wconf 86' lang='lat' dir='ltr'>proindeque</span> 
     </span>
     <span class='ocr_line' id='line_1_13' title="bbox 147 960 1774 1019; baseline -0.001 -12"><span class='ocrx_word' id='word_1_98' title='bbox 147 966 186 1007; x_wconf 90' lang='lat' dir='ltr'>in</span> <span class='ocrx_word' id='word_1_99' title='bbox 221 964 472 1007; x_wconf 91' lang='lat' dir='ltr'>conscientia</span> <span class='ocrx_word' id='word_1_100' title='bbox 515 962 746 1005; x_wconf 86' lang='lat' dir='ltr'>servandis.</span> <span class='ocrx_word' id='word_1_101' title='bbox 792 987 844 992; x_wconf 87' lang='lat'>—</span> <span class='ocrx_word' id='word_1_102' title='bbox 889 960 1052 1004; x_wconf 89' lang='lat' dir='ltr'>Etenim</span> <span class='ocrx_word' id='word_1_103' title='bbox 1091 978 1113 1003; x_wconf 74' lang='grc' dir='ltr'>α</span> <span class='ocrx_word' id='word_1_104' title='bbox 1136 975 1185 1005; x_wconf 83' lang='lat' dir='ltr'>ex</span> <span class='ocrx_word' id='word_1_105' title='bbox 1222 964 1399 1019; x_wconf 81' lang='lat' dir='ltr'>receptis</span> <span class='ocrx_word' id='word_1_106' title='bbox 1438 963 1543 1019; x_wconf 88' lang='lat' dir='ltr'>apud</span> <span class='ocrx_word' id='word_1_107' title='bbox 1580 962 1774 1019; x_wconf 90' lang='lat' dir='ltr'>probatos</span> 
     </span>
     <span class='ocr_line' id='line_1_14' title="bbox 145 1031 1773 1090; baseline -0.001 -12"><span class='ocrx_word' id='word_1_108' title='bbox 145 1038 336 1078; x_wconf 78' lang='lat' dir='ltr'>auctores</span> <span class='ocrx_word' id='word_1_109' title='bbox 370 1031 822 1089; x_wconf 81' lang='lat' dir='ltr'>interpretationibus»</span> <span class='ocrx_word' id='word_1_110' title='bbox 874 1032 982 1090; x_wconf 80' lang='lat' dir='ltr'>(can.</span> <span class='ocrx_word' id='word_1_111' title='bbox 1019 1033 1058 1084; x_wconf 85' lang='lat'>6,</span> <span class='ocrx_word' id='word_1_112' title='bbox 1094 1033 1156 1090; x_wconf 70' lang='lat'>20)</span> <span class='ocrx_word' id='word_1_113' title='bbox 1201 1046 1281 1076; x_wconf 92' lang='lat' dir='ltr'>non</span> <span class='ocrx_word' id='word_1_114' title='bbox 1329 1037 1388 1076; x_wconf 89' lang='lat' dir='ltr'>est</span> <span class='ocrx_word' id='word_1_115' title='bbox 1436 1033 1773 1090; x_wconf 89' lang='lat' dir='ltr'>interpretandus</span> 
     </span>
     <span class='ocr_line' id='line_1_15' title="bbox 145 1104 1772 1161; baseline -0.001 -12"><span class='ocrx_word' id='word_1_116' title='bbox 145 1118 276 1150; x_wconf 87' lang='lat' dir='ltr'>canon</span> <span class='ocrx_word' id='word_1_117' title='bbox 311 1105 361 1147; x_wconf 91' lang='lat' dir='ltr'>de</span> <span class='ocrx_word' id='word_1_118' title='bbox 395 1105 717 1158; x_wconf 89' lang='lat' dir='ltr'>commentariis,</span> <span class='ocrx_word' id='word_1_119' title='bbox 752 1116 858 1161; x_wconf 85' lang='lat' dir='ltr'>quae</span> <span class='ocrx_word' id='word_1_120' title='bbox 892 1105 1014 1146; x_wconf 86' lang='lat' dir='ltr'>etiam</span> <span class='ocrx_word' id='word_1_121' title='bbox 1055 1117 1104 1147; x_wconf 88' lang='lat' dir='ltr'>ex</span> <span class='ocrx_word' id='word_1_122' title='bbox 1151 1104 1333 1160; x_wconf 87' lang='lat' dir='ltr'>professo</span> <span class='ocrx_word' id='word_1_123' title='bbox 1376 1108 1470 1147; x_wconf 90' lang='lat' dir='ltr'>nota</span> <span class='ocrx_word' id='word_1_124' title='bbox 1516 1106 1673 1148; x_wconf 83' lang='lat' dir='ltr'>faciunt</span> <span class='ocrx_word' id='word_1_125' title='bbox 1704 1104 1772 1148; x_wconf 90' lang='lat' dir='ltr'>illa</span> 
     </span>
     <span class='ocr_line' id='line_1_16' title="bbox 146 1171 1774 1232; baseline -0.001 -13"><span class='ocrx_word' id='word_1_126' title='bbox 146 1176 319 1220; x_wconf 87' lang='lat' dir='ltr'>Decreta</span> <span class='ocrx_word' id='word_1_127' title='bbox 352 1187 459 1232; x_wconf 88' lang='lat' dir='ltr'>quae</span> <span class='ocrx_word' id='word_1_128' title='bbox 493 1176 532 1217; x_wconf 90' lang='lat' dir='ltr'>in</span> <span class='ocrx_word' id='word_1_129' title='bbox 577 1174 665 1218; x_wconf 91' lang='lat' dir='ltr'>dies</span> <span class='ocrx_word' id='word_1_130' title='bbox 707 1174 928 1231; x_wconf 84' lang='lat' dir='ltr'>prodeunt,</span> <span class='ocrx_word' id='word_1_131' title='bbox 962 1188 1037 1218; x_wconf 91' lang='lat' dir='ltr'>nec</span> <span class='ocrx_word' id='word_1_132' title='bbox 1076 1174 1371 1231; x_wconf 84' lang='lat' dir='ltr'>intelligendus</span> <span class='ocrx_word' id='word_1_133' title='bbox 1413 1171 1629 1232; x_wconf 77' lang='lat' dir='ltr'>de&#39;opere</span> <span class='ocrx_word' id='word_1_134' title='bbox 1673 1178 1774 1219; x_wconf 87' lang='lat' dir='ltr'>iuris</span> 
     </span>
     <span class='ocr_line' id='line_1_17' title="bbox 143 1244 1771 1302; baseline 0 -12"><span class='ocrx_word' id='word_1_135' title='bbox 143 1248 347 1301; x_wconf 89' lang='lat' dir='ltr'>canonici,</span> <span class='ocrx_word' id='word_1_136' title='bbox 382 1248 421 1288; x_wconf 93' lang='lat' dir='ltr'>in</span> <span class='ocrx_word' id='word_1_137' title='bbox 456 1258 537 1302; x_wconf 81' lang='lat' dir='ltr'>quo</span> <span class='ocrx_word' id='word_1_138' title='bbox 571 1245 620 1288; x_wconf 84' lang='lat' dir='ltr'>ad</span> <span class='ocrx_word' id='word_1_139' title='bbox 655 1244 890 1288; x_wconf 90' lang='lat' dir='ltr'>docendum</span> <span class='ocrx_word' id='word_1_140' title='bbox 917 1244 1016 1289; x_wconf 92' lang='lat' dir='ltr'>illud</span> <span class='ocrx_word' id='word_1_141' title='bbox 1042 1250 1180 1301; x_wconf 85' lang='lat' dir='ltr'>partes</span> <span class='ocrx_word' id='word_1_142' title='bbox 1203 1245 1473 1302; x_wconf 88' lang='lat' dir='ltr'>dispositivae</span> <span class='ocrx_word' id='word_1_143' title='bbox 1506 1246 1771 1290; x_wconf 91' lang='lat' dir='ltr'>decretorum</span> 
     </span>
     <span class='ocr_line' id='line_1_18' title="bbox 143 1315 1769 1373; baseline -0.001 -12"><span class='ocrx_word' id='word_1_144' title='bbox 143 1317 238 1361; x_wconf 90' lang='lat' dir='ltr'>data</span> <span class='ocrx_word' id='word_1_145' title='bbox 272 1318 579 1373; x_wconf 87' lang='lat' dir='ltr'>opportunitate</span> <span class='ocrx_word' id='word_1_146' title='bbox 613 1318 859 1360; x_wconf 90' lang='lat' dir='ltr'>inserantur.</span> <span class='ocrx_word' id='word_1_147' title='bbox 895 1315 980 1358; x_wconf 75' lang='lat' dir='ltr'>Into</span> <span class='ocrx_word' id='word_1_148' title='bbox 1014 1329 1094 1358; x_wconf 93' lang='lat' dir='ltr'>non</span> <span class='ocrx_word' id='word_1_149' title='bbox 1132 1315 1325 1359; x_wconf 82' lang='lat' dir='ltr'>videntur</span> <span class='ocrx_word' id='word_1_150' title='bbox 1357 1315 1656 1372; x_wconf 76' lang='lat' dir='ltr'>comprehendi</span> <span class='ocrx_word' id='word_1_151' title='bbox 1679 1316 1769 1362; x_wconf 88' lang='lat' dir='ltr'>Col-</span> 
     </span>
     <span class='ocr_line' id='line_1_19' title="bbox 144 1386 1770 1443; baseline -0.001 -11"><span class='ocrx_word' id='word_1_152' title='bbox 144 1388 341 1432; x_wconf 87' lang='lat' dir='ltr'>lectiones</span> <span class='ocrx_word' id='word_1_153' title='bbox 374 1387 424 1431; x_wconf 92' lang='lat' dir='ltr'>de</span> <span class='ocrx_word' id='word_1_154' title='bbox 457 1387 572 1430; x_wconf 87' lang='lat' dir='ltr'>Actis</span> <span class='ocrx_word' id='word_1_155' title='bbox 603 1386 886 1430; x_wconf 87' lang='lat' dir='ltr'>Romanorum</span> <span class='ocrx_word' id='word_1_156' title='bbox 920 1386 1179 1430; x_wconf 85' lang='lat' dir='ltr'>Pontificum.</span> <span class='ocrx_word' id='word_1_157' title='bbox 1214 1386 1415 1443; x_wconf 83' lang='lat' dir='ltr'>Exempla</span> <span class='ocrx_word' id='word_1_158' title='bbox 1448 1387 1617 1431; x_wconf 92' lang='lat' dir='ltr'>demum</span> <span class='ocrx_word' id='word_1_159' title='bbox 1651 1387 1770 1432; x_wconf 91' lang='lat' dir='ltr'>colle·</span> 
     </span>
     <span class='ocr_line' id='line_1_20' title="bbox 142 1456 1766 1515; baseline -0.001 -14"><span class='ocrx_word' id='word_1_160' title='bbox 142 1460 340 1512; x_wconf 87' lang='lat' dir='ltr'>ctionum,</span> <span class='ocrx_word' id='word_1_161' title='bbox 373 1469 476 1515; x_wconf 87' lang='lat' dir='ltr'>quas</span> <span class='ocrx_word' id='word_1_162' title='bbox 509 1457 644 1500; x_wconf 91' lang='lat' dir='ltr'>denuo</span> <span class='ocrx_word' id='word_1_163' title='bbox 677 1456 860 1500; x_wconf 89' lang='lat' dir='ltr'>edendas</span> <span class='ocrx_word' id='word_1_164' title='bbox 892 1468 1024 1500; x_wconf 87' lang='lat' dir='ltr'>canon</span> <span class='ocrx_word' id='word_1_165' title='bbox 1058 1458 1241 1513; x_wconf 80' lang='lat' dir='ltr'>respicit,</span> <span class='ocrx_word' id='word_1_166' title='bbox 1272 1461 1368 1500; x_wconf 90' lang='lat' dir='ltr'>sunt</span> <span class='ocrx_word' id='word_1_167' title='bbox 1400 1469 1565 1515; x_wconf 87' lang='lat' dir='ltr'>quoque</span> <span class='ocrx_word' id='word_1_168' title='bbox 1593 1473 1615 1498; x_wconf 85' lang='lat'>«</span> <span class='ocrx_word' id='word_1_169' title='bbox 1636 1456 1766 1502; x_wconf 87' lang='lat' dir='ltr'>Colle-</span> 
     </span>
     <span class='ocr_line' id='line_1_21' title="bbox 141 1526 1764 1583; baseline -0.001 -10"><span class='ocrx_word' id='word_1_170' title='bbox 141 1533 284 1573; x_wconf 90' lang='lat' dir='ltr'>ctanea</span> <span class='ocrx_word' id='word_1_171' title='bbox 328 1528 378 1571; x_wconf 89' lang='lat' dir='ltr'>ad</span> <span class='ocrx_word' id='word_1_172' title='bbox 423 1541 541 1571; x_wconf 88' lang='lat' dir='ltr'>usum</span> <span class='ocrx_word' id='word_1_173' title='bbox 576 1528 614 1571; x_wconf 89' lang='lat' dir='ltr'>S.</span> <span class='ocrx_word' id='word_1_174' title='bbox 650 1527 815 1583; x_wconf 81' lang='lat' dir='ltr'>Congr.S</span> <span class='ocrx_word' id='word_1_175' title='bbox 846 1526 926 1570; x_wconf 89' lang='lat' dir='ltr'>EE.</span> <span class='ocrx_word' id='word_1_176' title='bbox 965 1531 1005 1570; x_wconf 90' lang='lat' dir='ltr'>et</span> <span class='ocrx_word' id='word_1_177' title='bbox 1046 1526 1174 1571; x_wconf 78' lang='lat' dir='ltr'>RR.»</span> <span class='ocrx_word' id='word_1_178' title='bbox 1212 1526 1399 1582; x_wconf 86' lang='lat' dir='ltr'>Bizzarri,</span> <span class='ocrx_word' id='word_1_179' title='bbox 1442 1527 1662 1571; x_wconf 86' lang='lat' dir='ltr'>«Decreta</span> <span class='ocrx_word' id='word_1_180' title='bbox 1695 1540 1764 1572; x_wconf 92' lang='lat' dir='ltr'>au-</span> 
     </span>
     <span class='ocr_line' id='line_1_22' title="bbox 140 1597 1766 1656; baseline -0.001 -13"><span class='ocrx_word' id='word_1_181' title='bbox 140 1599 324 1643; x_wconf 88' lang='lat' dir='ltr'>thentica</span> <span class='ocrx_word' id='word_1_182' title='bbox 357 1599 394 1643; x_wconf 89' lang='lat' dir='ltr'>S.</span> <span class='ocrx_word' id='word_1_183' title='bbox 429 1597 472 1643; x_wconf 89' lang='lat' dir='ltr'>C.</span> <span class='ocrx_word' id='word_1_184' title='bbox 506 1598 714 1642; x_wconf 80' lang='lat' dir='ltr'>Rittium»</span> <span class='ocrx_word' id='word_1_185' title='bbox 752 1597 994 1653; x_wconf 87' lang='lat' dir='ltr'>Gardellini,</span> <span class='ocrx_word' id='word_1_186' title='bbox 1018 1600 1117 1656; x_wconf 86' lang='lat' dir='ltr'>quin</span> <span class='ocrx_word' id='word_1_187' title='bbox 1142 1597 1407 1642; x_wconf 85' lang='lat' dir='ltr'>collectiones</span> <span class='ocrx_word' id='word_1_188' title='bbox 1431 1599 1599 1642; x_wconf 82' lang='lat' dir='ltr'>forsitan</span> <span class='ocrx_word' id='word_1_189' title='bbox 1625 1598 1766 1643; x_wconf 89' lang='lat' dir='ltr'>illicite</span> 
     </span>
     <span class='ocr_line' id='line_1_23' title="bbox 139 1668 903 1728; baseline -0.003 -14"><span class='ocrx_word' id='word_1_190' title='bbox 139 1670 386 1728; x_wconf 87' lang='lat' dir='ltr'>publicatae,</span> <span class='ocrx_word' id='word_1_191' title='bbox 420 1671 501 1712; x_wconf 92' lang='lat' dir='ltr'>sint</span> <span class='ocrx_word' id='word_1_192' title='bbox 534 1671 622 1712; x_wconf 90' lang='lat' dir='ltr'>iure</span> <span class='ocrx_word' id='word_1_193' title='bbox 656 1668 903 1725; x_wconf 88' lang='lat' dir='ltr'>prohibitae.</span> 
     </span>
    </p>

    <p class='ocr_par' dir='ltr' id='par_1_4' title="bbox 136 1741 1762 1939">
     <span class='ocr_line' id='line_1_24' title="bbox 258 1741 1762 1798; baseline 0.002 -14"><span class='ocrx_word' id='word_1_194' title='bbox 258 1741 356 1785; x_wconf 71' lang='lat'>278.</span> <span class='ocrx_word' id='word_1_195' title='bbox 392 1741 464 1786; x_wconf 94' lang='lat' dir='ltr'>De</span> <span class='ocrx_word' id='word_1_196' title='bbox 508 1742 807 1786; x_wconf 88' lang='lat' dir='ltr'>editionibus</span> <span class='ocrx_word' id='word_1_197' title='bbox 849 1742 1083 1786; x_wconf 84' lang='lat' dir='ltr'>librorum</span> <span class='ocrx_word' id='word_1_198' title='bbox 1127 1754 1322 1786; x_wconf 85' lang='lat' dir='ltr'>sacram</span> <span class='ocrx_word' id='word_1_199' title='bbox 1364 1741 1612 1797; x_wconf 85' lang='lat' dir='ltr'>liturgiam</span> <span class='ocrx_word' id='word_1_200' title='bbox 1655 1755 1762 1798; x_wconf 88' lang='lat' dir='ltr'>spe-</span> 
     </span>
     <span class='ocr_line' id='line_1_25' title="bbox 138 1809 1761 1868; baseline -0.002 -10"><span class='ocrx_word' id='word_1_201' title='bbox 138 1814 387 1858; x_wconf 86' lang='lat' dir='ltr'>ctantium.</span> <span class='ocrx_word' id='word_1_202' title='bbox 420 1810 488 1854; x_wconf 88' lang='lat' dir='ltr'>Sic</span> <span class='ocrx_word' id='word_1_203' title='bbox 521 1810 763 1854; x_wconf 89' lang='lat' dir='ltr'>inscribitur</span> <span class='ocrx_word' id='word_1_204' title='bbox 796 1810 1020 1854; x_wconf 90' lang='lat' dir='ltr'>Decretum</span> <span class='ocrx_word' id='word_1_205' title='bbox 1045 1810 1057 1833; x_wconf 78' lang='lat'>¹</span> <span class='ocrx_word' id='word_1_206' title='bbox 1092 1811 1131 1855; x_wconf 88' lang='lat' dir='ltr'>S.</span> <span class='ocrx_word' id='word_1_207' title='bbox 1150 1809 1299 1867; x_wconf 82' lang='lat' dir='ltr'>Congr.</span> <span class='ocrx_word' id='word_1_208' title='bbox 1324 1810 1492 1854; x_wconf 89' lang='lat' dir='ltr'>Rituum</span> <span class='ocrx_word' id='word_1_209' title='bbox 1518 1812 1557 1853; x_wconf 92' lang='lat' dir='ltr'>in</span> <span class='ocrx_word' id='word_1_210' title='bbox 1582 1824 1662 1868; x_wconf 83' lang='lat' dir='ltr'>quo</span> <span class='ocrx_word' id='word_1_211' title='bbox 1690 1811 1761 1855; x_wconf 91' lang='lat' dir='ltr'>Sa-</span> 
     </span>
     <span class='ocr_line' id='line_1_26' title="bbox 136 1881 1185 1939; baseline -0.003 -13"><span class='ocrx_word' id='word_1_212' title='bbox 136 1895 206 1927; x_wconf 90' lang='lat' dir='ltr'>cra</span> <span class='ocrx_word' id='word_1_213' title='bbox 238 1881 388 1938; x_wconf 84' lang='lat' dir='ltr'>Congr.</span> <span class='ocrx_word' id='word_1_214' title='bbox 423 1881 525 1925; x_wconf 89' lang='lat' dir='ltr'>haec</span> <span class='ocrx_word' id='word_1_215' title='bbox 558 1894 665 1939; x_wconf 83' lang='lat' dir='ltr'>quae</span> <span class='ocrx_word' id='word_1_216' title='bbox 697 1886 942 1939; x_wconf 87' lang='lat' dir='ltr'>sequuntur,</span> <span class='ocrx_word' id='word_1_217' title='bbox 977 1882 1185 1925; x_wconf 83' lang='lat' dir='ltr'>decrevit:</span> 
     </span>
    </p>

    <p class='ocr_par' dir='ltr' id='par_1_5' title="bbox 133 1951 1762 2437">
     <span class='ocr_line' id='line_1_27' title="bbox 259 1951 1762 2009; baseline 0.002 -16"><span class='ocrx_word' id='word_1_218' title='bbox 259 1969 281 1993; x_wconf 85' lang='lat'>«</span> <span class='ocrx_word' id='word_1_219' title='bbox 304 1953 331 1996; x_wconf 92' lang='lat' dir='ltr'>l.</span> <span class='ocrx_word' id='word_1_220' title='bbox 366 1952 579 1995; x_wconf 89' lang='lat' dir='ltr'>Editiones</span> <span class='ocrx_word' id='word_1_221' title='bbox 611 1951 829 1996; x_wconf 91' lang='lat' dir='ltr'>Librorum</span> <span class='ocrx_word' id='word_1_222' title='bbox 864 1952 902 1995; x_wconf 91' lang='lat' dir='ltr'>S.</span> <span class='ocrx_word' id='word_1_223' title='bbox 937 1952 1164 2009; x_wconf 83' lang='lat' dir='ltr'>Liturgiam</span> <span class='ocrx_word' id='word_1_224' title='bbox 1199 1954 1488 2008; x_wconf 77' lang='lat' dir='ltr'>spectantium,</span> <span class='ocrx_word' id='word_1_225' title='bbox 1523 1954 1612 1996; x_wconf 77' lang='lat' dir='ltr'>sive</span> <span class='ocrx_word' id='word_1_226' title='bbox 1645 1952 1762 1996; x_wconf 89' lang='lat' dir='ltr'>Ritus</span> 
     </span>
     <span class='ocr_line' id='line_1_28' title="bbox 136 2023 1761 2083; baseline -0.001 -15"><span class='ocrx_word' id='word_1_227' title='bbox 136 2029 175 2068; x_wconf 89' lang='lat' dir='ltr'>et</span> <span class='ocrx_word' id='word_1_228' title='bbox 210 2024 356 2083; x_wconf 82' lang='lat' dir='ltr'>Preces</span> <span class='ocrx_word' id='word_1_229' title='bbox 389 2027 428 2067; x_wconf 92' lang='lat' dir='ltr'>in</span> <span class='ocrx_word' id='word_1_230' title='bbox 462 2024 599 2068; x_wconf 89' lang='lat' dir='ltr'>Sacris</span> <span class='ocrx_word' id='word_1_231' title='bbox 632 2023 912 2067; x_wconf 83' lang='lat' dir='ltr'>functionibus</span> <span class='ocrx_word' id='word_1_232' title='bbox 945 2023 1192 2080; x_wconf 82' lang='lat' dir='ltr'>peragendis</span> <span class='ocrx_word' id='word_1_233' title='bbox 1225 2025 1476 2079; x_wconf 85' lang='lat' dir='ltr'>contineant,</span> <span class='ocrx_word' id='word_1_234' title='bbox 1498 2025 1587 2066; x_wconf 90' lang='lat' dir='ltr'>sive</span> <span class='ocrx_word' id='word_1_235' title='bbox 1615 2023 1761 2067; x_wconf 86' lang='lat' dir='ltr'>Sacras</span> 
     </span>
     <span class='ocr_line' id='line_1_29' title="bbox 135 2093 1757 2151; baseline -0.003 -12"><span class='ocrx_word' id='word_1_236' title='bbox 135 2094 427 2139; x_wconf 89' lang='lat' dir='ltr'>Caeremonias</span> <span class='ocrx_word' id='word_1_237' title='bbox 459 2094 720 2151; x_wconf 88' lang='lat' dir='ltr'>supradictos</span> <span class='ocrx_word' id='word_1_238' title='bbox 754 2094 870 2138; x_wconf 88' lang='lat' dir='ltr'>Ritus</span> <span class='ocrx_word' id='word_1_239' title='bbox 896 2094 1125 2151; x_wconf 85' lang='lat' dir='ltr'>Precesque</span> <span class='ocrx_word' id='word_1_240' title='bbox 1148 2095 1393 2137; x_wconf 88' lang='lat' dir='ltr'>comitantes</span> <span class='ocrx_word' id='word_1_241' title='bbox 1416 2093 1757 2150; x_wconf 77' lang='lat' dir='ltr'>praescribant»,</span> 
     </span>
     <span class='ocr_line' id='line_1_30' title="bbox 134 2163 1759 2223; baseline -0.001 -14"><span class='ocrx_word' id='word_1_242' title='bbox 134 2170 256 2223; x_wconf 84' lang='lat' dir='ltr'>atque</span> <span class='ocrx_word' id='word_1_243' title='bbox 275 2165 376 2209; x_wconf 90' lang='lat' dir='ltr'>tales</span> <span class='ocrx_word' id='word_1_244' title='bbox 397 2168 561 2222; x_wconf 87' lang='lat' dir='ltr'>proprie</span> <span class='ocrx_word' id='word_1_245' title='bbox 585 2182 605 2205; x_wconf 85' lang='lat'>«</span> <span class='ocrx_word' id='word_1_246' title='bbox 627 2164 735 2209; x_wconf 91' lang='lat' dir='ltr'>Libri</span> <span class='ocrx_word' id='word_1_247' title='bbox 754 2164 975 2222; x_wconf 83' lang='lat' dir='ltr'>liturgici»</span> <span class='ocrx_word' id='word_1_248' title='bbox 1001 2169 1215 2218; x_wconf 85' lang='lat' dir='ltr'>vocantur,</span> <span class='ocrx_word' id='word_1_249' title='bbox 1240 2166 1368 2207; x_wconf 85' lang='lat' dir='ltr'>«sive</span> <span class='ocrx_word' id='word_1_250' title='bbox 1391 2163 1514 2208; x_wconf 89' lang='lat' dir='ltr'>huius</span> <span class='ocrx_word' id='word_1_251' title='bbox 1536 2165 1573 2208; x_wconf 91' lang='lat' dir='ltr'>S.</span> <span class='ocrx_word' id='word_1_252' title='bbox 1594 2163 1759 2222; x_wconf 79' lang='lat' dir='ltr'>Congr.s</span> 
     </span>
     <span class='ocr_line' id='line_1_31' title="bbox 133 2235 1757 2292; baseline -0.001 -12"><span class='ocrx_word' id='word_1_253' title='bbox 133 2236 308 2280; x_wconf 89' lang='lat' dir='ltr'>Decreta</span> <span class='ocrx_word' id='word_1_254' title='bbox 341 2239 379 2279; x_wconf 94' lang='lat' dir='ltr'>in</span> <span class='ocrx_word' id='word_1_255' title='bbox 415 2250 542 2280; x_wconf 87' lang='lat' dir='ltr'>unum</span> <span class='ocrx_word' id='word_1_256' title='bbox 577 2236 750 2280; x_wconf 88' lang='lat' dir='ltr'>collecta</span> <span class='ocrx_word' id='word_1_257' title='bbox 785 2236 967 2279; x_wconf 86' lang='lat' dir='ltr'>referant</span> <span class='ocrx_word' id='word_1_258' title='bbox 990 2252 1030 2290; x_wconf 84' lang='lat'>»,</span> <span class='ocrx_word' id='word_1_259' title='bbox 1063 2248 1110 2279; x_wconf 91' lang='lat' dir='ltr'>ac</span> <span class='ocrx_word' id='word_1_260' title='bbox 1144 2235 1316 2292; x_wconf 90' lang='lat' dir='ltr'>proinde</span> <span class='ocrx_word' id='word_1_261' title='bbox 1349 2239 1443 2278; x_wconf 87' lang='lat' dir='ltr'>sunt</span> <span class='ocrx_word' id='word_1_262' title='bbox 1475 2237 1640 2292; x_wconf 91' lang='lat' dir='ltr'>proprie</span> <span class='ocrx_word' id='word_1_263' title='bbox 1673 2235 1757 2280; x_wconf 92' lang='lat' dir='ltr'>Col-</span> 
     </span>
     <span class='ocr_line' id='line_1_32' title="bbox 133 2305 1756 2364; baseline 0.001 -14"><span class='ocrx_word' id='word_1_264' title='bbox 133 2307 330 2351; x_wconf 89' lang='lat' dir='ltr'>lectiones</span> <span class='ocrx_word' id='word_1_265' title='bbox 352 2306 623 2351; x_wconf 89' lang='lat' dir='ltr'>Decretorum</span> <span class='ocrx_word' id='word_1_266' title='bbox 648 2306 771 2350; x_wconf 89' lang='lat' dir='ltr'>buius</span> <span class='ocrx_word' id='word_1_267' title='bbox 793 2307 831 2351; x_wconf 92' lang='lat' dir='ltr'>S.</span> <span class='ocrx_word' id='word_1_268' title='bbox 852 2305 1018 2363; x_wconf 76' lang='lat' dir='ltr'>Cong1·.⁵</span> <span class='ocrx_word' id='word_1_269' title='bbox 1040 2306 1091 2350; x_wconf 90' lang='lat' dir='ltr'>de</span> <span class='ocrx_word' id='word_1_270' title='bbox 1114 2305 1265 2364; x_wconf 88' lang='lat' dir='ltr'>quibus</span> <span class='ocrx_word' id='word_1_271' title='bbox 1288 2306 1467 2362; x_wconf 86' lang='lat' dir='ltr'>disponit</span> <span class='ocrx_word' id='word_1_272' title='bbox 1490 2318 1580 2350; x_wconf 90' lang='lat' dir='ltr'>can.</span> <span class='ocrx_word' id='word_1_273' title='bbox 1604 2318 1756 2363; x_wconf 63' lang='lat' dir='ltr'>praec,</span> 
     </span>
     <span class='ocr_line' id='line_1_33' title="bbox 137 2377 1120 2437; baseline 0.003 -18"><span class='ocrx_word' id='word_1_274' title='bbox 137 2394 159 2419; x_wconf 77' lang='lat' dir='ltr'>c(</span> <span class='ocrx_word' id='word_1_275' title='bbox 180 2383 275 2421; x_wconf 91' lang='lat' dir='ltr'>sunt</span> <span class='ocrx_word' id='word_1_276' title='bbox 307 2378 371 2421; x_wconf 89' lang='lat' dir='ltr'>vel</span> <span class='ocrx_word' id='word_1_277' title='bbox 413 2377 592 2436; x_wconf 72' lang='lat' dir='ltr'>Typi&#39;eae</span> <span class='ocrx_word' id='word_1_278' title='bbox 626 2377 690 2421; x_wconf 75' lang='lat' dir='ltr'>vel</span> <span class='ocrx_word' id='word_1_279' title='bbox 725 2380 837 2421; x_wconf 84' lang='lat' dir='ltr'>iuxta</span> <span class='ocrx_word' id='word_1_280' title='bbox 877 2377 1054 2437; x_wconf 70' lang='lat' dir='ltr'>Typieas</span> <span class='ocrx_word' id='word_1_281' title='bbox 1079 2393 1120 2422; x_wconf 86' lang='grc'>)).</span> 
     </span>
    </p>

    <p class='ocr_par' dir='ltr' id='par_1_6' title="bbox 127 2447 1753 2633">
     <span class='ocr_line' id='line_1_34' title="bbox 255 2447 1753 2505; baseline 0.002 -16"><span class='ocrx_word' id='word_1_282' title='bbox 255 2465 277 2489; x_wconf 74' lang='grc' dir='ltr'>α</span> <span class='ocrx_word' id='word_1_283' title='bbox 300 2448 346 2491; x_wconf 91' lang='lat' dir='ltr'>ll.</span> <span class='ocrx_word' id='word_1_284' title='bbox 382 2448 595 2492; x_wconf 90' lang='lat' dir='ltr'>Editiones</span> <span class='ocrx_word' id='word_1_285' title='bbox 627 2448 803 2505; x_wconf 66' lang='lat' dir='ltr'>Typicas</span> <span class='ocrx_word' id='word_1_286' title='bbox 836 2448 1044 2492; x_wconf 87' lang='lat' dir='ltr'>excudere</span> <span class='ocrx_word' id='word_1_287' title='bbox 1077 2452 1235 2491; x_wconf 90' lang='lat' dir='ltr'>tantum</span> <span class='ocrx_word' id='word_1_288' title='bbox 1261 2451 1429 2504; x_wconf 90' lang='lat' dir='ltr'>possunt</span> <span class='ocrx_word' id='word_1_289' title='bbox 1453 2447 1519 2490; x_wconf 88' lang='lat' dir='ltr'>vel</span> <span class='ocrx_word' id='word_1_290' title='bbox 1543 2447 1753 2492; x_wconf 79' lang='lat' dir='ltr'>Pontificia</span> 
     </span>
     <span class='ocr_line' id='line_1_35' title="bbox 129 2517 1753 2576; baseline -0.001 -14"><span class='ocrx_word' id='word_1_291' title='bbox 129 2518 420 2576; x_wconf 72' lang='lat' dir='ltr'>Typographia</span> <span class='ocrx_word' id='word_1_292' title='bbox 456 2518 683 2576; x_wconf 78' lang='lat' dir='ltr'>Polyglotta</span> <span class='ocrx_word' id='word_1_293' title='bbox 719 2517 930 2574; x_wconf 90' lang='lat' dir='ltr'>Vaticana,</span> <span class='ocrx_word' id='word_1_294' title='bbox 952 2518 1016 2562; x_wconf 67' lang='lat' dir='ltr'>vel</span> <span class='ocrx_word' id='word_1_295' title='bbox 1051 2518 1117 2562; x_wconf 90' lang='lat' dir='ltr'>alii</span> <span class='ocrx_word' id='word_1_296' title='bbox 1152 2517 1416 2575; x_wconf 73' lang='lat' dir='ltr'>Typographi</span> <span class='ocrx_word' id='word_1_297' title='bbox 1448 2517 1753 2575; x_wconf 82' lang='lat' dir='ltr'>Pontificii,qui</span> 
     </span>
     <span class='ocr_line' id='line_1_36' title="bbox 127 2588 877 2633; baseline -0.001 -1"><span class='ocrx_word' id='word_1_298' title='bbox 127 2602 148 2632; x_wconf 91' lang='lat' dir='ltr'>a</span> <span class='ocrx_word' id='word_1_299' title='bbox 181 2589 218 2632; x_wconf 91' lang='lat' dir='ltr'>S.</span> <span class='ocrx_word' id='word_1_300' title='bbox 254 2589 299 2633; x_wconf 85' lang='lat' dir='ltr'>R.</span> <span class='ocrx_word' id='word_1_301' title='bbox 333 2588 375 2633; x_wconf 88' lang='lat' dir='ltr'>C.</span> <span class='ocrx_word' id='word_1_302' title='bbox 412 2591 575 2633; x_wconf 84' lang='lat' dir='ltr'>veniam</span> <span class='ocrx_word' id='word_1_303' title='bbox 610 2591 877 2632; x_wconf 90' lang='lat' dir='ltr'>obtinuerint.</span> 
     </span>
    </p>

    <p class='ocr_par' dir='ltr' id='par_1_7' title="bbox 244 2657 1749 2716">
     <span class='ocr_line' id='line_1_37' title="bbox 244 2657 1749 2716; baseline 0 -13"><span class='ocrx_word' id='word_1_304' title='bbox 244 2660 310 2703; x_wconf 94' lang='lat' dir='ltr'>lll.</span> <span class='ocrx_word' id='word_1_305' title='bbox 343 2660 512 2716; x_wconf 83' lang='lat' dir='ltr'>Singula</span> <span class='ocrx_word' id='word_1_306' title='bbox 547 2660 740 2704; x_wconf 86' lang='lat' dir='ltr'>editionis</span> <span class='ocrx_word' id='word_1_307' title='bbox 773 2662 935 2716; x_wconf 67' lang='lat' dir='ltr'>typicae</span> <span class='ocrx_word' id='word_1_308' title='bbox 969 2659 1062 2703; x_wconf 85' lang='lat' dir='ltr'>folia</span> <span class='ocrx_word' id='word_1_309' title='bbox 1090 2661 1285 2703; x_wconf 89' lang='lat' dir='ltr'>revisioni</span> <span class='ocrx_word' id='word_1_310' title='bbox 1310 2659 1433 2703; x_wconf 90' lang='lat' dir='ltr'>huius</span> <span class='ocrx_word' id='word_1_311' title='bbox 1456 2658 1493 2702; x_wconf 91' lang='lat' dir='ltr'>S.</span> <span class='ocrx_word' id='word_1_312' title='bbox 1519 2658 1564 2702; x_wconf 88' lang='lat' dir='ltr'>R.</span> <span class='ocrx_word' id='word_1_313' title='bbox 1583 2657 1749 2716; x_wconf 79' lang='lat' dir='ltr'>Congr.⁸</span> 
     </span>
    </p>
   </div>
   <div class='ocr_carea' id='block_1_4' title="bbox 123 2730 466 2775">
    <p class='ocr_par' dir='ltr' id='par_1_8' title="bbox 123 2730 466 2775">
     <span class='ocr_line' id='line_1_38' title="bbox 123 2730 466 2775; baseline -0.003 -1"><span class='ocrx_word' id='word_1_314' title='bbox 123 2730 466 2775; x_wconf 91' lang='lat' dir='ltr'>submittentur...</span> 
     </span>
    </p>
   </div>
   <div class='ocr_carea' id='block_1_5' title="bbox 221 2882 870 2927">
    <p class='ocr_par' dir='ltr' id='par_1_9' title="bbox 221 2882 870 2927">
     <span class='ocr_line' id='line_1_39' title="bbox 221 2882 870 2927; baseline -0.002 -10"><span class='ocrx_word' id='word_1_315' title='bbox 221 2885 231 2905; x_wconf 76' lang='lat'>1</span> <span class='ocrx_word' id='word_1_316' title='bbox 262 2883 303 2917; x_wconf 74' lang='lat'>17</span> <span class='ocrx_word' id='word_1_317' title='bbox 331 2883 426 2917; x_wconf 80' lang='lat' dir='ltr'>Maii</span> <span class='ocrx_word' id='word_1_318' title='bbox 454 2883 557 2919; x_wconf 82' lang='grc'><strong>1911.</strong></span> <span class='ocrx_word' id='word_1_319' title='bbox 583 2882 659 2917; x_wconf 87' lang='lat' dir='ltr'>CO.</span> <span class='ocrx_word' id='word_1_320' title='bbox 689 2882 762 2927; x_wconf 77' lang='grc' dir='ltr'>ΙΙΙ,</span> <span class='ocrx_word' id='word_1_321' title='bbox 790 2883 870 2916; x_wconf 72' lang='lat'>⁴242.</span> 
     </span>
    </p>
   </div>
   <div class='ocr_carea' id='block_1_6' title="bbox 1846 0 1965 3240">
    <p class='ocr_par' dir='ltr' id='par_1_10' title="bbox 1846 0 1965 3240">
     <span class='ocr_line' id='line_1_40' title="bbox 1846 0 1965 3240; baseline 0 0"><span class='ocrx_word' id='word_1_322' title='bbox 1846 0 1965 3240; x_wconf 95' lang='lat' dir='ltr'> </span> 
     </span>
    </p>
   </div>
  </div>
 </body>
</html>
