1965 3240
1704 154 1770 187 103

136 274 199 315 ius
231 284 431 329 sequens:
469 270 536 314 illa
576 269 878 314 «celebratio»
913 271 1098 328 pertine!
1132 286 1211 314 ivon
1247 272 1301 314 ml
1335 278 1532 316 rectorem
1571 273 1770 316 ecclesiae

137 342 382 400 superantis
415 342 466 385 de
499 354 578 400 qua
614 344 652 384 in
688 341 765 385 hoc
798 341 856 397 ἕο,
890 341 963 384 secl
995 341 1050 384 ad
1080 341 1308 399 paroelman
1344 354 1382 396 a)
1419 344 1457 386 in
1493 345 1611 387 cm'its
1646 346 1767 389 terri-

139 413 248 457 torio
282 412 457 456 ecclesia
491 412 575 455 sila
610 417 684 463 est,
719 413 854 455 forsan
890 412 1103 455 diversum
1138 426 1159 456 a
1194 414 1374 469 parocho
1415 415 1489 458 toci
1529 415 1678 468 obitus,
1711 421 1768 460 at-

137 488 273 527 tamen
308 484 384 528 sub
417 483 666 530 conditione,
704 482 746 539 b)
770 482 990 526 dummodo
1023 482 1247 541 definieras
1276 484 1461 542 parocho
1486 486 1539 528 illi
1565 486 1771 529 subiectus

135 553 270 612 fueri!
295 559 462 611 propter
486 566 673 597 normam
693 566 783 597 can.
805 553 857 595 94
878 558 916 596 et
935 552 986 596 ab
1004 556 1094 597 eius
1118 554 1402 598 iurisdictione
1427 569 1504 598 non
1528 556 1769 600 subductus.

136 625 331 683 Alioquin
352 627 607 682 «exsequias
627 629 762 668 rector
780 623 981 667 ecclesiae
1000 624 1219 667 celebrat»
1239 622 1289 668 ob
1308 626 1539 682 analogiam
1560 627 1599 684 §i
1621 634 1771 683 praec.⁸

135 701 175 740 et
208 696 330 740 huius
362 701 572 739 contextu.

253 769 278 822 ἓ
310 769 353 810 5.
390 766 641 824 Reliyiosas,
664 770 754 811 sive
790 767 1002 821 moniales,
1025 770 1114 811 sive
1148 781 1324 824 sorores,
1349 774 1386 810 el
1422 769 1602 811 novitias
1636 772 1772 813 cuius-

137 838 235 882 libet
262 838 488 895 religionis,
515 838 546 881 Ι0
571 839 611 881 in
646 838 850 895 relissiosa
885 838 1005 882 domo
1038 838 1276 896 defunctus,
1301 838 1356 882 ad
1378 839 1603 883 clausurae
1635 843 1769 884 cuius-

135 923 316 967 cumque
341 910 465 953 limen
500 909 697 969 deferant
731 910 847 953 aliae
878 910 1122 967 reliyiosae,
1143 912 1218 953 nisi
1243 911 1364 953 detur
1390 913 1426 953 in
1454 911 1772 967 particularibus

136 981 302 1025 casibus
335 994 460 1024 causa
492 986 532 1024 et
567 981 730 1025 licentia
766 981 877 1025 illam
918 981 1269 1037 dispensandiad
1305 981 1542 1024 defunctam
1582 982 1770 1025 deferen-

136 1052 257 1105 dam;
293 1051 472 1110 indeque
505 1054 567 1095 ius
600 1065 647 1096 ac
680 1053 862 1096 officium
909 1054 1051 1108 incipit
1093 1052 1334 1098 sacerdotis,
1369 1065 1539 1108 nempe:
1574 1052 1615 1109 a)
1648 1053 1686 1095 si
1723 1052 1773 1095 de

138 1122 355 1180 reliqiosis
388 1128 545 1181 oyatur
587 1123 880 1166 iurisdictione?
916 1122 1099 1181 parochi
1136 1136 1217 1166 iioiz
1257 1123 1448 1166 obiiooeiis
1480 1124 1531 1166 de
1565 1126 1684 1178 sacto,
1718 1123 1773 1167 od

135 1195 359 1253 propriam
392 1194 622 1252 reliyiosae
663 1194 810 1238 domus
853 1194 1071 1238 ecclesiam
1113 1194 1176 1237 vel
1214 1195 1449 1237 oratorium
1485 1198 1557 1238 etsi
1592 1198 1769 1252 semipu-

140 1265 291 1310 blicum
326 1265 494 1309 deducit
527 1267 710 1310 cadaver
742 1266 994 1313 comitando,
1019 1270 1058 1308 e!
1080 1265 1302 1323 exsequias
1332 1266 1516 1322 perarsit,
1550 1271 1771 1324 utrumque

140 1341 183 1380 ut
216 1337 473 1381 declaratum
509 1343 569 1381 est
604 1340 641 1380 in
674 1337 721 1396 ξ)
757 1337 814 1388 1³,
849 1336 1125 1395 cappellanus
1149 1352 1169 1377 ((
1189 1351 1262 1393 per
1293 1350 1336 1380 se
1374 1337 1435 1380 vel
1473 1351 1544 1392 per
1576 1337 1702 1381 alium
1726 1354 1768 1382 )):

141 1407 183 1466 b)
217 1409 255 1451 si
287 1408 338 1451 de
370 1408 472 1452 aliis
504 1408 720 1467 reliqiosis
759 1422 930 1465 nempe:
971 1408 1285 1451 «jurisdictioni
1323 1408 1489 1464 parochi
1525 1408 1770 1455 obnoxiis»,

139 1480 250 1524 vale!
276 1480 592 1538 praescriptum
616 1479 653 1534 §i
679 1483 736 1522 1²²⁰
770 1492 791 1523 a
824 1480 1042 1523 clausurae
1077 1479 1240 1533 limine,
1275 1479 1326 1522 110
1351 1479 1459 1537 quod
1494 1493 1586 1522 vero
1620 1479 1675 1522 ad
1707 1493 1769 1521 re-

139 1551 317 1609 liqiosos
355 1551 507 1594 attinet
546 1556 590 1595 ut
626 1563 750 1606 supra
784 1556 821 1594 et
858 1552 1012 1593 fortiori
1049 1552 1207 1594 ratione
1244 1551 1293 1594 ad
1335 1553 1513 1593 novitias
1546 1556 1667 1593 extro
1700 1550 1770 1593 slo-

136 1637 245 1666 mum
280 1622 449 1680 supple:
487 1622 804 1679 «religiosam»
843 1620 1079 1679 defunctas,
1116 1627 1336 1665 serventur
1365 1621 1586 1679 qeiicrolio
1613 1636 1684 1678 pro
1725 1623 1769 1664 ti-

136 1694 301 1739 delibus
334 1708 539 1737 cononum
569 1693 838 1752 praescripta
872 1695 982 1736 circa
1018 1693 1232 1750 multiplex
1275 1696 1336 1736 ius
1378 1693 1453 1737 boc
1493 1706 1650 1737 canone
1684 1706 1769 1736 mo-

136 1766 344 1810 (teratum.

253 1837 282 1895 ξ
303 1840 347 1880 6.
375 1836 579 1895 Defuncto
603 1837 643 1880 S.
670 1835 717 1879 R.
742 1835 790 1880 E.
821 1836 1060 1892 (ordinali,
1083 1839 1156 1880 etsi
1185 1836 1402 1893 presbyter
1424 1839 1474 1879 sit
1498 1838 1770 1890 ordinatione,

135 1913 210 1951 out
244 1906 466 1965 Episcopo,
499 1912 541 1951 ut
577 1907 742 1951 videtur
775 1910 898 1952 etiam
933 1907 1105 1962 titulari,
1129 1906 1170 1964 a)
1194 1913 1316 1949 extro
1358 1905 1515 1961 Urbem,
1542 1920 1632 1950 nam
1661 1910 1768 1950 inea

137 1993 210 2036 pro
245 1979 312 2022 illo
347 1981 560 2035 provisum
595 1984 655 2022 est
689 1978 888 2035 implicite
922 1981 960 2021 in
995 1991 1084 2022 can.
1113 1978 1239 2032 1219,
1264 1979 1328 2032 §1
1360 1984 1397 2021 et
1424 1980 1511 2021 iure
1544 1981 1770 2032 communi,

138 2064 211 2107 pro
236 2053 310 2094 isto
333 2055 428 2093 sunt
449 2050 645 2107 specialia
665 2049 787 2095 Urbis
810 2054 976 2104 statuta,
997 2050 1038 2108 b)
1057 2050 1101 2093 in
1120 2050 1291 2093 civitate
1313 2048 1545 2107 episcopali
1577 2051 1770 2106 quamvis

137 2135 216 2165 non
261 2123 427 2178 propria
470 2121 668 2176 detuncti,
702 2126 892 2164 servetur
933 2121 1078 2165 saltem
1113 2122 1163 2164 de
1202 2123 1290 2164 iure
1333 2133 1379 2163 ac
1423 2121 1557 2163 officio
1601 2123 1770 2163 canonis

137 2206 259 2250 quem
295 2198 642 2247 commentamur,
670 2193 984 2251 praescriptum
1020 2207 1111 2235 can.
1133 2194 1244 2245 397,
1267 2206 1305 2234 ii.
1329 2194 1360 2234 3
1391 2192 1441 2234 de
1476 2191 1677 2247 Episcopo
1711 2205 1769 2234 re-

136 2264 342 2308 sidentiali
376 2266 558 2308 civitatis
591 2264 710 2307 illius.
746 2263 972 2308 Videlicet:
1003 2263 1125 2306 «Nisi
1160 2263 1270 2306 aliud
1309 2266 1346 2305 in
1381 2264 1543 2305 statutis
1575 2262 1771 2318 capitula-

139 2336 252 2380 ribus
288 2341 502 2390 caveatur‚
525 2335 797 2392 dignitatibus
820 2340 860 2378 et
881 2337 1092 2378 canonicis
1129 2334 1357 2378 secundum
1393 2333 1579 2375 ordinem
1607 2345 1770 2389 praece·

137 2407 301 2450 dentiae
341 2409 404 2450 ius
442 2411 481 2450 et
523 2407 704 2450 officium
748 2411 830 2450 est:
868 2432 920 2437 —
956 2405 1011 2448 3⁰.
1049 2405 1190 2448 Eidem
1232 2404 1453 2462 (Episcopo
1499 2403 1768 2459 residentiali)

138 2476 404 2521 decumbenti
456 2479 691 2521 ministrare
733 2478 1023 2529 Sacramenta,
1075 2476 1268 2519 defuncto
1313 2477 1416 2518 iusta
1451 2473 1637 2517 funebria
1677 2488 1766 2530 per-

135 2548 300 2591 solvere
319 2563 358 2591 )).

254 2619 282 2677 ξ
317 2621 356 2661 ῖ.
392 2619 436 2661 52·
470 2618 651 2662 cadaver
693 2619 912 2663 cuiuslibet
956 2621 1140 2663 defuncti
1183 2618 1377 2660 nn'tlalur
1409 2617 1459 2659 de
1495 2618 1599 2659 t'acto
1637 2630 1671 2656 v.
1706 2630 1766 2672 gr,

137 2691 189 2734 ob
227 2706 245 2731 1(
270 2690 508 2746 sepulcrum
546 2692 795 2734 maiorum»
835 2691 944 2748 (can.
980 2690 1111 2746 1229)
1145 2689 1200 2731 ml
1243 2689 1374 2731 locum
1422 2687 1489 2729 abi
1521 2686 1561 2743 a)
1598 2700 1668 2728 nec
1700 2686 1766 2729 de-

137 2762 308 2820 functus
339 2761 560 2818 propriam
591 2762 832 2818 paroeciam
869 2761 1056 2816 habebat,
1090 2761 1270 2817 alioquin
1308 2761 1381 2814 ipsi
1417 2760 1627 2813 provisum
1663 2763 1766 2800 esset

140 2846 213 2889 per
244 2834 296 2886 ἐξ
331 2832 368 2886 1,
404 2832 442 2885 ⁹2,
478 2832 516 2885 ὃ,
551 2831 594 2889 b)
627 2846 701 2875 nec
734 2832 787 2876 ibi
822 2832 997 2875 ecclesia
1026 2831 1191 2888 finieris·
1225 2829 1410 2885 lessilimc
1446 2828 1589 2885 sacra!
1623 2827 1765 2873 electa,

141 2903 238 2947 illud
276 2905 400 2959 igitur
435 2915 512 2945 non
546 2905 893 2960 comprehensum
928 2903 1004 2946 sub
1028 2904 1079 2955 ,ἓξ
1098 2901 1136 2951 3
1165 2901 1200 2954 4,
1226 2900 1290 2942 ins
1313 2899 1353 2955 a)
1388 2897 1555 2941 lec-andi
1588 2898 1767 2939 cadaver
