1965 3240
1492 6 1499 25 l

196 141 246 176 91²,
438 140 523 174 Lm.
549 139 620 173 III.
649 160 660 164 -
688 139 799 173 PARS
823 139 877 173 Π.
908 160 919 164 -
946 139 1002 174 De
1028 141 1121 175 locis
1146 143 1181 175 et
1207 142 1444 186 temporibus
1469 144 1594 176 sacris
1632 139 1638 142 ”

195 259 361 305 Codicis
397 261 596 315 vigorem,
620 258 688 302 llic
720 258 844 301 solvit
877 272 949 315 pro
984 260 1122 302 futuro
1155 263 1342 316 tempore
1375 261 1414 302 in
1440 273 1530 302 cart.
1550 262 1607 303 12
1640 262 1684 303 9.
1711 259 1833 314 Quod

198 330 353 373 {illinet
387 328 443 372 ad
474 327 708 386 defunctos,
742 329 937 387 equidem
972 331 1012 372 in
1048 341 1185 385 praec.
1207 329 1253 387 ἕο
1278 342 1357 373 non
1381 330 1719 387 comprehensos,
1735 343 1829 374 nam

197 402 377 444 dicitur:
411 400 483 458 qui
515 399 555 457 a)
590 400 633 442 toz
667 399 786 443 domo
819 400 945 442 etiam
980 400 1184 458 ‹remaldi-i,
1222 400 1480 458 proindeque
1514 403 1603 444 iure
1631 414 1721 445 can.
1747 402 1831 444 615

201 476 408 528 exempta,
428 472 585 514 fortiori
620 484 720 527 ergo
756 473 913 514 ratione
938 474 974 513 in
1000 471 1079 514 alia
1113 471 1451 528 qualibetdomo
1485 472 1690 529 religiosa,
1712 472 1751 529 b)
1772 472 1830 515 ‘rel

204 542 392 599 collegio,
427 542 477 585 de
521 554 602 598 quo
647 544 779 598 magis
820 540 1104 595 dubitabatur,
1136 541 1339 599 deyebatzl
1382 547 1568 599 tempore
1611 544 1760 597 obitus,
1793 548 1832 586 et

198 613 311 670 ‘quod
351 612 524 656 verbum
560 615 683 656 etiam
719 611 848 656 breve
883 617 1046 669 tempus
1079 614 1386 669 significat,sed
1411 614 1579 656 rarione
1600 614 1639 669 a)
1659 613 1834 672 hospitii

196 686 325 727 -etiam
363 686 483 727 unius
524 683 621 736 diei,
658 682 696 737 b)
727 683 1005 736 educationis,
1039 696 1132 726 cum
1177 683 1361 727 diuturni
1405 697 1504 740 ergo
1547 687 1745 740 temporis
1778 687 1832 727 in-

202 760 312 798 tenta
347 756 645 810 permanentia,
670 757 706 808 c)
738 754 802 797 vel
834 754 1114 811 infirmitatis,
1139 768 1177 796 v.
1202 769 1263 811 gr.
1288 755 1395 811 apud
1433 754 1648 811 religiosos
1681 758 1717 797 in
1744 755 1832 799 loco

203 825 422 869 salubriori
458 830 765 869 commorantes
797 831 836 867 et
875 841 894 866 «
914 825 1022 882 quod
1059 828 1261 877 attinet»,
1297 826 1336 879 d)
1369 825 1425 868 ad
1456 824 1676 883 defunctos
1700 826 1743 868 in
1768 824 1831 869 lto-

197 895 352 954 spital‘i
394 908 675 953 quocumque,
726 897 893 938 forsitan
940 898 1106 952 proprio
1149 896 1426 952 quorumdam
1474 895 1725 952 regularium
1760 893 1835 940 Or-

203 967 310 1009 dinis
345 966 514 1019 laicalis,
538 965 732 1009 stamlmn
770 971 830 1008 es!
865 965 1091 1009 canonibus
1126 968 1370 1008 1216-1218
1392 979 1463 1009 seu
1498 968 1575 1008 iuri
1609 966 1832 1020 ordinario,

202 1052 295 1081 cum
320 1040 509 1095 sequenti
533 1037 688 1095 duplici
717 1030 983 1094 exceptione:
1016 1036 1103 1079 wisi
1135 1043 1292 1080 coteste!
1325 1041 1438 1080 certo
1461 1050 1510 1080 ex
1534 1036 1834 1080 sufficientibus

206 1108 517 1165 probationibus
559 1108 600 1165 a)
634 1108 685 1151 de
727 1108 821 1150 iure
859 1107 1122 1165 particulari
1168 1122 1204 1149 v.
1244 1122 1305 1164 gr.
1345 1121 1393 1151 ex
1439 1110 1715 1151 conventione
1758 1110 1833 1151 rite

202 1182 322 1230 tacta,
347 1180 398 1223 de
424 1180 513 1236 lege
546 1179 826 1223 ecclesiastica
854 1180 915 1222 vel
944 1180 1125 1236 legitima
1160 1179 1459 1223 consuetudine
1492 1179 1694 1222 adversus
1717 1191 1832 1236 prae-

197 1252 353 1295 ·cedens
389 1252 707 1307 praescriptum,
741 1249 784 1307 b)
818 1256 891 1293 aut
922 1250 1146 1307 privileyt'o
1181 1250 1415 1293 huiusmodi
1450 1250 1606 1293 directe
1638 1263 1833 1293 concesso

197 1323 337 1380 quoad
385 1323 599 1378 religiosas
642 1322 786 1365 domos
832 1322 894 1364 vel
936 1321 1124 1378 collegia,
1159 1334 1265 1379 quae
1303 1320 1355 1365 ab
1394 1324 1491 1377 ipsis
1533 1321 1737 1377 religiosis
1770 1334 1831 1364 re·
1897 1344 1905 1350 ·

205 1390 369 1450 ganturg
403 1393 763 1450 qualitercumque
807 1392 974 1436 obtento
1007 1392 1059 1436 ab
1091 1392 1182 1436 aliis
1224 1392 1411 1448 collegiis
1450 1392 1512 1435 vel
1549 1391 1832 1448 hospitalibus.

204 1465 282 1507 Alii
319 1465 485 1508 demum
521 1464 701 1507 defuncti
736 1464 1052 1506 considerantur
1086 1466 1123 1506 in
1161 1469 1365 1520 postrema
1410 1466 1579 1506 canonis
1612 1467 1740 1519 parte.
1773 1468 1833 1506 ast

207 1538 445 1589 remissive3
482 1535 700 1578 videlicet:
738 1535 847 1592 quod
869 1548 963 1577 rero
987 1534 1042 1577 ad
1064 1534 1162 1577 ‘illos
1185 1534 1351 1588 attinet,
1371 1548 1449 1577 non
1473 1534 1605 1577 solum
1629 1534 1832 1587 alumnos,

203 1606 273 1649 sed
309 1606 380 1663 qm·
413 1619 461 1649 ex
499 1607 656 1648 ratione
700 1606 1004 1661 praedictarum
1049 1605 1233 1662 qualibet
1276 1605 1473 1661 degentes
1510 1604 1551 1647 itt
1591 1604 1833 1647 Semt'nario

205 1677 459 1730 avertuntur,
493 1682 682 1719 serretur
717 1676 1026 1734 praeseriplwn
1062 1690 1152 1718 eati.
1186 1678 1330 1720 1368:
1363 1688 1454 1718 nam
1495 1689 1608 1732 «pro
1641 1674 1833 1718 omnibus

202 1751 272 1805 qui
299 1750 336 1790 in
361 1749 590 1791 seminario
623 1751 718 1790 sunt
736 1763 775 1799 »‚
796 1752 934 1803 utpote
959 1747 1066 1803 quod
1097 1752 1374 1802 «exemptum
1409 1749 1461 1789 sit
1493 1759 1515 1789 a
1549 1746 1832 1789 iurisdictione

205 1818 485 1875 paroeciali»,
509 1817 644 1875 quoad
680 1817 784 1860 hanc
820 1831 904 1860 rem
946 1817 1153 1873 «parochi
1189 1818 1368 1860 officium
1404 1817 1518 1860 obire
1552 1817 1672 1860 debet
1706 1816 1833 1859 Semi-

205 1892 309 1933 narii
345 1893 481 1932 rector
514 1891 657 1932 eiusve
690 1887 962 1944 delegatus»,
988 1892 1026 1930 et
1050 1888 1223 1943 proinde
1259 1890 1295 1930 in
1331 1890 1494 1944 propria
1519 1889 1735 1931 Seminarii
1770 1900 1831 1930 ec-

205 1961 328 2004 clesia
377 1960 439 2003 vel
485 1958 774 2016 semi-publico
817 1961 1012 2011 oratorio,
1050 1961 1169 2001 «nisi
1215 1961 1251 2001 in
1297 1958 1543 2016 quibusdam
1589 1958 1831 2001 Seminariis

205 2033 324 2074 fuerit
358 2031 477 2073 aliter
509 2043 529 2073 a
563 2030 669 2074 Sede
701 2029 934 2086 Apostolica
970 2031 1295 2073 constitutum».

324 2102 393 2144 81.
427 2104 503 2148 lus
536 2103 749 2158 eligendi
783 2103 1099 2157 sepulturam,
1131 2102 1235 2143 sicut
1270 2105 1308 2143 et
1342 2099 1494 2143 habere
1530 2101 1739 2156 proprium
1774 2112 1832 2142 se-

208 2172 395 2229 pulcrum
431 2173 664 2215 admittitur
697 2174 734 2214 in
771 2174 860 2215 iure
880 2171 1170 2215 Decretalium.
1196 2173 1260 2214 Sic
1285 2173 1393 2213 enim
1419 2171 1600 2227 loquitur
1620 2170 1697 2213 Leo
1722 2170 1770 2212 lll
1792 2170 1828 2214 ¹:

211 2243 330 2286 «Nos
363 2246 545 2286 instituta
591 2246 791 2286 maiorum
839 2247 999 2298 patrum
1044 2242 1372 2285 considerantes:
1413 2242 1640 2285 Statuimus
1683 2254 1829 2284 unum-

203 2327 455 2371 -quemquem
492 2316 530 2356 in
565 2316 766 2357 maiorum
791 2327 959 2356 suorum
988 2312 1189 2369 sepulcris
1223 2315 1379 2355 iacere:
1420 2317 1459 2355 ut
1496 2311 1827 2355 Patriarcbarum

207 2387 342 2428 exitus
365 2385 498 2428 docet.
523 2384 630 2428 Nulli
665 2389 801 2427 tamen
837 2396 1037 2440 negamus
1072 2385 1278 2439 propriam
1314 2383 1469 2439 eligere
1502 2383 1771 2439 sepulturam,
1791 2387 1829 2425 et

204 2458 327 2498 etiam
363 2455 553 2498 alienam.
589 2454 789 2498 Dominus
830 2457 941 2498 enim
974 2459 1013 2497 et
1046 2455 1242 2510 magister
1284 2453 1459 2497 alienam
1504 2454 1629 2509 elegit
1661 2458 1701 2496 ut
1737 2467 1826 2510 pro-

205 2528 336 2582 priam
357 2541 395 2566 ».
416 2525 524 2582 Ergo
557 2528 751 2569 statuitur
784 2527 988 2581 imprimis
1020 2524 1221 2580 depositio
1261 2526 1298 2567 in
1338 2524 1574 2581 sepulcrum
1611 2526 1826 2566 maiorum.

203 2596 283 2639 Sed
318 2595 413 2639 huic
447 2597 642 2652 praeferri
679 2597 931 2651 permittitur
963 2594 1134 2637 electam
1170 2594 1439 2650 sepulturam,
1460 2607 1565 2652 quae
1588 2597 1639 2637 sit
1664 2595 1826 2650 propria

204 2665 268 2708 vel
303 2665 393 2708 aliis
425 2668 669 2709 communis.

323 2735 430 2779 Huic
464 2738 541 2779 iuri
577 2749 750 2780 concors
782 2741 840 2780 est
875 2749 966 2778 eati.
1005 2735 1181 2792 1225>ss
1215 2738 1248 2777 1.
1277 2734 1475 2778 (amahus
1509 2735 1618 2785 lieet,
1646 2738 1824 2777 attamen

325 2888 335 2908 1
364 2887 454 2932 Cap.
487 2889 518 2927 1,
547 2888 593 2922 de
620 2888 848 2933 sepulturis,
877 2888 941 2921 tit.
970 2888 1028 2927 28,
1056 2886 1125 2920 lib.
1159 2887 1225 2921 [ΙΙ.
