1965 3240
601 186 727 212 mnmx
753 186 947 213 CANONUM
972 188 1023 212 Εἰ·
1049 188 1331 216 COMMENTARII
1712 184 1779 219 591

805 364 992 401 TlTULUS
1019 365 1126 401 XVII.

668 449 724 482 De
750 448 881 483 sacris
918 449 1268 490 processionibus.

614 516 616 518 ,
1585 509 1662 531 cm.
1700 510 1781 534 mc.

149 552 327 588 Canones
358 553 555 588 1290-1295
624 581 630 587 .
734 581 740 588 .
843 581 851 589 .
954 582 960 588 .
1065 582 1072 589 .
1176 583 1182 589 .
1287 584 1292 590 .
1398 588 1402 592 .
1508 587 1514 592 .
1713 562 1780 596 192

147 612 364 657 Inscriptio
392 612 520 647 Tituli
546 613 710 658 eiusque
737 625 905 648 canones
958 641 964 648 .

148 670 354 705 Sacrarum
379 672 678 716 processionum
705 672 917 718 descriptio
943 685 987 708 ac
1020 673 1226 709 distinctio
1293 703 1298 708 .
1403 703 1408 708 .
1513 704 1518 710 .
1575 678 1666 712 1290

146 729 423 765 Processiones
451 729 745 776 theophoricae.
848 759 855 766 .
958 760 964 766 .
1069 761 1075 767 .
1180 761 1186 767 .
1290 762 1296 768 .
1402 762 1408 768 .
1511 763 1518 769 .
1575 738 1662 771 1291
1716 738 1782 772 193

144 788 317 823 Indictio
343 788 680 824 extraordinariae
708 791 968 835 processionis
1070 819 1076 825 .
1180 822 1185 826 .
1290 820 1296 827 .
1401 822 1406 827 .
1511 823 1516 828 .
1571 796 1662 829 1292
1713 797 1780 831 195

144 847 422 882 Processiones
449 860 471 882 a
497 845 715 894 Religiosis
750 854 860 884 actae
959 877 966 885 .
1180 879 1187 885 .
1291 879 1297 886 .
1401 881 1406 886 .
1511 881 1516 887 .
1573 855 1663 889 1293
1715 856 1781 890 196

145 906 306 941 Ceterae
332 907 602 951 processiones
629 908 739 943 ultra
765 908 970 955 hucusque
995 879 1216 945 moderatas
1293 939 1300 946 .
1402 939 1408 945 .
1512 940 1518 946 .
1574 914 1664 948 1294
1716 914 1782 949 197

145 965 447 1000 Processionum
474 966 686 1012 disciplina
737 996 743 1002 .
845 996 852 1003 .
955 995 962 1003 .
1069 998 1075 1004 .
1180 998 1187 1004 .
1290 998 1296 1004 .
1401 999 1407 1005 .
1511 1000 1516 1004 .
1573 973 1664 1007 1295

796 1096 982 1134 TlTULUS
1010 1097 1130 1134 XVlll.

723 1179 779 1214 De
805 1189 924 1215 sacra
951 1181 1209 1223 supellectili.

145 1247 324 1282 Canones
354 1248 458 1283 1296-
462 1248 553 1283 1306
620 1276 628 1284 .
733 1277 740 1284 .
846 1277 853 1285 .
1286 1282 1292 1288 .
1397 1282 1403 1288 .
1507 1282 1514 1289 .
1716 1256 1781 1291 198

145 1306 334 1342 Schema:
363 1307 525 1343 Titulus
550 1308 699 1343 XVIII.
729 1310 785 1344 De
812 1321 920 1345 sacra
925 1277 1187 1356 supellectili
1288 1342 1294 1347 .
1398 1341 1405 1348 .
1510 1344 1515 1349 .
1710 1315 1780 1349 200

143 1365 359 1411 Inscriptio
387 1367 518 1402 Tituli
544 1379 588 1402 ac
617 1367 721 1403 Ordo
747 1381 966 1404 canonum.

144 1425 348 1469 Custodia,
378 1427 545 1461 materia
571 1431 612 1462 et
638 1427 763 1463 forma
788 1429 1049 1474 supellectilis
1076 1442 1206 1466 sacrae
1288 1459 1294 1465 .
1397 1459 1404 1466 .
1508 1460 1515 1467 .
1572 1434 1661 1468 1296
1710 1434 1778 1468 201

143 1484 326 1520 Provisio
352 1497 397 1519 ac
422 1486 620 1530 reparatio
647 1499 778 1521 sacrae
804 1488 1067 1533 supellectilis
1174 1518 1180 1523 .
1568 1492 1658 1528 1297
1709 1493 1778 1526 202

142 1542 199 1577 De
226 1555 334 1577 sacra
374 1544 615 1589 supellectili
657 1546 834 1580 defuncti
869 1546 906 1581 S.
946 1547 992 1582 R.
1021 1548 1066 1582 E.
1097 1518 1319 1584 Cardinalis
1346 1549 1387 1584 in
1395 1519 1520 1585 Urbe

237 1602 453 1637 residentis
518 1633 523 1638 .
626 1630 634 1639 .
736 1633 742 1639 .
957 1634 963 1640 .
1067 1635 1073 1641 .
1177 1635 1183 1642 .
1289 1635 1295 1643 .
1399 1636 1406 1643 .
1510 1639 1515 1645 .
1570 1610 1661 1645 1298

141 1660 199 1695 De
226 1673 334 1696 sacra
361 1662 605 1707 supellectili
633 1663 812 1699 defuncti
838 1665 1022 1711 Episcopi
1060 1667 1330 1702 residentialis
1356 1680 1435 1703 non
1463 1680 1524 1703 su-

236 1720 451 1755 burbicarii
512 1748 519 1756 .
734 1749 742 1757 .
956 1753 962 1760 .
1067 1754 1073 1760 .
1176 1754 1183 1760 .
1288 1754 1293 1761 .
1397 1755 1404 1762 .
1509 1757 1514 1763 .
1569 1729 1660 1763 1299
1710 1728 1779 1763 203

142 1779 200 1812 De
226 1790 335 1814 sacra
362 1780 603 1825 supellectili
631 1760 811 1817 defuncti
838 1752 970 1818 clerici
995 1785 1237 1820 beneficiarii
1288 1813 1296 1821 .
1398 1815 1404 1821 .
1508 1817 1513 1822 .
1568 1787 1660 1821 1300
1709 1787 1778 1822 206

140 1836 279 1872 Forma
305 1838 406 1872 iuris
432 1839 567 1874 civilis
593 1840 727 1875 valida
753 1843 964 1878 servanda
1066 1872 1073 1878 .
1176 1873 1182 1879 .
1286 1873 1292 1879 .
1396 1874 1402 1879 .
1506 1874 1512 1880 .
1568 1846 1657 1880 1301

140 1895 398 1931 Conservatio
425 1908 556 1932 sacrae
583 1899 847 1944 supellectilis
954 1929 959 1935 .
1064 1929 1071 1936 .
1175 1930 1182 1937 .
1286 1931 1292 1938 .
1396 1932 1402 1938 .
1506 1932 1512 1939 .
1568 1905 1659 1939 1302
1708 1905 1777 1940 207

139 1955 199 1989 De
236 1954 578 1991 subministranda
615 1968 727 1992 sacra
766 1959 1010 2004 supellectili
1046 1960 1093 1995 ad
1126 1973 1255 1996 sacras
1280 1962 1519 2008 [functiones

234 2014 475 2048 exercendas
510 2041 517 2048 .
620 2042 628 2049 .
731 2043 738 2050 .
840 2045 848 2051 ‚
952 2046 959 2051 .
1065 2046 1071 2052 .
1174 2046 1181 2054 .
1285 2049 1291 2054 .
1396 2050 1402 2056 .
1506 2048 1512 2055 .
1569 2021 1658 2056 1303

136 2063 322 2106 Facultas
348 2072 612 2107 benedicendi
637 2085 787 2109 sacram
815 2077 1104 2121 supellectilem
1173 2106 1180 2112 .
1284 2106 1290 2113 .
1394 2107 1400 2113 .
1504 2106 1511 2114 .
1567 2080 1657 2114 1304
1706 2081 1774 2115 209

137 2130 195 2164 De
221 2131 434 2167 amissione
460 2131 755 2168 benedictionis
781 2140 851 2169 aut
878 2137 1188 2172 consecrationis
1226 2150 1355 2173 sacrae
1386 2139 1514 2184 supel—

232 2189 401 2224 lectilis.
505 2217 513 2224 .
617 2219 624 2225 .
727 2220 734 2226 .
838 2221 844 2227 .
949 2223 955 2229 .
1060 2223 1066 2229 .
1170 2223 1177 2230 .
1280 2224 1287 2231 .
1390 2224 1397 2231 .
1499 2224 1508 2232 .
1564 2198 1652 2232 1305
1701 2199 1769 2231 211

136 2248 194 2284 De
221 2248 344 2284 calice
370 2260 460 2284 cum
486 2254 632 2295 patena
656 2255 697 2286 et
722 2252 1022 2297 purificatoriis,
1042 2256 1160 2300 paliis
1185 2267 1229 2290 ac
1247 2256 1515 2302 corporalibus

231 2312 321 2353 post
339 2319 456 2343 usum
508 2336 517 2344 .
618 2339 624 2345 .
728 2338 735 2345 .
840 2340 846 2346 .
950 2340 957 2347 .
1061 2341 1067 2348 .
1171 2342 1177 2348 .
1281 2343 1287 2348 .
1392 2343 1398 2349 .
1502 2345 1508 2350 .
1564 2316 1654 2350 1306
1703 2317 1772 2350 212

802 2452 990 2490 TlTULUS
1017 2454 1106 2490 xlx.

679 2529 737 2563 De
761 2531 853 2564 voto
880 2532 918 2565 et
947 2530 1222 2566 iureiurando.

712 2640 851 2675 CAPUT
877 2641 909 2676 Ι.
938 2662 981 2668 -
1009 2644 1064 2678 De
1091 2645 1195 2678 voto.

136 2705 316 2741 Canones
335 2707 438 2743 1307-
442 2709 534 2744 1315
609 2736 617 2743 .
721 2738 728 2744 .
831 2739 839 2746 .
944 2740 951 2747 .
1055 2743 1062 2748 .
1276 2742 1282 2749 .
1387 2744 1391 2749 .
1497 2742 1503 2749 .
1698 2717 1767 2749 214

137 2763 326 2801 Schema.
353 2766 514 2802 Titulus
541 2768 653 2803 XIX.
681 2769 739 2803 De
764 2774 859 2805 voto
884 2776 926 2806 et
955 2742 1208 2808 iureiurando
1277 2801 1283 2808 .

133 2822 349 2868 Inscriptio
375 2825 503 2860 Tituli
529 2838 573 2861 ac
599 2826 752 2872 Capitis
778 2831 819 2863 et
845 2829 918 2864 sub
936 2829 1009 2866 hoc
1035 2843 1229 2866 canonum
1260 2833 1505 2867 coordinatio
1695 2833 1765 2867 215

133 2881 228 2917 Voti
253 2887 401 2919 natura
501 2912 508 2919 .
611 2911 620 2920 .
722 2912 731 2920 .
834 2913 841 2921 .
944 2915 951 2922 .
1056 2918 1061 2923 .
1164 2918 1170 2925 .
1273 2918 1280 2925 .
1383 2918 1388 2925 .
1493 2918 1499 2924 .
1556 2891 1645 2926 1307
1719 2904 1738 2924 ι
