1965 3240
97 115 119 147 Ν)

477 114 560 149 LIB.
587 115 657 148 ΠΙ.
685 135 697 140 -
723 115 834 149 PARS
859 115 930 149 III.
958 135 968 141 -
996 116 1052 150 De
1078 117 1188 150 vultu
1213 116 1347 150 divino

216 232 275 276 De
309 232 370 276 his
398 235 501 276 votis
534 233 924 277 animadverterunt
956 237 1233 277 communiter
1267 233 1347 277 ΠΙ).
1372 234 1497 291 quod,
1520 239 1565 277 ut
1588 239 1726 278 essent

96 307 323 357 reservata,
357 302 588 346 debuerant
621 316 709 347 esse
753 304 958 360 perfecta:
1002 304 1043 361 a)
1077 304 1243 347 ratione
1284 303 1510 357 libertatis,
1555 304 1727 348 excluso

96 377 207 416 metu
241 375 364 416 etiam
400 373 480 416 levi
514 373 566 417 ab
598 373 678 417 alio
712 375 889 425 incusso,
925 373 967 431 b)
1001 374 1168 417 ratione
1215 375 1433 425 materiae,
1468 379 1723 431 quapropter

98 448 237 486 votum
274 446 618 500 peregrinationis
651 445 775 487 fuerit
809 447 993 501 praecise
1026 446 1178 488 tactum
1213 459 1263 488 ex
1299 445 1520 489 devotione
1559 445 1724 488 illorum

96 513 296 567 locorum,
334 519 471 557 votum
508 516 706 558 castitatis
737 520 844 557 esset
873 521 1123 572 perpetuum
1155 529 1248 558 cum
1299 512 1523 559 intentione
1558 519 1724 572 promit-

96 584 206 627 tendi
252 583 541 628 abstinentiam
587 585 639 628 ab
681 587 791 627 omui
834 588 1021 641 opposito
1058 590 1165 637 actu,
1204 590 1343 629 votum
1389 586 1601 643 religionis
1644 600 1725 629 non

96 654 312 698 intendens
346 660 502 698 tantum
538 655 770 698 Institutum
808 654 876 699 ubi
913 660 1005 699 vota
1044 656 1248 712 simplicia
1282 659 1540 710 emittuntur,
1579 658 1619 714 c)
1654 671 1722 699 ra-

97 725 208 767 tione
239 724 418 783 formae,
452 727 557 769 facta
592 739 740 781 nempe
773 726 1058 783 principaliter
1091 729 1128 769 in
1169 727 1366 770 honorem
1404 727 1489 778 Dei,
1514 741 1592 770 non
1629 742 1720 784 poe-

94 795 225 849 nalia;
260 796 459 842 absoluta.
486 810 564 839 non
589 796 666 840 sub
699 797 936 840 conditione
961 810 1059 841 vera
1092 811 1163 841 seu
1198 799 1249 841 de
1274 799 1411 841 futuro
1444 801 1724 855 contingenti;

95 872 135 909 et
167 867 456 921 determinata,
488 881 568 910 non
603 868 853 911 disiunctiva
881 882 917 909 v.
942 882 1003 925 gr.
1040 868 1250 924 religionis
1283 874 1353 912 aut
1384 871 1550 924 ieiunii,
1585 874 1624 912 et
1657 870 1726 913 ‹le-

95 939 219 994 nique
267 937 310 995 d)
356 938 522 981 ratione
565 937 850 996 obliqatiom's,
895 952 972 982 non
1017 953 1111 983 cum
1158 942 1382 983 intentione
1424 954 1467 983 se
1510 940 1722 997 obligandi

94 1008 225 1052 solum
261 1009 337 1052 sub
371 1008 466 1053 levi.

214 1079 269 1122 2⁰.
306 1079 363 1123 De
400 1085 493 1123 voto
527 1083 726 1124 castitatis
767 1081 888 1124 simul
934 1095 1027 1127 cum
1069 1081 1160 1125 aliis
1202 1084 1362 1125 emissis
1405 1084 1442 1125 in
1486 1081 1724 1139 Congrega-

95 1150 275 1194 tionibus
312 1155 500 1194 votorum
545 1152 812 1208 simplicium,
847 1157 1013 1195 cautum
1060 1153 1135 1195 fuit
1178 1155 1214 1195 in
1257 1151 1396 1197 Const.
1434 1152 1674 1198 «Conditae
1699 1170 1719 1195 ³>

97 1222 240 1264 Leonis
274 1221 400 1264 ΧΙΙΙ1
438 1221 514 1266 sub
548 1223 826 1278 distinctione,
851 1236 944 1266 nam
980 1224 1031 1267 de
1054 1222 1454 1280 Congregationibus
1488 1226 1588 1267 iuris
1611 1225 1724 1268 dioe-

94 1294 246 1347 cesani,
270 1292 422 1336 dicitur
455 1293 532 1337 sub
567 1307 604 1336 n.
634 1292 731 1336 Vlll.
772 1293 1014 1350 «Episcopo
1047 1294 1236 1337 alumnas
1267 1295 1529 1338 sodalitatum
1565 1296 1728 1339 dioece-

94 1375 287 1406 sanarum
323 1364 526 1419 professas
559 1364 795 1407 dimittendi
831 1368 1009 1420 potestas
1042 1369 1115 1418 est,
1143 1367 1247 1407 rotis
1281 1367 1490 1421 perpetuis
1523 1378 1653 1423 aeque
1676 1379 1726 1409 ac

94 1436 356 1489 temporariis
401 1437 595 1489 remissis,
630 1448 711 1478 uno
754 1435 920 1491 dempto
956 1435 1024 1492 (ex
1058 1438 1304 1479 auctoritate
1346 1436 1492 1479 saltem
1539 1436 1725 1493 propria)

94 1505 292 1548 colendae
327 1511 526 1561 perpetuo
560 1508 815 1549 castitatis».

213 1575 269 1619 De
292 1576 580 1620 sodalitatibus
606 1591 704 1620 vero
738 1580 839 1621 iuris
873 1578 1089 1630 Pontilicii,
1116 1577 1267 1634 legitur
1291 1579 1482 1621 interius:
1513 1594 1533 1619 «
1552 1578 1597 1622 ΙΙ.
1623 1577 1726 1622 Con-

95 1647 250 1690 donare
280 1652 389 1702 vota,
413 1649 503 1690 sive
537 1660 583 1690 ea
618 1651 870 1704 temporaria
903 1651 995 1701 sint‚
1019 1651 1108 1691 sive
1141 1654 1352 1705 perpetua,
1378 1651 1498 1692 unius
1521 1654 1581 1692 est
1605 1648 1724 1694 Rom.

95 1717 362 1762 Pontiticis».
397 1717 462 1761 lus
483 1718 559 1762 sub
584 1719 627 1761 nO
653 1719 691 1771 ⁶2,
724 1721 831 1762 sicut
864 1719 974 1762 aliud
1009 1719 1143 1762 simile
1177 1719 1228 1762 de
1264 1722 1368 1762 votis
1401 1719 1591 1775 publicis,
1617 1732 1726 1777 quae

94 1790 133 1831 in
158 1787 386 1832 Ordinibus
410 1791 731 1844 praemittuntur
754 1789 927 1833 solemni
963 1791 1220 1845 professioni,
1244 1790 1515 1833 omittendum
1546 1790 1723 1845 videtur⁷

93 1861 189 1916 quia
225 1859 362 1915 plnres
396 1862 644 1903 mutationes
676 1860 802 1903 subiit
835 1863 1043 1916 expositas
1076 1862 1115 1903 in
1151 1861 1269 1911 Parte
1291 1860 1473 1904 secunda
1515 1861 1604 1904 «de
1629 1861 1722 1904 reli-

94 1932 257 1986 giosis»
295 1930 372 1974 sub
408 1930 527 1973 Libro
562 1930 591 1973 ll
626 1930 802 1974 Codicis.

216 2002 309 2044 182.
346 2004 423 2047 lus
461 2004 637 2058 vigens
670 2005 732 2048 de
765 2006 991 2049 votorum
1026 2006 1330 2060 privatorum
1368 2006 1724 2050 reservatione.

94 2071 135 2114 ln
171 2084 260 2128 cap.
295 2086 363 2115 un.
402 2072 490 2115 «de
527 2077 621 2115 voto
655 2078 694 2116 et
730 2075 811 2116 voti
858 2075 1181 2130 redemptione»
1222 2077 1259 2117 in
1296 2075 1338 2117 6ο
1371 2074 1451 2129 (lll,
1489 2075 1556 2129 15)
1590 2076 1724 2132 inquit

95 2142 222 2185 Bonif.
251 2141 334 2185 vill
369 2142 545 2186 Biteren.
575 2142 802 2200 Episcopo:
832 2142 990 2197 «Quod
1020 2149 1159 2187 votum
1185 2144 1334 2188 debeat
1357 2145 1438 2188 dici
1463 2144 1722 2200 sollemne,...

94 2226 166 2256 nos
199 2213 415 2256 consulere
452 2213 683 2258 voluisti:...
719 2218 946 2270 praesentis
979 2215 1274 2258 declarandum
1325 2215 1522 2259 duximus
1554 2215 1723 2259 oraculo

92 2286 330 2338 sanctionis,
366 2283 464 2327 illud
513 2284 644 2327 solum
684 2290 824 2328 votum
858 2285 1011 2329 debere
1054 2286 1135 2329 dici
1179 2286 1392 2340 sollemne,
1425 2291 1625 2343 quantum
1670 2286 1718 2329 ad

96 2359 184 2409 post
232 2359 489 2398 contractum
544 2357 852 2398 matrimonium
896 2356 1193 2411 dirimendum,
1236 2357 1344 2414 quod
1394 2356 1719 2400 sollemnizatum

93 2425 214 2467 fuerit
248 2438 319 2480 per
351 2428 656 2481 susceptionem
691 2428 797 2469 sacri
831 2427 1010 2469 ordinis:
1047 2428 1127 2470 Aut
1161 2441 1233 2483 per
1267 2428 1562 2483 professionem
1594 2426 1721 2484 (nunc

91 2494 332 2538 sollemnem
368 2496 421 2549 et)
455 2508 694 2552 expressam
738 2495 837 2552 (non
883 2497 1074 2553 tacitam)
1109 2498 1255 2541 factam
1291 2497 1413 2541 alicui
1459 2497 1509 2541 de
1557 2497 1720 2554 religio-

94 2567 213 2608 nibus
248 2579 318 2621 per
351 2566 491 2609 sedem
517 2566 798 2622 Apostolicam
831 2567 1107 2623 approbatis»
1146 2567 1335 2625 (nempe:
1370 2580 1477 2625 quae
1504 2570 1555 2611 sit
1578 2566 1719 2620 Ordo).

94 2635 274 2691 ldipsum
314 2638 423 2692 viget
457 2637 506 2679 ad
543 2650 728 2680 normam
764 2650 852 2682 can.
892 2638 1000 2680 1072
1034 2644 1071 2681 et
1108 2639 1203 2681 583.
1239 2643 1540 2696 proptereaque
1573 2638 1720 2681 borum

97 2711 284 2749 votorum
332 2709 559 2750 reservatio
604 2712 754 2751 manet.
798 2707 942 2751 Cetera
980 2714 1071 2752 rota
1116 2709 1279 2765 publica
1323 2714 1443 2752 erunt
1486 2711 1636 2752 emissa
1682 2711 1720 2752 in

214 2859 223 2880 1
252 2857 308 2891 ld„
339 2858 429 2892 Dee.
462 2859 565 2892 1900.
