<?xml version="1.0" encoding="UTF-8"?>
<!DOCTYPE html PUBLIC "-//W3C//DTD XHTML 1.0 Transitional//EN"
    "http://www.w3.org/TR/xhtml1/DTD/xhtml1-transitional.dtd">
<html xmlns="http://www.w3.org/1999/xhtml" xml:lang="en" lang="en">
 <head>
  <title>
</title>
<meta http-equiv="Content-Type" content="text/html;charset=utf-8" />
  <meta name='ocr-system' content='tesseract 3.04.00' />
  <meta name='ocr-capabilities' content='ocr_page ocr_carea ocr_par ocr_line ocrx_word'/>
</head>
<body>
  <div class='ocr_page' id='page_1' title='image "./commentariumtext03blatuoft_0025.png"; bbox 0 0 1965 3240; ppageno 0'>
   <div class='ocr_carea' id='block_1_1' title="bbox 682 138 1755 173">
    <p class='ocr_par' dir='ltr' id='par_1_1' title="bbox 682 138 1755 173">
     <span class='ocr_line' id='line_1_1' title="bbox 682 138 1755 173; baseline -0.003 0"><span class='ocrx_word' id='word_1_1' title='bbox 682 141 767 173; x_wconf 78' lang='lat' dir='ltr'>Trr.</span> <span class='ocrx_word' id='word_1_2' title='bbox 797 139 868 173; x_wconf 84' lang='lat' dir='ltr'>IX.</span> <span class='ocrx_word' id='word_1_3' title='bbox 899 159 910 164; x_wconf 92' lang='lat'><em>-</em></span> <span class='ocrx_word' id='word_1_4' title='bbox 939 139 994 173; x_wconf 76' lang='lat' dir='ltr'>De</span> <span class='ocrx_word' id='word_1_5' title='bbox 1028 141 1194 173; x_wconf 74' lang='lat' dir='ltr'>eeclesiis</span> <span class='ocrx_word' id='word_1_6' title='bbox 1712 138 1755 170; x_wconf 73' lang='lat'>13</span> 
     </span>
    </p>
   </div>
   <div class='ocr_carea' id='block_1_2' title="bbox 213 199 1186 207">
    <p class='ocr_par' dir='ltr' id='par_1_2' title="bbox 213 199 1186 207">
     <span class='ocr_line' id='line_1_2' title="bbox 213 199 1186 207; baseline 0 0"><span class='ocrx_word' id='word_1_7' title='bbox 213 199 1186 207; x_wconf 95' lang='lat' dir='ltr'> </span> 
     </span>
    </p>
   </div>
   <div class='ocr_carea' id='block_1_3' title="bbox 114 256 1764 2736">
    <p class='ocr_par' dir='ltr' id='par_1_3' title="bbox 115 256 1757 743">
     <span class='ocr_line' id='line_1_3' title="bbox 121 256 1755 322; baseline -0.005 -14"><span class='ocrx_word' id='word_1_8' title='bbox 121 265 323 322; x_wconf 71' lang='lat' dir='ltr'>pulturae,</span> <span class='ocrx_word' id='word_1_9' title='bbox 342 261 413 305; x_wconf 85' lang='lat' dir='ltr'>sed</span> <span class='ocrx_word' id='word_1_10' title='bbox 433 256 576 304; x_wconf 62' lang='lat' dir='ltr'>«tibine</span> <span class='ocrx_word' id='word_1_11' title='bbox 594 259 729 302; x_wconf 75' lang='lat' dir='ltr'>cultui</span> <span class='ocrx_word' id='word_1_12' title='bbox 751 258 961 308; x_wconf 69' lang='lat' dir='ltr'>dedicata,</span> <span class='ocrx_word' id='word_1_13' title='bbox 981 257 1132 315; x_wconf 82' lang='lat' dir='ltr'>quibus</span> <span class='ocrx_word' id='word_1_14' title='bbox 1154 257 1291 301; x_wconf 80' lang='lat' dir='ltr'>verbis</span> <span class='ocrx_word' id='word_1_15' title='bbox 1314 258 1556 314; x_wconf 82' lang='lat' dir='ltr'>designatur</span> <span class='ocrx_word' id='word_1_16' title='bbox 1582 261 1755 314; x_wconf 81' lang='lat' dir='ltr'>uterque</span> 
     </span>
     <span class='ocr_line' id='line_1_4' title="bbox 115 328 1751 392; baseline -0.004 -14"><span class='ocrx_word' id='word_1_17' title='bbox 115 334 340 392; x_wconf 89' lang='lat' dir='ltr'>deputandi</span> <span class='ocrx_word' id='word_1_18' title='bbox 378 332 537 385; x_wconf 77' lang='lat' dir='ltr'>modus,</span> <span class='ocrx_word' id='word_1_19' title='bbox 562 345 654 374; x_wconf 77' lang='lat' dir='ltr'>eum</span> <span class='ocrx_word' id='word_1_20' title='bbox 683 330 949 388; x_wconf 72' lang='lat' dir='ltr'>potissimum</span> <span class='ocrx_word' id='word_1_21' title='bbox 985 329 1027 371; x_wconf 74' lang='lat' dir='ltr'>in</span> <span class='ocrx_word' id='word_1_22' title='bbox 1063 329 1185 385; x_wconf 65' lang='lat' dir='ltr'>finem</span> <span class='ocrx_word' id='word_1_23' title='bbox 1217 329 1436 381; x_wconf 69' lang='lat' dir='ltr'>destinata,</span> <span class='ocrx_word' id='word_1_24' title='bbox 1462 342 1544 386; x_wconf 77' lang='lat' dir='ltr'>quo</span> <span class='ocrx_word' id='word_1_25' title='bbox 1578 328 1630 371; x_wconf 84' lang='lat' dir='ltr'>al)</span> <span class='ocrx_word' id='word_1_26' title='bbox 1663 341 1751 371; x_wconf 89' lang='lat' dir='ltr'>ora—</span> 
     </span>
     <span class='ocr_line' id='line_1_5' title="bbox 118 398 1757 460; baseline -0.006 -11"><span class='ocrx_word' id='word_1_27' title='bbox 118 408 232 450; x_wconf 80' lang='lat' dir='ltr'>toriis</span> <span class='ocrx_word' id='word_1_28' title='bbox 264 407 386 448; x_wconf 90' lang='lat' dir='ltr'>etiam</span> <span class='ocrx_word' id='word_1_29' title='bbox 423 402 598 460; x_wconf 82' lang='lat' dir='ltr'>publicis</span> <span class='ocrx_word' id='word_1_30' title='bbox 643 404 732 444; x_wconf 89' lang='lat' dir='ltr'>iure</span> <span class='ocrx_word' id='word_1_31' title='bbox 774 401 1057 457; x_wconf 77' lang='lat' dir='ltr'>distinguitur,</span> <span class='ocrx_word' id='word_1_32' title='bbox 1092 405 1137 442; x_wconf 75' lang='lat' dir='ltr'>u!</span> <span class='ocrx_word' id='word_1_33' title='bbox 1169 399 1359 442; x_wconf 67' lang='lat' dir='ltr'>omnibus</span> <span class='ocrx_word' id='word_1_34' title='bbox 1399 398 1757 456; x_wconf 68' lang='lat' dir='ltr'>(&#39;liristificlelibm·</span> 
     </span>
     <span class='ocr_line' id='line_1_6' title="bbox 117 470 1756 530; baseline -0.007 -9"><span class='ocrx_word' id='word_1_35' title='bbox 117 477 214 521; x_wconf 75' lang='lat' dir='ltr'>usui</span> <span class='ocrx_word' id='word_1_36' title='bbox 246 476 317 529; x_wconf 37' lang='lat' dir='ltr'>sits,</span> <span class='ocrx_word' id='word_1_37' title='bbox 351 488 422 518; x_wconf 91' lang='lat' dir='ltr'>seu</span> <span class='ocrx_word' id='word_1_38' title='bbox 448 489 467 515; x_wconf 85' lang='lat'>«</span> <span class='ocrx_word' id='word_1_39' title='bbox 490 478 532 517; x_wconf 84' lang='lat' dir='ltr'>ut</span> <span class='ocrx_word' id='word_1_40' title='bbox 567 472 732 530; x_wconf 85' lang='lat' dir='ltr'>publico</span> <span class='ocrx_word' id='word_1_41' title='bbox 768 471 952 515; x_wconf 89' lang='lat' dir='ltr'>lidelium</span> <span class='ocrx_word' id='word_1_42' title='bbox 989 473 1078 514; x_wconf 91' lang='lat' dir='ltr'>usui</span> <span class='ocrx_word' id='word_1_43' title='bbox 1114 470 1243 514; x_wconf 86' lang='lat' dir='ltr'>libere</span> <span class='ocrx_word' id='word_1_44' title='bbox 1278 470 1487 513; x_wconf 73' lang='lat' dir='ltr'>deserviat</span> <span class='ocrx_word' id='word_1_45' title='bbox 1511 487 1528 511; x_wconf 83' lang='grc'>))</span> <span class='ocrx_word' id='word_1_46' title='bbox 1552 484 1601 513; x_wconf 82' lang='lat' dir='ltr'>ex</span> <span class='ocrx_word' id='word_1_47' title='bbox 1642 470 1756 513; x_wconf 74' lang='lat' dir='ltr'>l)ec.⁰</span> 
     </span>
     <span class='ocr_line' id='line_1_7' title="bbox 116 541 1754 603; baseline -0.005 -11"><span class='ocrx_word' id='word_1_48' title='bbox 116 547 232 592; x_wconf 73' lang='lat' dir='ltr'>Gen.i</span> <span class='ocrx_word' id='word_1_49' title='bbox 266 548 304 591; x_wconf 83' lang='lat' dir='ltr'>S.</span> <span class='ocrx_word' id='word_1_50' title='bbox 328 544 477 603; x_wconf 86' lang='lat' dir='ltr'>Congr.</span> <span class='ocrx_word' id='word_1_51' title='bbox 505 544 631 592; x_wconf 76' lang='lat' dir='ltr'>Rit.1‚</span> <span class='ocrx_word' id='word_1_52' title='bbox 666 545 736 602; x_wconf 88' lang='lat' dir='ltr'>qui</span> <span class='ocrx_word' id='word_1_53' title='bbox 771 556 869 586; x_wconf 86' lang='lat' dir='ltr'>usus</span> <span class='ocrx_word' id='word_1_54' title='bbox 901 543 1205 585; x_wconf 85' lang='lat' dir='ltr'>determinatur</span> <span class='ocrx_word' id='word_1_55' title='bbox 1239 544 1351 585; x_wconf 86' lang='lat' dir='ltr'>iuxta</span> <span class='ocrx_word' id='word_1_56' title='bbox 1389 542 1510 584; x_wconf 89' lang='lat' dir='ltr'>tinem</span> <span class='ocrx_word' id='word_1_57' title='bbox 1548 541 1623 584; x_wconf 84' lang='lat' dir='ltr'>loci</span> <span class='ocrx_word' id='word_1_58' title='bbox 1649 544 1754 584; x_wconf 83' lang='lat' dir='ltr'>sacri</span> 
     </span>
     <span class='ocr_line' id='line_1_8' title="bbox 117 611 1754 674; baseline -0.005 -12"><span class='ocrx_word' id='word_1_59' title='bbox 117 618 173 662; x_wconf 78' lang='lat' dir='ltr'>ad</span> <span class='ocrx_word' id='word_1_60' title='bbox 195 617 384 661; x_wconf 71' lang='lat' dir='ltr'>(livinum</span> <span class='ocrx_word' id='word_1_61' title='bbox 408 616 566 660; x_wconf 68' lang='lat' dir='ltr'>cultum</span> <span class='ocrx_word' id='word_1_62' title='bbox 581 614 747 674; x_wconf 75' lang='lat' dir='ltr'>publice</span> <span class='ocrx_word' id='word_1_63' title='bbox 769 628 845 658; x_wconf 89' lang='lat' dir='ltr'>ceu</span> <span class='ocrx_word' id='word_1_64' title='bbox 871 618 1078 671; x_wconf 89' lang='lat' dir='ltr'>patentem</span> <span class='ocrx_word' id='word_1_65' title='bbox 1104 612 1297 657; x_wconf 88' lang='lat' dir='ltr'>omnibus</span> <span class='ocrx_word' id='word_1_66' title='bbox 1321 611 1611 655; x_wconf 63' lang='lat' dir='ltr'>arei-cendum.</span> <span class='ocrx_word' id='word_1_67' title='bbox 1638 614 1754 655; x_wconf 84' lang='lat' dir='ltr'>luxta</span> 
     </span>
     <span class='ocr_line' id='line_1_9' title="bbox 115 686 1616 743; baseline -0.005 -10"><span class='ocrx_word' id='word_1_68' title='bbox 115 690 305 733; x_wconf 68' lang='lat' dir='ltr'>diversas</span> <span class='ocrx_word' id='word_1_69' title='bbox 338 688 591 732; x_wconf 85' lang='lat' dir='ltr'>delinitionis</span> <span class='ocrx_word' id='word_1_70' title='bbox 625 690 763 743; x_wconf 88' lang='lat' dir='ltr'>partes</span> <span class='ocrx_word' id='word_1_71' title='bbox 798 698 1062 741; x_wconf 81' lang='lat' dir='ltr'>progressum</span> <span class='ocrx_word' id='word_1_72' title='bbox 1094 697 1300 727; x_wconf 87' lang='lat' dir='ltr'>canonum</span> <span class='ocrx_word' id='word_1_73' title='bbox 1339 686 1616 726; x_wconf 64' lang='lat' dir='ltr'>inveniemus.</span> 
     </span>
    </p>

    <p class='ocr_par' dir='ltr' id='par_1_4' title="bbox 114 753 1760 1600">
     <span class='ocr_line' id='line_1_10' title="bbox 242 753 1758 806; baseline -0.005 -4"><span class='ocrx_word' id='word_1_74' title='bbox 242 760 304 802; x_wconf 65' lang='lat' dir='ltr'>ta.</span> <span class='ocrx_word' id='word_1_75' title='bbox 342 761 663 806; x_wconf 83' lang='lat' dir='ltr'>conditiones</span> <span class='ocrx_word' id='word_1_76' title='bbox 707 758 978 803; x_wconf 84' lang='lat' dir='ltr'>canonicae</span> <span class='ocrx_word' id='word_1_77' title='bbox 1021 756 1349 801; x_wconf 81' lang='lat' dir='ltr'>aedificandis</span> <span class='ocrx_word' id='word_1_78' title='bbox 1394 756 1633 801; x_wconf 89' lang='lat' dir='ltr'>ecclesiis.</span> <span class='ocrx_word' id='word_1_79' title='bbox 1678 753 1758 797; x_wconf 84' lang='lat' dir='ltr'>Rit.</span> 
     </span>
     <span class='ocr_line' id='line_1_11' title="bbox 116 825 1755 883; baseline -0.005 -8"><span class='ocrx_word' id='word_1_80' title='bbox 116 831 234 875; x_wconf 73' lang='lat' dir='ltr'>Boni.</span> <span class='ocrx_word' id='word_1_81' title='bbox 258 834 316 874; x_wconf 84' lang='lat' dir='ltr'>sic</span> <span class='ocrx_word' id='word_1_82' title='bbox 350 830 567 874; x_wconf 87' lang='lat' dir='ltr'>exorditur</span> <span class='ocrx_word' id='word_1_83' title='bbox 600 831 724 872; x_wconf 89' lang='lat' dir='ltr'>ritum</span> <span class='ocrx_word' id='word_1_84' title='bbox 762 827 1035 872; x_wconf 86' lang='lat' dir='ltr'>benedicendi</span> <span class='ocrx_word' id='word_1_85' title='bbox 1069 832 1106 869; x_wconf 86' lang='lat' dir='ltr'>et</span> <span class='ocrx_word' id='word_1_86' title='bbox 1142 826 1382 883; x_wconf 82' lang='lat' dir='ltr'>imponendi</span> <span class='ocrx_word' id='word_1_87' title='bbox 1421 827 1664 882; x_wconf 90' lang='lat' dir='ltr'>primarium</span> <span class='ocrx_word' id='word_1_88' title='bbox 1701 825 1755 867; x_wconf 89' lang='lat' dir='ltr'>la-</span> 
     </span>
     <span class='ocr_line' id='line_1_12' title="bbox 118 896 1758 960; baseline -0.005 -14"><span class='ocrx_word' id='word_1_89' title='bbox 118 903 255 960; x_wconf 89' lang='lat' dir='ltr'>pidem</span> <span class='ocrx_word' id='word_1_90' title='bbox 291 915 363 958; x_wconf 93' lang='lat' dir='ltr'>pro</span> <span class='ocrx_word' id='word_1_91' title='bbox 397 900 579 944; x_wconf 78' lang='lat' dir='ltr'>Ecclesia</span> <span class='ocrx_word' id='word_1_92' title='bbox 624 899 909 944; x_wconf 81' lang='lat' dir='ltr'>aedificanda:</span> <span class='ocrx_word' id='word_1_93' title='bbox 951 896 1219 941; x_wconf 85' lang='lat' dir='ltr'>«Ecclesiam</span> <span class='ocrx_word' id='word_1_94' title='bbox 1255 911 1304 940; x_wconf 82' lang='lat' dir='ltr'>ex</span> <span class='ocrx_word' id='word_1_95' title='bbox 1342 896 1534 953; x_wconf 75' lang='lat' dir='ltr'>Episcopi</span> <span class='ocrx_word' id='word_1_96' title='bbox 1580 898 1758 940; x_wconf 86' lang='lat' dir='ltr'>auctori-</span> 
     </span>
     <span class='ocr_line' id='line_1_13' title="bbox 117 967 1755 1027; baseline -0.006 -9"><span class='ocrx_word' id='word_1_97' title='bbox 117 979 199 1018; x_wconf 90' lang='lat' dir='ltr'>tate</span> <span class='ocrx_word' id='word_1_98' title='bbox 233 978 407 1027; x_wconf 70' lang='lat' dir='ltr'>tantum,</span> <span class='ocrx_word' id='word_1_99' title='bbox 433 975 544 1016; x_wconf 86' lang='lat' dir='ltr'>iuxta</span> <span class='ocrx_word' id='word_1_100' title='bbox 569 985 622 1016; x_wconf 89' lang='lat' dir='ltr'>SS.</span> <span class='ocrx_word' id='word_1_101' title='bbox 646 983 853 1015; x_wconf 87' lang='lat' dir='ltr'>canonum</span> <span class='ocrx_word' id='word_1_102' title='bbox 887 969 1072 1024; x_wconf 80' lang='lat' dir='ltr'>decreta,</span> <span class='ocrx_word' id='word_1_103' title='bbox 1091 969 1303 1012; x_wconf 86' lang='lat' dir='ltr'>aediticari</span> <span class='ocrx_word' id='word_1_104' title='bbox 1340 970 1398 1011; x_wconf 78' lang='lat' dir='ltr'>t’as</span> <span class='ocrx_word' id='word_1_105' title='bbox 1432 972 1550 1011; x_wconf 83' lang='lat' dir='ltr'>est».</span> <span class='ocrx_word' id='word_1_106' title='bbox 1577 967 1755 1023; x_wconf 85' lang='lat' dir='ltr'>ldipsum</span> 
     </span>
     <span class='ocr_line' id='line_1_14' title="bbox 116 1040 1760 1097; baseline -0.005 -9"><span class='ocrx_word' id='word_1_107' title='bbox 116 1047 338 1090; x_wconf 83' lang='lat' dir='ltr'>contirmat</span> <span class='ocrx_word' id='word_1_108' title='bbox 371 1058 461 1088; x_wconf 74' lang='lat' dir='ltr'>can.</span> <span class='ocrx_word' id='word_1_109' title='bbox 499 1046 625 1094; x_wconf 70' lang='lat'><strong><em>1162,</em></strong></span> <span class='ocrx_word' id='word_1_110' title='bbox 659 1042 687 1095; x_wconf 62' lang='grc' dir='ltr'>ξ</span> <span class='ocrx_word' id='word_1_111' title='bbox 722 1043 756 1085; x_wconf 87' lang='lat' dir='ltr'>l.</span> <span class='ocrx_word' id='word_1_112' title='bbox 793 1041 923 1087; x_wconf 78' lang='lat' dir='ltr'>Nulla</span> <span class='ocrx_word' id='word_1_113' title='bbox 958 1040 1135 1083; x_wconf 69' lang='lat' dir='ltr'>ecelesia</span> <span class='ocrx_word' id='word_1_114' title='bbox 1168 1052 1435 1097; x_wconf 73' lang='lat' dir='ltr'>(precumque</span> <span class='ocrx_word' id='word_1_115' title='bbox 1468 1040 1692 1082; x_wconf 74' lang='lat' dir='ltr'>decoretur</span> <span class='ocrx_word' id='word_1_116' title='bbox 1716 1041 1760 1080; x_wconf 89' lang='lat' dir='ltr'>ti-</span> 
     </span>
     <span class='ocr_line' id='line_1_15' title="bbox 118 1110 1759 1171; baseline -0.004 -12"><span class='ocrx_word' id='word_1_117' title='bbox 118 1116 203 1160; x_wconf 85' lang='lat' dir='ltr'>tulo</span> <span class='ocrx_word' id='word_1_118' title='bbox 240 1115 303 1159; x_wconf 80' lang='lat' dir='ltr'>vel</span> <span class='ocrx_word' id='word_1_119' title='bbox 339 1115 564 1169; x_wconf 72' lang='lat' dir='ltr'>adiectivo,</span> <span class='ocrx_word' id='word_1_120' title='bbox 597 1119 637 1157; x_wconf 86' lang='lat' dir='ltr'>et</span> <span class='ocrx_word' id='word_1_121' title='bbox 669 1126 689 1157; x_wconf 90' lang='lat' dir='ltr'>a</span> <span class='ocrx_word' id='word_1_122' title='bbox 725 1112 910 1171; x_wconf 86' lang='lat' dir='ltr'>qualibet</span> <span class='ocrx_word' id='word_1_123' title='bbox 945 1125 1117 1168; x_wconf 88' lang='lat' dir='ltr'>persona</span> <span class='ocrx_word' id='word_1_124' title='bbox 1165 1110 1335 1167; x_wconf 72' lang='lat' dir='ltr'>physica</span> <span class='ocrx_word' id='word_1_125' title='bbox 1385 1110 1446 1154; x_wconf 87' lang='lat' dir='ltr'>vel</span> <span class='ocrx_word' id='word_1_126' title='bbox 1495 1110 1640 1153; x_wconf 86' lang='lat' dir='ltr'>morali</span> <span class='ocrx_word' id='word_1_127' title='bbox 1674 1112 1759 1152; x_wconf 79' lang='lat' dir='ltr'>suis</span> 
     </span>
     <span class='ocr_line' id='line_1_16' title="bbox 117 1182 1759 1244; baseline -0.005 -13"><span class='ocrx_word' id='word_1_128' title='bbox 117 1190 311 1244; x_wconf 81' lang='lat' dir='ltr'>expensis</span> <span class='ocrx_word' id='word_1_129' title='bbox 344 1186 592 1243; x_wconf 70' lang='lat' dir='ltr'>aedificetur</span> <span class='ocrx_word' id='word_1_130' title='bbox 627 1190 668 1228; x_wconf 88' lang='lat' dir='ltr'>ut</span> <span class='ocrx_word' id='word_1_131' title='bbox 701 1187 751 1228; x_wconf 86' lang='lat' dir='ltr'>sit</span> <span class='ocrx_word' id='word_1_132' title='bbox 786 1184 877 1228; x_wconf 92' lang='lat' dir='ltr'>talis</span> <span class='ocrx_word' id='word_1_133' title='bbox 912 1187 1080 1240; x_wconf 88' lang='lat' dir='ltr'>propter</span> <span class='ocrx_word' id='word_1_134' title='bbox 1125 1182 1383 1226; x_wconf 74' lang='lat' dir='ltr'>materialem</span> <span class='ocrx_word' id='word_1_135' title='bbox 1429 1182 1759 1238; x_wconf 77' lang='lat' dir='ltr'>dispositionem,</span> 
     </span>
     <span class='ocr_line' id='line_1_17' title="bbox 116 1253 1759 1316; baseline -0.005 -14"><span class='ocrx_word' id='word_1_136' title='bbox 116 1259 210 1302; x_wconf 76' lang='lat' dir='ltr'>sine</span> <span class='ocrx_word' id='word_1_137' title='bbox 242 1260 282 1315; x_wconf 90' lang='lat' dir='ltr'>a)</span> <span class='ocrx_word' id='word_1_138' title='bbox 318 1271 515 1316; x_wconf 64' lang='lat' dir='ltr'>aspre-580</span> <span class='ocrx_word' id='word_1_139' title='bbox 551 1257 592 1314; x_wconf 88' lang='lat' dir='ltr'>b)</span> <span class='ocrx_word' id='word_1_140' title='bbox 632 1255 860 1299; x_wconf 73' lang='lat' dir='ltr'>Ordinarii</span> <span class='ocrx_word' id='word_1_141' title='bbox 892 1254 973 1298; x_wconf 74' lang='lat' dir='ltr'>loci</span> <span class='ocrx_word' id='word_1_142' title='bbox 1007 1257 1112 1297; x_wconf 88' lang='lat' dir='ltr'>intra</span> <span class='ocrx_word' id='word_1_143' title='bbox 1153 1267 1276 1311; x_wconf 79' lang='lat' dir='ltr'>quem</span> <span class='ocrx_word' id='word_1_144' title='bbox 1324 1253 1476 1296; x_wconf 84' lang='lat' dir='ltr'>t&#39;undus</span> <span class='ocrx_word' id='word_1_145' title='bbox 1521 1255 1759 1295; x_wconf 88' lang='lat' dir='ltr'>inveniatur</span> 
     </span>
     <span class='ocr_line' id='line_1_18' title="bbox 118 1324 1758 1387; baseline -0.005 -14"><span class='ocrx_word' id='word_1_146' title='bbox 118 1344 321 1373; x_wconf 67' lang='lat' dir='ltr'>consensu</span> <span class='ocrx_word' id='word_1_147' title='bbox 344 1330 383 1387; x_wconf 89' lang='lat' dir='ltr'>c)</span> <span class='ocrx_word' id='word_1_148' title='bbox 418 1328 590 1386; x_wconf 70' lang='lat' dir='ltr'>scriptis</span> <span class='ocrx_word' id='word_1_149' title='bbox 623 1327 723 1371; x_wconf 76' lang='lat' dir='ltr'>(lato</span> <span class='ocrx_word' id='word_1_150' title='bbox 759 1328 951 1384; x_wconf 76' lang='lat' dir='ltr'>praevie3</span> <span class='ocrx_word' id='word_1_151' title='bbox 986 1325 1057 1369; x_wconf 88' lang='lat' dir='ltr'>sed</span> <span class='ocrx_word' id='word_1_152' title='bbox 1085 1325 1194 1383; x_wconf 90' lang='lat' dir='ltr'>(can.</span> <span class='ocrx_word' id='word_1_153' title='bbox 1238 1326 1336 1380; x_wconf 71' lang='lat'>198,</span> <span class='ocrx_word' id='word_1_154' title='bbox 1368 1325 1396 1383; x_wconf 57' lang='grc' dir='ltr'><strong>ξ</strong></span> <span class='ocrx_word' id='word_1_155' title='bbox 1432 1324 1473 1380; x_wconf 87' lang='grc'>1)</span> <span class='ocrx_word' id='word_1_156' title='bbox 1526 1337 1758 1380; x_wconf 77' lang='lat' dir='ltr'>«expresse</span> 
     </span>
     <span class='ocr_line' id='line_1_19' title="bbox 114 1394 1758 1457; baseline -0.005 -13"><span class='ocrx_word' id='word_1_157' title='bbox 114 1403 361 1457; x_wconf 78' lang='lat' dir='ltr'>excipitur»</span> <span class='ocrx_word' id='word_1_158' title='bbox 400 1399 571 1457; x_wconf 82' lang='lat' dir='ltr'>quidam</span> <span class='ocrx_word' id='word_1_159' title='bbox 604 1396 869 1449; x_wconf 89' lang='lat' dir='ltr'>Ordinarius,</span> <span class='ocrx_word' id='word_1_160' title='bbox 902 1396 1084 1440; x_wconf 86' lang='lat' dir='ltr'>scilicet:</span> <span class='ocrx_word' id='word_1_161' title='bbox 1123 1410 1240 1454; x_wconf 77' lang='lat' dir='ltr'>quem</span> <span class='ocrx_word' id='word_1_162' title='bbox 1277 1401 1416 1438; x_wconf 73' lang='lat' dir='ltr'>{anien</span> <span class='ocrx_word' id='word_1_163' title='bbox 1449 1394 1596 1451; x_wconf 88' lang='lat' dir='ltr'>supple</span> <span class='ocrx_word' id='word_1_164' title='bbox 1625 1410 1645 1435; x_wconf 84' lang='lat'>«</span> <span class='ocrx_word' id='word_1_165' title='bbox 1666 1408 1758 1437; x_wconf 87' lang='lat' dir='ltr'>con-</span> 
     </span>
     <span class='ocr_line' id='line_1_20' title="bbox 116 1464 1759 1526; baseline -0.007 -9"><span class='ocrx_word' id='word_1_166' title='bbox 116 1485 286 1518; x_wconf 89' lang='lat' dir='ltr'>sensum</span> <span class='ocrx_word' id='word_1_167' title='bbox 306 1487 325 1512; x_wconf 88' lang='grc'>))</span> <span class='ocrx_word' id='word_1_168' title='bbox 383 1470 574 1513; x_wconf 64' lang='lat' dir='ltr'>licerius</span> <span class='ocrx_word' id='word_1_169' title='bbox 604 1468 820 1526; x_wconf 32' lang='lat' dir='ltr'>&#39;qeneralis</span> <span class='ocrx_word' id='word_1_170' title='bbox 865 1467 1064 1524; x_wconf 79' lang='lat' dir='ltr'>praedicti</span> <span class='ocrx_word' id='word_1_171' title='bbox 1103 1466 1177 1510; x_wconf 89' lang='lat' dir='ltr'>loci</span> <span class='ocrx_word' id='word_1_172' title='bbox 1211 1471 1439 1524; x_wconf 73' lang='lat' dir='ltr'>praestare</span> <span class='ocrx_word' id='word_1_173' title='bbox 1483 1465 1625 1523; x_wconf 75' lang='lat' dir='ltr'>nequi!</span> <span class='ocrx_word' id='word_1_174' title='bbox 1668 1464 1759 1507; x_wconf 72' lang='lat' dir='ltr'>sz&#39;ue</span> 
     </span>
     <span class='ocr_line' id='line_1_21' title="bbox 116 1537 1756 1600; baseline -0.007 -12"><span class='ocrx_word' id='word_1_175' title='bbox 116 1544 318 1588; x_wconf 78' lang='lat' dir='ltr'>mandato</span> <span class='ocrx_word' id='word_1_176' title='bbox 352 1541 544 1600; x_wconf 67' lang='lat' dir='ltr'>speciali,</span> <span class='ocrx_word' id='word_1_177' title='bbox 577 1541 686 1599; x_wconf 81' lang='lat' dir='ltr'>quod</span> <span class='ocrx_word' id='word_1_178' title='bbox 721 1543 757 1584; x_wconf 91' lang='lat' dir='ltr'>ei</span> <span class='ocrx_word' id='word_1_179' title='bbox 793 1540 881 1584; x_wconf 87' lang='lat' dir='ltr'>dari</span> <span class='ocrx_word' id='word_1_180' title='bbox 918 1544 1063 1597; x_wconf 90' lang='lat' dir='ltr'>potest.</span> <span class='ocrx_word' id='word_1_181' title='bbox 1098 1538 1147 1582; x_wconf 86' lang='lat' dir='ltr'>Et</span> <span class='ocrx_word' id='word_1_182' title='bbox 1182 1538 1283 1582; x_wconf 87' lang='lat' dir='ltr'>haec</span> <span class='ocrx_word' id='word_1_183' title='bbox 1318 1542 1377 1581; x_wconf 84' lang='lat' dir='ltr'>est</span> <span class='ocrx_word' id='word_1_184' title='bbox 1405 1539 1535 1594; x_wconf 84' lang='lat' dir='ltr'>prima</span> <span class='ocrx_word' id='word_1_185' title='bbox 1561 1537 1756 1580; x_wconf 86' lang='lat' dir='ltr'>conditio.</span> 
     </span>
    </p>

    <p class='ocr_par' dir='ltr' id='par_1_5' title="bbox 118 1606 1764 2736">
     <span class='ocr_line' id='line_1_22' title="bbox 239 1606 1757 1666; baseline -0.005 -9"><span class='ocrx_word' id='word_1_186' title='bbox 239 1616 371 1658; x_wconf 82' lang='lat' dir='ltr'>Pont.e</span> <span class='ocrx_word' id='word_1_187' title='bbox 404 1612 718 1658; x_wconf 85' lang='lat' dir='ltr'>Rom.similem</span> <span class='ocrx_word' id='word_1_188' title='bbox 754 1611 965 1655; x_wconf 79' lang='lat' dir='ltr'>Ecclesiae</span> <span class='ocrx_word' id='word_1_189' title='bbox 1001 1610 1333 1654; x_wconf 86' lang='lat' dir='ltr'>benedictionem</span> <span class='ocrx_word' id='word_1_190' title='bbox 1369 1610 1556 1666; x_wconf 85' lang='lat' dir='ltr'>sequenti</span> <span class='ocrx_word' id='word_1_191' title='bbox 1595 1606 1757 1651; x_wconf 85' lang='lat' dir='ltr'>rubrica</span> 
     </span>
     <span class='ocr_line' id='line_1_23' title="bbox 120 1679 1759 1744; baseline -0.005 -14"><span class='ocrx_word' id='word_1_192' title='bbox 120 1689 290 1744; x_wconf 84' lang='lat' dir='ltr'>incipit:</span> <span class='ocrx_word' id='word_1_193' title='bbox 345 1684 514 1728; x_wconf 84' lang='lat' dir='ltr'>«Nemo</span> <span class='ocrx_word' id='word_1_194' title='bbox 558 1684 776 1728; x_wconf 87' lang='lat' dir='ltr'>ecclesiam</span> <span class='ocrx_word' id='word_1_195' title='bbox 821 1683 1014 1726; x_wconf 89' lang='lat' dir='ltr'>aediticet</span> <span class='ocrx_word' id='word_1_196' title='bbox 1059 1683 1302 1739; x_wconf 86' lang='lat' dir='ltr'>priusquam</span> <span class='ocrx_word' id='word_1_197' title='bbox 1350 1680 1558 1723; x_wconf 85' lang='lat' dir='ltr'>Pontiticis</span> <span class='ocrx_word' id='word_1_198' title='bbox 1607 1679 1759 1722; x_wconf 82' lang='lat' dir='ltr'>iudicio</span> 
     </span>
     <span class='ocr_line' id='line_1_24' title="bbox 121 1750 1758 1812; baseline -0.006 -10"><span class='ocrx_word' id='word_1_199' title='bbox 121 1759 235 1803; x_wconf 85' lang='lat' dir='ltr'>locus</span> <span class='ocrx_word' id='word_1_200' title='bbox 274 1763 314 1801; x_wconf 88' lang='lat' dir='ltr'>et</span> <span class='ocrx_word' id='word_1_201' title='bbox 357 1759 508 1800; x_wconf 90' lang='lat' dir='ltr'>atrium</span> <span class='ocrx_word' id='word_1_202' title='bbox 552 1756 862 1812; x_wconf 77' lang='lat' dir='ltr'>designentur»</span> <span class='ocrx_word' id='word_1_203' title='bbox 901 1754 1012 1812; x_wconf 88' lang='lat' dir='ltr'>quod</span> <span class='ocrx_word' id='word_1_204' title='bbox 1054 1753 1240 1810; x_wconf 85' lang='lat' dir='ltr'>implicat</span> <span class='ocrx_word' id='word_1_205' title='bbox 1282 1764 1531 1796; x_wconf 88' lang='lat' dir='ltr'>consensum</span> <span class='ocrx_word' id='word_1_206' title='bbox 1567 1750 1758 1807; x_wconf 89' lang='lat' dir='ltr'>Episcopi</span> 
     </span>
     <span class='ocr_line' id='line_1_25' title="bbox 118 1824 1759 1887; baseline -0.007 -12"><span class='ocrx_word' id='word_1_207' title='bbox 118 1842 379 1887; x_wconf 79' lang='lat' dir='ltr'>expressum,</span> <span class='ocrx_word' id='word_1_208' title='bbox 409 1833 487 1871; x_wconf 86' lang='lat' dir='ltr'>«et</span> <span class='ocrx_word' id='word_1_209' title='bbox 510 1827 608 1884; x_wconf 81' lang='lat' dir='ltr'>quid</span> <span class='ocrx_word' id='word_1_210' title='bbox 633 1827 683 1870; x_wconf 88' lang='lat' dir='ltr'>ad</span> <span class='ocrx_word' id='word_1_211' title='bbox 710 1826 944 1881; x_wconf 82' lang='lat' dir='ltr'>luminaria,</span> <span class='ocrx_word' id='word_1_212' title='bbox 970 1825 1068 1882; x_wconf 88' lang='lat' dir='ltr'>quid</span> <span class='ocrx_word' id='word_1_213' title='bbox 1104 1825 1155 1868; x_wconf 91' lang='lat' dir='ltr'>ad</span> <span class='ocrx_word' id='word_1_214' title='bbox 1191 1825 1364 1867; x_wconf 89' lang='lat' dir='ltr'>rectoris</span> <span class='ocrx_word' id='word_1_215' title='bbox 1388 1824 1759 1879; x_wconf 85' lang='lat' dir='ltr'>ministrorumque</span> 
     </span>
     <span class='ocr_line' id='line_1_26' title="bbox 119 1894 1758 1958; baseline -0.005 -14"><span class='ocrx_word' id='word_1_216' title='bbox 119 1901 325 1958; x_wconf 88' lang='lat' dir='ltr'>stipendia</span> <span class='ocrx_word' id='word_1_217' title='bbox 350 1900 541 1953; x_wconf 79' lang='lat' dir='ltr'>sufficiet,</span> <span class='ocrx_word' id='word_1_218' title='bbox 560 1898 745 1957; x_wconf 89' lang='lat' dir='ltr'>quidque</span> <span class='ocrx_word' id='word_1_219' title='bbox 768 1898 819 1941; x_wconf 93' lang='lat' dir='ltr'>ad</span> <span class='ocrx_word' id='word_1_220' title='bbox 844 1896 1046 1941; x_wconf 89' lang='lat' dir='ltr'>ecclesiae</span> <span class='ocrx_word' id='word_1_221' title='bbox 1070 1896 1211 1940; x_wconf 86' lang='lat' dir='ltr'>dotem</span> <span class='ocrx_word' id='word_1_222' title='bbox 1236 1896 1454 1952; x_wconf 78' lang='lat' dir='ltr'>pertineat,</span> <span class='ocrx_word' id='word_1_223' title='bbox 1474 1894 1696 1937; x_wconf 88' lang='lat' dir='ltr'>deliniatur</span> <span class='ocrx_word' id='word_1_224' title='bbox 1715 1908 1758 1935; x_wconf 80' lang='grc'>));</span> 
     </span>
     <span class='ocr_line' id='line_1_27' title="bbox 119 1964 1759 2030; baseline -0.005 -15"><span class='ocrx_word' id='word_1_225' title='bbox 119 1976 244 2030; x_wconf 86' lang='lat' dir='ltr'>atque</span> <span class='ocrx_word' id='word_1_226' title='bbox 277 1971 372 2015; x_wconf 90' lang='lat' dir='ltr'>hinc</span> <span class='ocrx_word' id='word_1_227' title='bbox 405 1970 588 2014; x_wconf 89' lang='lat' dir='ltr'>secunda</span> <span class='ocrx_word' id='word_1_228' title='bbox 611 1970 793 2014; x_wconf 86' lang='lat' dir='ltr'>conditio</span> <span class='ocrx_word' id='word_1_229' title='bbox 816 1968 868 2013; x_wconf 86' lang='lat' dir='ltr'>ab</span> <span class='ocrx_word' id='word_1_230' title='bbox 885 1968 1092 2025; x_wconf 82' lang='lat' dir='ltr'>Episcopo</span> <span class='ocrx_word' id='word_1_231' title='bbox 1115 1966 1432 2011; x_wconf 88' lang='lat' dir='ltr'>determinanda</span> <span class='ocrx_word' id='word_1_232' title='bbox 1466 1970 1526 2009; x_wconf 90' lang='lat' dir='ltr'>est</span> <span class='ocrx_word' id='word_1_233' title='bbox 1559 1964 1759 2008; x_wconf 86' lang='lat' dir='ltr'>ecclesiae</span> 
     </span>
     <span class='ocr_line' id='line_1_28' title="bbox 118 2034 1758 2098; baseline -0.007 -11"><span class='ocrx_word' id='word_1_234' title='bbox 118 2043 194 2087; x_wconf 89' lang='lat' dir='ltr'>dos</span> <span class='ocrx_word' id='word_1_235' title='bbox 226 2042 530 2095; x_wconf 89' lang='lat' dir='ltr'>adiudicanda;</span> <span class='ocrx_word' id='word_1_236' title='bbox 564 2043 684 2085; x_wconf 88' lang='lat' dir='ltr'>tertia</span> <span class='ocrx_word' id='word_1_237' title='bbox 718 2041 898 2098; x_wconf 88' lang='lat' dir='ltr'>denique</span> <span class='ocrx_word' id='word_1_238' title='bbox 921 2039 1105 2083; x_wconf 88' lang='lat' dir='ltr'>conditio</span> <span class='ocrx_word' id='word_1_239' title='bbox 1139 2038 1329 2082; x_wconf 88' lang='lat' dir='ltr'>additur:</span> <span class='ocrx_word' id='word_1_240' title='bbox 1360 2042 1438 2080; x_wconf 85' lang='lat' dir='ltr'>«et</span> <span class='ocrx_word' id='word_1_241' title='bbox 1463 2049 1534 2093; x_wconf 89' lang='lat' dir='ltr'>per</span> <span class='ocrx_word' id='word_1_242' title='bbox 1557 2049 1667 2083; x_wconf 89' lang='lat' dir='ltr'>eum,</span> <span class='ocrx_word' id='word_1_243' title='bbox 1696 2034 1758 2077; x_wconf 81' lang='lat' dir='ltr'>vel</span> 
     </span>
     <span class='ocr_line' id='line_1_29' title="bbox 119 2107 1761 2170; baseline -0.006 -12"><span class='ocrx_word' id='word_1_244' title='bbox 119 2116 208 2158; x_wconf 88' lang='lat' dir='ltr'>eius</span> <span class='ocrx_word' id='word_1_245' title='bbox 241 2115 488 2158; x_wconf 85' lang='lat' dir='ltr'>auctoritate</span> <span class='ocrx_word' id='word_1_246' title='bbox 523 2126 595 2170; x_wconf 88' lang='lat' dir='ltr'>per</span> <span class='ocrx_word' id='word_1_247' title='bbox 625 2112 887 2157; x_wconf 89' lang='lat' dir='ltr'>sacerdotem</span> <span class='ocrx_word' id='word_1_248' title='bbox 931 2124 1034 2155; x_wconf 85' lang='lat' dir='ltr'>crux</span> <span class='ocrx_word' id='word_1_249' title='bbox 1071 2112 1110 2153; x_wconf 90' lang='lat' dir='ltr'>in</span> <span class='ocrx_word' id='word_1_250' title='bbox 1146 2110 1235 2153; x_wconf 90' lang='lat' dir='ltr'>loco</span> <span class='ocrx_word' id='word_1_251' title='bbox 1270 2110 1434 2166; x_wconf 82' lang='lat' dir='ltr'>ligatur,</span> <span class='ocrx_word' id='word_1_252' title='bbox 1470 2112 1509 2151; x_wconf 89' lang='lat' dir='ltr'>et</span> <span class='ocrx_word' id='word_1_253' title='bbox 1544 2107 1645 2164; x_wconf 88' lang='lat' dir='ltr'>lapis</span> <span class='ocrx_word' id='word_1_254' title='bbox 1680 2108 1761 2162; x_wconf 92' lang='lat' dir='ltr'>pri-</span> 
     </span>
     <span class='ocr_line' id='line_1_30' title="bbox 120 2179 1759 2240; baseline -0.005 -12"><span class='ocrx_word' id='word_1_255' title='bbox 120 2186 277 2228; x_wconf 86' lang='lat' dir='ltr'>marius</span> <span class='ocrx_word' id='word_1_256' title='bbox 312 2187 349 2228; x_wconf 94' lang='lat' dir='ltr'>in</span> <span class='ocrx_word' id='word_1_257' title='bbox 385 2185 655 2228; x_wconf 85' lang='lat' dir='ltr'>fundamento</span> <span class='ocrx_word' id='word_1_258' title='bbox 691 2188 923 2240; x_wconf 83' lang='lat' dir='ltr'>ponatur».</span> <span class='ocrx_word' id='word_1_259' title='bbox 949 2181 1070 2237; x_wconf 86' lang='lat' dir='ltr'>Quod</span> <span class='ocrx_word' id='word_1_260' title='bbox 1096 2180 1287 2224; x_wconf 88' lang='lat' dir='ltr'>ultimum</span> <span class='ocrx_word' id='word_1_261' title='bbox 1324 2179 1523 2236; x_wconf 87' lang='lat' dir='ltr'>implicite</span> <span class='ocrx_word' id='word_1_262' title='bbox 1558 2179 1759 2234; x_wconf 87' lang='lat' dir='ltr'>praescri-</span> 
     </span>
     <span class='ocr_line' id='line_1_31' title="bbox 121 2247 1758 2313; baseline -0.005 -15"><span class='ocrx_word' id='word_1_263' title='bbox 121 2254 233 2299; x_wconf 84' lang='lat' dir='ltr'>bitur</span> <span class='ocrx_word' id='word_1_264' title='bbox 265 2258 304 2298; x_wconf 89' lang='lat' dir='ltr'>in</span> <span class='ocrx_word' id='word_1_265' title='bbox 338 2255 438 2313; x_wconf 90' lang='lat' dir='ltr'>seq.¹</span> <span class='ocrx_word' id='word_1_266' title='bbox 472 2260 593 2300; x_wconf 78' lang='lat' dir='ltr'>can.⁶.</span> <span class='ocrx_word' id='word_1_267' title='bbox 628 2254 863 2299; x_wconf 86' lang='lat' dir='ltr'>Secundam</span> <span class='ocrx_word' id='word_1_268' title='bbox 907 2253 1189 2297; x_wconf 87' lang='lat' dir='ltr'>conditionem</span> <span class='ocrx_word' id='word_1_269' title='bbox 1227 2253 1280 2294; x_wconf 86' lang='lat' dir='ltr'>ita</span> <span class='ocrx_word' id='word_1_270' title='bbox 1313 2251 1511 2306; x_wconf 89' lang='lat' dir='ltr'>exprimit</span> <span class='ocrx_word' id='word_1_271' title='bbox 1544 2250 1572 2306; x_wconf 57' lang='grc' dir='ltr'><strong>ξ</strong></span> <span class='ocrx_word' id='word_1_272' title='bbox 1605 2249 1642 2291; x_wconf 75' lang='lat'>⁶2.</span> <span class='ocrx_word' id='word_1_273' title='bbox 1682 2247 1758 2291; x_wconf 82' lang='lat' dir='ltr'>Or-</span> 
     </span>
     <span class='ocr_line' id='line_1_32' title="bbox 120 2320 1762 2383; baseline -0.005 -14"><span class='ocrx_word' id='word_1_274' title='bbox 120 2324 322 2369; x_wconf 76' lang='lat' dir='ltr'>dinarius</span> <span class='ocrx_word' id='word_1_275' title='bbox 364 2325 456 2381; x_wconf 81' lang='lat' dir='ltr'>loci,</span> <span class='ocrx_word' id='word_1_276' title='bbox 489 2326 731 2383; x_wconf 85' lang='lat' dir='ltr'>designatus</span> <span class='ocrx_word' id='word_1_277' title='bbox 774 2328 813 2368; x_wconf 92' lang='lat' dir='ltr'>in</span> <span class='ocrx_word' id='word_1_278' title='bbox 853 2325 899 2383; x_wconf 58' lang='grc' dir='ltr'>ἕο</span> <span class='ocrx_word' id='word_1_279' title='bbox 935 2324 979 2368; x_wconf 75' lang='lat'>1⁰</span> <span class='ocrx_word' id='word_1_280' title='bbox 1023 2336 1268 2367; x_wconf 74' lang='lat' dir='ltr'>eonsensum</span> <span class='ocrx_word' id='word_1_281' title='bbox 1313 2321 1368 2365; x_wconf 91' lang='lat' dir='ltr'>ibi</span> <span class='ocrx_word' id='word_1_282' title='bbox 1410 2320 1666 2364; x_wconf 85' lang='lat' dir='ltr'>declaratum</span> <span class='ocrx_word' id='word_1_283' title='bbox 1711 2333 1762 2362; x_wconf 75' lang='lat' dir='ltr'>m&gt;</span> 
     </span>
     <span class='ocr_line' id='line_1_33' title="bbox 118 2391 1759 2455; baseline -0.004 -15"><span class='ocrx_word' id='word_1_284' title='bbox 118 2396 335 2455; x_wconf 80' lang='lat' dir='ltr'>praebeat,</span> <span class='ocrx_word' id='word_1_285' title='bbox 370 2397 454 2440; x_wconf 78' lang='lat' dir='ltr'>nisi</span> <span class='ocrx_word' id='word_1_286' title='bbox 483 2396 718 2455; x_wconf 75' lang='lat' dir='ltr'>prudenter</span> <span class='ocrx_word' id='word_1_287' title='bbox 740 2410 789 2440; x_wconf 86' lang='lat' dir='ltr'>ex</span> <span class='ocrx_word' id='word_1_288' title='bbox 815 2396 1227 2441; x_wconf 86' lang='lat' dir='ltr'>circumstantiarum</span> <span class='ocrx_word' id='word_1_289' title='bbox 1264 2392 1562 2450; x_wconf 85' lang='lat' dir='ltr'>ponderatione</span> <span class='ocrx_word' id='word_1_290' title='bbox 1593 2391 1759 2448; x_wconf 68' lang='lat' dir='ltr'>praevi-</span> 
     </span>
     <span class='ocr_line' id='line_1_34' title="bbox 121 2461 1759 2524; baseline -0.005 -13"><span class='ocrx_word' id='word_1_291' title='bbox 121 2466 234 2511; x_wconf 78' lang='lat' dir='ltr'>derit</span> <span class='ocrx_word' id='word_1_292' title='bbox 267 2472 437 2524; x_wconf 86' lang='lat' dir='ltr'>propter</span> <span class='ocrx_word' id='word_1_293' title='bbox 476 2467 701 2511; x_wconf 88' lang='lat' dir='ltr'>humanam</span> <span class='ocrx_word' id='word_1_294' title='bbox 739 2469 976 2512; x_wconf 83' lang='lat' dir='ltr'>cautionem</span> <span class='ocrx_word' id='word_1_295' title='bbox 1020 2463 1262 2508; x_wconf 72' lang='lat' dir='ltr'>necessaria</span> <span class='ocrx_word' id='word_1_296' title='bbox 1306 2476 1388 2506; x_wconf 76' lang='lat' dir='ltr'>uon</span> <span class='ocrx_word' id='word_1_297' title='bbox 1432 2461 1652 2519; x_wconf 70' lang='lat' dir='ltr'>defutura,</span> <span class='ocrx_word' id='word_1_298' title='bbox 1685 2464 1759 2504; x_wconf 92' lang='lat' dir='ltr'>etsi</span> 
     </span>
     <span class='ocr_line' id='line_1_35' title="bbox 125 2531 1764 2595; baseline -0.005 -13"><span class='ocrx_word' id='word_1_299' title='bbox 125 2542 220 2582; x_wconf 85' lang='lat' dir='ltr'>actu</span> <span class='ocrx_word' id='word_1_300' title='bbox 245 2538 428 2581; x_wconf 90' lang='lat' dir='ltr'>nondum</span> <span class='ocrx_word' id='word_1_301' title='bbox 454 2538 686 2582; x_wconf 87' lang='lat' dir='ltr'>habeantur</span> <span class='ocrx_word' id='word_1_302' title='bbox 710 2540 749 2581; x_wconf 94' lang='lat' dir='ltr'>in</span> <span class='ocrx_word' id='word_1_303' title='bbox 772 2537 978 2595; x_wconf 89' lang='lat' dir='ltr'>triplicem</span> <span class='ocrx_word' id='word_1_304' title='bbox 1004 2537 1155 2591; x_wconf 79' lang='lat' dir='ltr'>sinem3</span> <span class='ocrx_word' id='word_1_305' title='bbox 1183 2534 1381 2578; x_wconf 85' lang='lat' dir='ltr'>videlicet</span> <span class='ocrx_word' id='word_1_306' title='bbox 1401 2532 1457 2576; x_wconf 81' lang='lat' dir='ltr'>ad</span> <span class='ocrx_word' id='word_1_307' title='bbox 1479 2545 1611 2575; x_wconf 66' lang='lat' dir='ltr'>novae</span> <span class='ocrx_word' id='word_1_308' title='bbox 1642 2531 1764 2574; x_wconf 83' lang='lat' dir='ltr'>eecle-</span> 
     </span>
     <span class='ocr_line' id='line_1_36' title="bbox 126 2601 1761 2666; baseline -0.006 -14"><span class='ocrx_word' id='word_1_309' title='bbox 126 2608 219 2652; x_wconf 71' lang='lat' dir='ltr'>siae</span> <span class='ocrx_word' id='word_1_310' title='bbox 236 2609 278 2666; x_wconf 87' lang='lat' dir='ltr'>a)</span> <span class='ocrx_word' id='word_1_311' title='bbox 297 2607 393 2652; x_wconf 80' lang='lat' dir='ltr'>aedi</span> <span class='ocrx_word' id='word_1_312' title='bbox 397 2608 634 2665; x_wconf 75' lang='lat' dir='ltr'>ficationem</span> <span class='ocrx_word' id='word_1_313' title='bbox 651 2614 690 2651; x_wconf 82' lang='lat' dir='ltr'>et</span> <span class='ocrx_word' id='word_1_314' title='bbox 707 2607 1081 2660; x_wconf 74' lang='lat' dir='ltr'>conservationem,</span> <span class='ocrx_word' id='word_1_315' title='bbox 1098 2610 1141 2649; x_wconf 89' lang='lat' dir='ltr'>ut</span> <span class='ocrx_word' id='word_1_316' title='bbox 1158 2605 1261 2648; x_wconf 88' lang='lat' dir='ltr'>haec</span> <span class='ocrx_word' id='word_1_317' title='bbox 1280 2604 1400 2647; x_wconf 85' lang='lat' dir='ltr'>decet</span> <span class='ocrx_word' id='word_1_318' title='bbox 1418 2603 1586 2646; x_wconf 89' lang='lat' dir='ltr'>divinae</span> <span class='ocrx_word' id='word_1_319' title='bbox 1605 2601 1761 2655; x_wconf 83' lang='lat' dir='ltr'>domui,</span> 
     </span>
     <span class='ocr_line' id='line_1_37' title="bbox 128 2674 1760 2736; baseline -0.006 -14"><span class='ocrx_word' id='word_1_320' title='bbox 128 2677 173 2736; x_wconf 81' lang='lat' dir='ltr'>b)</span> <span class='ocrx_word' id='word_1_321' title='bbox 209 2678 265 2722; x_wconf 84' lang='lat' dir='ltr'>ad</span> <span class='ocrx_word' id='word_1_322' title='bbox 297 2678 591 2722; x_wconf 50' lang='lat' dir='ltr'>‘illinistrorum</span> <span class='ocrx_word' id='word_1_323' title='bbox 623 2678 986 2733; x_wconf 74' lang='lat' dir='ltr'>sustentationem,</span> <span class='ocrx_word' id='word_1_324' title='bbox 1005 2679 1074 2734; x_wconf 84' lang='lat' dir='ltr'>qui</span> <span class='ocrx_word' id='word_1_325' title='bbox 1099 2675 1256 2720; x_wconf 88' lang='lat' dir='ltr'>cultum</span> <span class='ocrx_word' id='word_1_326' title='bbox 1291 2674 1481 2718; x_wconf 89' lang='lat' dir='ltr'>divinum</span> <span class='ocrx_word' id='word_1_327' title='bbox 1517 2674 1555 2715; x_wconf 92' lang='lat' dir='ltr'>in</span> <span class='ocrx_word' id='word_1_328' title='bbox 1589 2683 1635 2715; x_wconf 92' lang='lat' dir='ltr'>ea</span> <span class='ocrx_word' id='word_1_329' title='bbox 1671 2684 1760 2728; x_wconf 86' lang='lat' dir='ltr'>per-</span> 
     </span>
    </p>
   </div>
   <div class='ocr_carea' id='block_1_4' title="bbox 247 2829 1268 2875">
    <p class='ocr_par' dir='ltr' id='par_1_6' title="bbox 247 2829 1268 2875">
     <span class='ocr_line' id='line_1_38' title="bbox 247 2829 1268 2875; baseline -0.005 -8"><span class='ocrx_word' id='word_1_330' title='bbox 247 2834 259 2855; x_wconf 76' lang='lat'><strong>1</strong></span> <span class='ocrx_word' id='word_1_331' title='bbox 291 2834 313 2868; x_wconf 82' lang='lat'>5</span> <span class='ocrx_word' id='word_1_332' title='bbox 341 2832 429 2866; x_wconf 90' lang='lat' dir='ltr'>Iun.</span> <span class='ocrx_word' id='word_1_333' title='bbox 462 2832 565 2875; x_wconf 80' lang='lat'><strong>1899,</strong></span> <span class='ocrx_word' id='word_1_334' title='bbox 591 2843 630 2866; x_wconf 89' lang='lat' dir='ltr'>n.</span> <span class='ocrx_word' id='word_1_335' title='bbox 658 2831 731 2872; x_wconf 76' lang='lat' dir='ltr'>III,</span> <span class='ocrx_word' id='word_1_336' title='bbox 761 2831 923 2866; x_wconf 75' lang='lat' dir='ltr'>Collect.</span> <span class='ocrx_word' id='word_1_337' title='bbox 952 2830 1065 2865; x_wconf 78' lang='lat' dir='ltr'>auth.</span> <span class='ocrx_word' id='word_1_338' title='bbox 1095 2841 1134 2863; x_wconf 89' lang='lat' dir='ltr'>n.</span> <span class='ocrx_word' id='word_1_339' title='bbox 1162 2829 1268 2862; x_wconf 78' lang='lat'><strong>4025.</strong></span> 
     </span>
    </p>
   </div>
  </div>
 </body>
</html>
