1965 3240
110 144 113 146 ·
147 131 217 165 394

150 247 239 283 narii
267 246 426 287 uniones,
444 245 702 288 translationes,
721 245 924 288 divisiones,

150 294 479 330 dismembrationes
518 292 765 328 beneficiorum
805 304 848 329 ne
880 294 927 328 fa-

150 342 246 378 ciant
271 342 337 376 nisi
368 353 426 386 per
443 340 680 375 authenticam
700 341 923 386 scripturam,

148 389 277 425 auditis
304 387 465 434 Capitulo
486 387 674 423 cathedrali
694 393 727 423 et
746 388 799 429 iis,
817 388 843 422 si
864 389 921 433 qui

149 437 231 477 sint,
260 447 408 482 quorum
429 435 577 479 intersit,
599 435 801 481 praesertim
821 440 926 470 recto·

149 484 246 519 ribus
272 483 509 518 ecclesiarum.

196 532 214 577 ἕ
252 530 285 564 2.
330 529 428 571 Unio,
469 529 666 572 translatio,
691 528 829 571 divisio,
860 529 926 564 dis-

150 577 356 614 membratio
395 578 484 612 tacta
517 577 592 612 sine
626 577 797 612 canonica
821 587 925 611 causa

150 625 247 660 irrita
271 629 335 660 est.

197 672 273 718 3¹3.
316 672 491 708 Adversus
530 671 706 706 decretum
746 669 924 707 Ordinarii

151 719 314 758 unientis,
357 718 614 759 transferentis,
640 718 828 753 dividentis
868 722 927 752 aut

150 767 436 802 dismembramis
462 766 643 808 beneficia,
683 766 785 801 datur
811 766 847 800 in
874 765 927 800 (le—

152 814 302 849 volutivo
327 819 465 849 tantum
492 824 652 849 recursus
683 814 726 848 ad
761 812 926 848 Sanctam

155 860 291 897 Sedem.

199 908 283 944 CAN.
314 907 415 943 1429.
448 929 465 934 -
493 912 512 950 ξ
535 908 564 942 l.
586 907 767 942 Beneficiis
786 906 927 952 quibus—

152 956 235 992 libet
262 960 440 1002 nequeunt
460 954 638 991 Ordinarii
666 954 820 990 locorum
849 966 928 1000 pen-

153 1003 267 1039 siones
295 1007 476 1049 perpetuas
510 1007 570 1037 aut
607 1002 834 1048 temporarias
868 1001 929 1035 im-

153 1061 281 1097 ponere
306 1061 394 1096 quae
419 1050 462 1085 ad
490 1050 596 1085 vitam
626 1049 838 1095 pensionarii
865 1049 928 1083 du-

151 1103 241 1140 rent,
289 1098 345 1132 sed
391 1102 547 1143 possunt,
592 1097 674 1132 dum
720 1096 927 1132 beneficium

151 1145 347 1186 conserunt,
376 1155 416 1180 ex
443 1145 530 1179 iusta
558 1155 662 1179 causa
689 1144 724 1178 in
765 1144 839 1189 ipso
864 1143 928 1179 ool·

152 1192 291 1228 lationis
317 1196 397 1227 actu
431 1192 671 1238 exprimenda,
712 1190 841 1226 eisdem
869 1192 929 1225 im·

152 1250 279 1285 ponere
303 1239 488 1286 pensiones
506 1238 746 1285 temporarias,
765 1249 854 1284 quae
872 1238 931 1273 du·

289 129 373 163 Lm.
399 128 472 162 ΠΙ.
502 148 512 153 -
541 128 650 162 PARS
677 128 720 162 V.
748 148 762 155 -
787 129 844 164 De
869 129 989 172 benef.
1016 131 1051 164 et
1077 131 1201 163 instit.
1230 129 1355 163 eccles.
1383 139 1463 163 ozon
1489 129 1618 174 colleg.

1001 250 1078 281 rent
1104 245 1147 280 ad
1175 245 1281 279 vitam
1307 244 1533 288 beneficiarii,
1575 247 1670 282 salva
1697 246 1776 282 huic

1000 303 1155 337 congrua
1185 292 1353 338 portione.

1048 345 1066 382 ξ
1094 340 1125 374 2.
1150 338 1334 375 Beneficiis
1370 344 1486 375 autem
1526 340 1776 386 paroecialibus

998 398 1066 423 non
1097 391 1255 433 possunt,
1288 386 1357 421 nisi
1393 388 1429 421 in
1468 387 1691 423 commodum
1720 399 1774 434 pa-

998 434 1092 469 rochi
1121 433 1172 469 vel
1199 433 1317 469 vicarii
1356 433 1512 469 eiusdem
1553 435 1732 480 paroeciae
1757 446 1777 470 a

1000 492 1143 517 munere
1176 481 1350 524 abeuntis,
1376 481 1554 528 imponere
1582 482 1777 528 pensiones,

999 539 1087 575 quae
1112 533 1229 564 tamen
1250 539 1293 563 ue
1306 529 1473 564 excedant
1490 528 1628 564 tertiam
1645 534 1776 575 partem

998 576 1130 611 reditus
1169 576 1360 621 paroeciae,
1400 576 1583 621 quibusvis
1620 576 1777 612 deductis

999 623 1160 669 expensis
1186 627 1219 658 et
1246 623 1388 658 incertis
1414 622 1596 658 reditibus.

1048 674 1066 713 ἓ
1093 669 1126 705 3.
1158 670 1343 705 Pensiones
1370 670 1548 705 beneficiis
1575 670 1647 705 sive
1672 682 1692 705 a
1719 670 1778 706 Ro-

1002 729 1105 753 mano
1133 717 1297 753 Pontifice
1324 717 1395 752 sive
1420 718 1464 752 ab
1494 717 1573 752 aliis
1610 717 1777 753 collatori-

1001 765 1065 800 bus
1092 765 1287 810 impositae,
1329 769 1466 800 cessant
1501 769 1610 800 morte
1646 765 1777 811 pensio-

1000 812 1103 854 narii,
1131 812 1188 858 qui
1216 817 1334 848 tamen
1364 812 1484 858 nequit
1517 823 1574 847 eas
1609 812 1775 857 alienare,

1002 859 1068 894 nisi
1097 859 1131 894 id
1158 871 1317 904 expresse
1343 870 1545 895 concessum
1578 859 1634 894 sit.

1048 905 1133 942 CAN.
1166 905 1267 941 1430.
1295 928 1319 933 -
1345 911 1364 949 ξ
1395 907 1422 942 1.
1449 905 1624 942 Beneficia
1658 911 1777 942 curata

1001 954 1045 989 ab
1073 952 1272 990 Ordinariis
1299 955 1333 989 in
1363 965 1432 989 non
1472 958 1591 988 curata
1625 954 1777 989 converti

1002 1005 1195 1047 nequeunt,
1232 1012 1295 1037 nec
1334 1001 1504 1036 beneficia
1541 1000 1702 1045 religiosa
1742 1001 1777 1035 in

1002 1048 1204 1091 saecularia,
1232 1060 1293 1084 nec
1319 1048 1512 1084 saecularia
1538 1047 1573 1083 in
1604 1048 1775 1093 religiosa.

1050 1100 1069 1138 ξ
1095 1096 1127 1130 2.
1156 1095 1179 1130 Ε
1218 1097 1391 1132 contrario
1430 1100 1576 1141 possunt
1610 1095 1800 1131 beneficia*

1002 1143 1176 1189 simplicia
1201 1144 1245 1178 ab
1272 1142 1470 1179 Ordinariis
1497 1143 1649 1178 locorum
1668 1143 1702 1177 in
1724 1154 1776 1179 cu-

1003 1195 1077 1226 rata
1095 1191 1260 1233 converti,
1278 1191 1466 1226 dummodo
1485 1202 1529 1225 nc
1543 1190 1681 1226 obstent
1699 1201 1778 1226 con-

993 1238 1152 1273 ditiones
1177 1249 1197 1273 a
1226 1238 1408 1273 fundatore
1433 1248 1624 1284 expressae.

271 1382 367 1425 316.
404 1383 591 1438 Capitis
628 1383 897 1438 inscriptio.
921 1380 1125 1424 Beneficia
1150 1380 1275 1424 semel
1300 1384 1452 1434 erecta,
1477 1393 1524 1423 eo
1554 1381 1662 1437 quod
1687 1385 1780 1424 sunt

153 1455 261 1496 entia
296 1452 485 1507 iuridica,
520 1451 625 1494 idest
657 1464 753 1495 cum
786 1464 808 1494 a
843 1464 894 1494 SS.
931 1449 1160 1494 canonibus
1194 1450 1399 1507 pendeant
1441 1452 1478 1493 in
1519 1464 1660 1493 eorum
1694 1452 1779 1493 exi-

152 1525 313 1578 stentia,
350 1527 519 1580 possunt
553 1524 800 1565 mutationes
832 1521 971 1578 plures
1004 1521 1157 1565 subire.
1190 1520 1240 1564 Et
1272 1523 1404 1577 primo
1428 1521 1595 1578 quidem
1614 1521 1779 1578 quaudo

152 1594 233 1638 duo
266 1593 411 1637 saltem
446 1592 647 1636 beneficia
681 1595 719 1636 in
757 1594 1026 1635 mutationem
1062 1596 1316 1635 concurrunt
1349 1593 1486 1648 agitur
1523 1590 1580 1634 De
1614 1591 1781 1646 unione,

154 1665 251 1708 dum
277 1664 523 1708 beneficium
549 1668 686 1706 autem
714 1666 751 1706 in
776 1677 819 1706 se
842 1665 1105 1706 immutatum
1127 1666 1356 1719 permanet,
1375 1664 1513 1718 agitur
1530 1662 1581 1705 de
1601 1661 1782 1705 trsmsla-

157 1735 279 1791 tione,
304 1737 337 1778 si
361 1739 498 1778 autem
535 1736 573 1777 iu
599 1736 732 1791 seipso
759 1736 879 1777 unico
913 1735 1162 1776 mutationes
1194 1733 1330 1776 locum
1364 1732 1531 1787 hahent,
1573 1732 1636 1776 vel
1660 1733 1780 1776 dimi-

152 1809 363 1849 nutionem
398 1808 563 1862 patitur,
608 1810 728 1858 prout
761 1805 913 1848 accidit
950 1803 1026 1847 suh
1065 1803 1272 1847 divisione
1309 1816 1357 1847 ac
1399 1803 1778 1859 dismembrasione,

156 1877 221 1921 vel
255 1877 391 1935 quoad
426 1882 615 1920 naturam
650 1872 889 1932 specificam
916 1877 1113 1926 variatur,
1139 1880 1182 1918 ut
1205 1877 1407 1930 contingit
1437 1877 1475 1924 in
1501 1874 1778 1929 conversione,

154 1948 218 1991 vel
257 1949 424 1991 demum
467 1961 537 2004 per
580 1949 707 2003 ipsius
741 1948 950 1989 interitum
990 1946 1152 2000 desinit,
1192 1950 1231 1988 et
1276 1945 1352 1988 hoc
1397 1946 1440 1988 iit
1482 1944 1779 2002 suppressione

155 2018 457 2075 beneficiorum.

273 2089 370 2132 317·
406 2091 540 2135 Ordo
575 2102 816 2135 canonum
851 2086 1072 2143 respondet
1105 2088 1377 2142 inscriptioni.
1411 2085 1460 2129 Et
1482 2088 1540 2128 sic
1567 2084 1778 2141 multiplex

156 2150 453 2204 beneficiorum
488 2161 584 2202 unio
618 2157 868 2202 describitur
902 2159 940 2200 in
974 2170 1063 2201 can.
1101 2157 1231 2211 1419,
1266 2159 1383 2214 queis
1420 2157 1591 2200 effectus
1625 2156 1779 2199 diversi

155 2230 437 2274 attribuuntur
470 2232 509 2273 in
543 2242 633 2273 can.
671 2229 797 2273 1420.
833 2228 1003 2273 Ceterae
1038 2231 1284 2271 mutationes
1323 2227 1585 2284 explicantur
1619 2229 1656 2269 in
1691 2240 1779 2271 can.

155 2301 283 2354 1421,
316 2306 355 2344 et
387 2313 592 2358 quaenam
640 2300 735 2344 Sedi
783 2299 954 2356 Aptcae.
1001 2301 1083 2342 sint
1132 2303 1369 2342 reservatae
1415 2311 1487 2354 per
1535 2310 1623 2343 cau.
1668 2297 1780 2340 1422

156 2371 340 2415 discitur.
377 2371 417 2413 ln
452 2370 723 2428 sequentihus
756 2369 984 2413 canonibus
1017 2367 1337 2413 Ordinariorum
1373 2371 1435 2411 ius
1467 2370 1575 2411 circa
1599 2367 1782 2423 singulas

106 2438 118 2453 “
157 2444 403 2485 mutationes
436 2442 625 2496 traditur,
659 2446 698 2484 et
732 2440 866 2497 quoad
904 2442 1076 2483 uniones
1110 2442 1284 2496 positive
1328 2441 1366 2482 iu
1411 2451 1502 2482 can.
1546 2439 1671 2487 1423,
1712 2452 1782 2495 per

157 2511 456 2569 prohibitiones
489 2515 527 2555 in
562 2524 650 2555 can.
691 2511 801 2553 1424
838 2513 1090 2555 restrictum.
1117 2510 1349 2554 incidenter
1371 2509 1581 2553 subiectus
1605 2514 1666 2552 est
1689 2521 1778 2552 cau.

162 2583 273 2625 1425
307 2583 359 2626 dc
391 2582 606 2626 ess‘ectihus
638 2581 915 2640 quarumdam
952 2583 1148 2624 unionum
1174 2594 1248 2638 per
1272 2580 1459 2637 Apicam.
1484 2580 1633 2624 Sedent
1657 2580 1779 2623 sacta-

157 2666 264 2707 rum,
298 2658 341 2696 ut
373 2653 422 2696 ad
459 2652 746 2696 translationes
778 2656 817 2695 et
850 2651 1076 2695 divisiones
1109 2664 1202 2694 cum
1237 2649 1675 2694 dismembrationihus
1713 2651 1780 2692 iiat

160 2726 357 2767 transitus
381 2724 516 2781 quoad
541 2721 858 2768 Ordinariorum
887 2724 948 2765 ius
972 2722 1096 2779 idque
1120 2724 1158 2764 iu
1183 2720 1344 2765 duobus
1373 2720 1600 2764 canonibus
1634 2719 1780 2777 (1426,

164 2793 311 2850 1427),
361 2794 511 2851 quibus
544 2798 586 2836 ut
620 2792 968 2849 complementum
1019 2792 1354 2848 praecedentium
1403 2803 1569 2849 quoque
1616 2790 1782 2835 additur

164 2876 255 2908 can.
293 2864 404 2907 1428
439 2864 489 2907 de
520 2863 737 2907 servandis
771 2876 844 2919 per
880 2859 1124 2907 Ordiuarios
1170 2860 1512 2905 solemnitatibus
1562 2860 1781 2906 Pensiones
