<?xml version="1.0" encoding="UTF-8"?>
<!DOCTYPE html PUBLIC "-//W3C//DTD XHTML 1.0 Transitional//EN"
    "http://www.w3.org/TR/xhtml1/DTD/xhtml1-transitional.dtd">
<html xmlns="http://www.w3.org/1999/xhtml" xml:lang="en" lang="en">
 <head>
  <title>
</title>
<meta http-equiv="Content-Type" content="text/html;charset=utf-8" />
  <meta name='ocr-system' content='tesseract 3.04.00' />
  <meta name='ocr-capabilities' content='ocr_page ocr_carea ocr_par ocr_line ocrx_word'/>
</head>
<body>
  <div class='ocr_page' id='page_1' title='image "./commentariumtext03blatuoft_0569.png"; bbox 0 0 1965 3240; ppageno 0'>
   <div class='ocr_carea' id='block_1_1' title="bbox 569 172 1725 210">
    <p class='ocr_par' dir='ltr' id='par_1_1' title="bbox 569 172 1725 210">
     <span class='ocr_line' id='line_1_1' title="bbox 569 172 1725 210; baseline 0.002 -3"><span class='ocrx_word' id='word_1_1' title='bbox 569 173 653 207; x_wconf 79' lang='lat' dir='ltr'>Ti&#39;r.</span> <span class='ocrx_word' id='word_1_2' title='bbox 682 172 832 207; x_wconf 84' lang='lat' dir='ltr'>XXIX.</span> <span class='ocrx_word' id='word_1_3' title='bbox 863 193 875 198; x_wconf 93' lang='lat'><em>—</em></span> <span class='ocrx_word' id='word_1_4' title='bbox 901 174 958 208; x_wconf 85' lang='lat' dir='ltr'>De</span> <span class='ocrx_word' id='word_1_5' title='bbox 987 175 1249 209; x_wconf 72' lang='lat' dir='ltr'>contractibus</span> <span class='ocrx_word' id='word_1_6' title='bbox 1653 176 1725 210; x_wconf 74' lang='lat'>557</span> 
     </span>
    </p>
   </div>
   <div class='ocr_carea' id='block_1_2' title="bbox 171 235 1715 239">
    <p class='ocr_par' dir='ltr' id='par_1_2' title="bbox 171 235 1715 239">
     <span class='ocr_line' id='line_1_2' title="bbox 171 235 1715 239; baseline 0 0"><span class='ocrx_word' id='word_1_7' title='bbox 171 235 1715 239; x_wconf 95' lang='lat' dir='ltr'> </span> 
     </span>
    </p>
   </div>
   <div class='ocr_carea' id='block_1_3' title="bbox 633 235 1715 241">
    <p class='ocr_par' dir='ltr' id='par_1_3' title="bbox 633 235 1715 241">
     <span class='ocr_line' id='line_1_3' title="bbox 633 235 1715 241; baseline 0 0"><span class='ocrx_word' id='word_1_8' title='bbox 633 235 1715 241; x_wconf 95' lang='lat' dir='ltr'> </span> 
     </span>
    </p>
   </div>
   <div class='ocr_carea' id='block_1_4' title="bbox 76 291 1732 2826">
    <p class='ocr_par' dir='ltr' id='par_1_4' title="bbox 93 291 1731 1198">
     <span class='ocr_line' id='line_1_4' title="bbox 94 291 1726 351; baseline 0 -14"><span class='ocrx_word' id='word_1_9' title='bbox 94 305 239 337; x_wconf 86' lang='lat' dir='ltr'>eorum</span> <span class='ocrx_word' id='word_1_10' title='bbox 285 292 514 335; x_wconf 90' lang='lat' dir='ltr'>dominium</span> <span class='ocrx_word' id='word_1_11' title='bbox 560 293 781 345; x_wconf 89' lang='lat' dir='ltr'>directum,</span> <span class='ocrx_word' id='word_1_12' title='bbox 817 291 879 335; x_wconf 81' lang='lat' dir='ltr'>vel</span> <span class='ocrx_word' id='word_1_13' title='bbox 919 297 1061 335; x_wconf 85' lang='lat' dir='ltr'>eontra</span> <span class='ocrx_word' id='word_1_14' title='bbox 1106 306 1306 336; x_wconf 79' lang='lat' dir='ltr'>canonem</span> <span class='ocrx_word' id='word_1_15' title='bbox 1345 294 1469 346; x_wconf 72' lang='lat'>1533,</span> <span class='ocrx_word' id='word_1_16' title='bbox 1507 296 1687 351; x_wconf 87' lang='lat' dir='ltr'>ipsorum</span> <span class='ocrx_word' id='word_1_17' title='bbox 1715 294 1726 316; x_wconf 87' lang='lat'>¹</span> 
     </span>
     <span class='ocr_line' id='line_1_5' title="bbox 101 363 1727 418; baseline 0.001 -13"><span class='ocrx_word' id='word_1_18' title='bbox 101 363 376 407; x_wconf 83' lang='lat' dir='ltr'>«dominium</span> <span class='ocrx_word' id='word_1_19' title='bbox 415 363 512 406; x_wconf 89' lang='lat' dir='ltr'>utile</span> <span class='ocrx_word' id='word_1_20' title='bbox 546 368 615 406; x_wconf 88' lang='lat' dir='ltr'>aut</span> <span class='ocrx_word' id='word_1_21' title='bbox 650 364 958 406; x_wconf 79' lang='lat' dir='ltr'>ususfructuum</span> <span class='ocrx_word' id='word_1_22' title='bbox 994 364 1353 418; x_wconf 78' lang='lat' dir='ltr'>ti·anstulerit‚aut</span> <span class='ocrx_word' id='word_1_23' title='bbox 1375 365 1465 407; x_wconf 90' lang='lat' dir='ltr'>aliis</span> <span class='ocrx_word' id='word_1_24' title='bbox 1501 367 1658 409; x_wconf 81' lang='lat' dir='ltr'>iuribus</span> <span class='ocrx_word' id='word_1_25' title='bbox 1691 367 1727 407; x_wconf 93' lang='lat' dir='ltr'>in</span> 
     </span>
     <span class='ocr_line' id='line_1_6' title="bbox 97 434 1731 492; baseline 0 -15"><span class='ocrx_word' id='word_1_26' title='bbox 97 434 164 478; x_wconf 89' lang='lat' dir='ltr'>illa</span> <span class='ocrx_word' id='word_1_27' title='bbox 199 436 406 478; x_wconf 82' lang='lat' dir='ltr'>concessis</span> <span class='ocrx_word' id='word_1_28' title='bbox 442 434 624 489; x_wconf 83' lang='lat' dir='ltr'>periculo</span> <span class='ocrx_word' id='word_1_29' title='bbox 658 435 890 477; x_wconf 89' lang='lat' dir='ltr'>amissionis</span> <span class='ocrx_word' id='word_1_30' title='bbox 923 436 1161 489; x_wconf 73' lang='lat' dir='ltr'>exposuerit</span> <span class='ocrx_word' id='word_1_31' title='bbox 1185 440 1252 478; x_wconf 88' lang='lat' dir='ltr'>aut</span> <span class='ocrx_word' id='word_1_32' title='bbox 1287 435 1335 478; x_wconf 93' lang='lat' dir='ltr'>ad</span> <span class='ocrx_word' id='word_1_33' title='bbox 1374 435 1534 491; x_wconf 79' lang='lat' dir='ltr'>longius</span> <span class='ocrx_word' id='word_1_34' title='bbox 1569 444 1731 492; x_wconf 85' lang='lat' dir='ltr'>tempus</span> 
     </span>
     <span class='ocr_line' id='line_1_7' title="bbox 95 502 1731 561; baseline 0.001 -14"><span class='ocrx_word' id='word_1_35' title='bbox 95 505 282 548; x_wconf 78' lang='lat' dir='ltr'>directae</span> <span class='ocrx_word' id='word_1_36' title='bbox 305 503 516 547; x_wconf 73' lang='lat' dir='ltr'>Ecclesiae</span> <span class='ocrx_word' id='word_1_37' title='bbox 552 506 794 561; x_wconf 76' lang='lat' dir='ltr'>possessioni</span> <span class='ocrx_word' id='word_1_38' title='bbox 829 502 1096 559; x_wconf 71' lang='lat' dir='ltr'>subtraxerit,</span> <span class='ocrx_word' id='word_1_39' title='bbox 1117 510 1184 547; x_wconf 90' lang='lat' dir='ltr'>aut</span> <span class='ocrx_word' id='word_1_40' title='bbox 1210 508 1436 561; x_wconf 76' lang='lat' dir='ltr'>generatim</span> <span class='ocrx_word' id='word_1_41' title='bbox 1465 508 1616 561; x_wconf 84' lang='lat' dir='ltr'>peioris</span> <span class='ocrx_word' id='word_1_42' title='bbox 1640 519 1731 549; x_wconf 75' lang='lat' dir='ltr'>con-</span> 
     </span>
     <span class='ocr_line' id='line_1_8' title="bbox 97 574 1729 632; baseline 0.001 -14"><span class='ocrx_word' id='word_1_43' title='bbox 97 575 266 619; x_wconf 87' lang='lat' dir='ltr'>ditionis</span> <span class='ocrx_word' id='word_1_44' title='bbox 300 575 441 617; x_wconf 77' lang='lat' dir='ltr'>feeerit</span> <span class='ocrx_word' id='word_1_45' title='bbox 477 574 660 631; x_wconf 77' lang='lat' dir='ltr'>‹prolibet</span> <span class='ocrx_word' id='word_1_46' title='bbox 693 579 905 618; x_wconf 87' lang='lat' dir='ltr'>contractu</span> <span class='ocrx_word' id='word_1_47' title='bbox 932 589 970 617; x_wconf 73' lang='lat' dir='ltr'>J).</span> <span class='ocrx_word' id='word_1_48' title='bbox 996 574 1120 617; x_wconf 84' lang='lat' dir='ltr'>Addit</span> <span class='ocrx_word' id='word_1_49' title='bbox 1155 588 1285 617; x_wconf 81' lang='lat' dir='ltr'>canon</span> <span class='ocrx_word' id='word_1_50' title='bbox 1322 580 1359 617; x_wconf 82' lang='lat' dir='ltr'>el</span> <span class='ocrx_word' id='word_1_51' title='bbox 1388 592 1406 615; x_wconf 86' lang='lat'>«</span> <span class='ocrx_word' id='word_1_52' title='bbox 1432 578 1539 619; x_wconf 79' lang='lat' dir='ltr'>aetio</span> <span class='ocrx_word' id='word_1_53' title='bbox 1566 592 1583 616; x_wconf 84' lang='grc'>))</span> <span class='ocrx_word' id='word_1_54' title='bbox 1615 590 1729 632; x_wconf 89' lang='lat' dir='ltr'>prae-</span> 
     </span>
     <span class='ocr_line' id='line_1_9' title="bbox 94 644 1727 689; baseline 0.001 -1"><span class='ocrx_word' id='word_1_55' title='bbox 94 646 205 689; x_wconf 89' lang='lat' dir='ltr'>dicta</span> <span class='ocrx_word' id='word_1_56' title='bbox 257 646 496 688; x_wconf 89' lang='lat' dir='ltr'>extenditur</span> <span class='ocrx_word' id='word_1_57' title='bbox 545 651 691 688; x_wconf 70' lang='lat' dir='ltr'>contro</span> <span class='ocrx_word' id='word_1_58' title='bbox 740 645 829 688; x_wconf 72' lang='lat' dir='ltr'>eius</span> <span class='ocrx_word' id='word_1_59' title='bbox 878 644 1050 687; x_wconf 71' lang='lat' dir='ltr'>heredes</span> <span class='ocrx_word' id='word_1_60' title='bbox 1087 646 1135 688; x_wconf 91' lang='lat' dir='ltr'>ad</span> <span class='ocrx_word' id='word_1_61' title='bbox 1174 647 1482 689; x_wconf 87' lang='lat' dir='ltr'>resarciendum</span> <span class='ocrx_word' id='word_1_62' title='bbox 1532 647 1727 689; x_wconf 90' lang='lat' dir='ltr'>damnum</span> 
     </span>
     <span class='ocr_line' id='line_1_10' title="bbox 96 716 1727 773; baseline 0.001 -14"><span class='ocrx_word' id='word_1_63' title='bbox 96 716 224 771; x_wconf 74' lang='lat' dir='ltr'>illud3</span> <span class='ocrx_word' id='word_1_64' title='bbox 258 716 390 759; x_wconf 75' lang='lat' dir='ltr'>realis</span> <span class='ocrx_word' id='word_1_65' title='bbox 425 730 520 760; x_wconf 66' lang='lat' dir='ltr'>vero</span> <span class='ocrx_word' id='word_1_66' title='bbox 559 733 579 757; x_wconf 89' lang='lat'>«</span> <span class='ocrx_word' id='word_1_67' title='bbox 603 719 773 770; x_wconf 74' lang='lat' dir='ltr'>actio»,</span> <span class='ocrx_word' id='word_1_68' title='bbox 808 730 954 773; x_wconf 80' lang='lat' dir='ltr'>nempe</span> <span class='ocrx_word' id='word_1_69' title='bbox 1000 718 1061 759; x_wconf 86' lang='lat' dir='ltr'>ius</span> <span class='ocrx_word' id='word_1_70' title='bbox 1103 730 1225 773; x_wconf 88' lang='lat' dir='ltr'>supra</span> <span class='ocrx_word' id='word_1_71' title='bbox 1271 717 1427 760; x_wconf 90' lang='lat' dir='ltr'>dictum</span> <span class='ocrx_word' id='word_1_72' title='bbox 1468 717 1517 760; x_wconf 93' lang='lat' dir='ltr'>ad</span> <span class='ocrx_word' id='word_1_73' title='bbox 1559 731 1727 773; x_wconf 89' lang='lat' dir='ltr'>recupe-</span> 
     </span>
     <span class='ocr_line' id='line_1_11' title="bbox 98 786 1728 845; baseline -0.001 -15"><span class='ocrx_word' id='word_1_74' title='bbox 98 788 270 831; x_wconf 91' lang='lat' dir='ltr'>randam</span> <span class='ocrx_word' id='word_1_75' title='bbox 308 802 392 830; x_wconf 89' lang='lat' dir='ltr'>rem</span> <span class='ocrx_word' id='word_1_76' title='bbox 428 787 663 830; x_wconf 78' lang='lat' dir='ltr'>alienatam.</span> <span class='ocrx_word' id='word_1_77' title='bbox 683 788 720 830; x_wconf 80' lang='lat' dir='ltr'>si</span> <span class='ocrx_word' id='word_1_78' title='bbox 743 787 947 830; x_wconf 72' lang='lat' dir='ltr'>alienatio</span> <span class='ocrx_word' id='word_1_79' title='bbox 970 786 1092 830; x_wconf 62' lang='lat' dir='ltr'>malla</span> <span class='ocrx_word' id='word_1_80' title='bbox 1115 787 1247 845; x_wconf 75' lang='lat' dir='ltr'>fuerit</span> <span class='ocrx_word' id='word_1_81' title='bbox 1270 787 1455 845; x_wconf 80' lang='lat' dir='ltr'>quolibet</span> <span class='ocrx_word' id='word_1_82' title='bbox 1489 802 1536 831; x_wconf 86' lang='lat' dir='ltr'>ex</span> <span class='ocrx_word' id='word_1_83' title='bbox 1574 791 1728 830; x_wconf 72' lang='lat' dir='ltr'>motivo</span> 
     </span>
     <span class='ocr_line' id='line_1_12' title="bbox 97 858 1730 916; baseline -0.001 -14"><span class='ocrx_word' id='word_1_84' title='bbox 97 861 135 902; x_wconf 91' lang='lat' dir='ltr'>in</span> <span class='ocrx_word' id='word_1_85' title='bbox 175 863 350 916; x_wconf 78' lang='lat' dir='ltr'>utroque</span> <span class='ocrx_word' id='word_1_86' title='bbox 400 859 500 914; x_wconf 83' lang='lat' dir='ltr'>soro,</span> <span class='ocrx_word' id='word_1_87' title='bbox 535 858 648 901; x_wconf 73' lang='lat' dir='ltr'>civili</span> <span class='ocrx_word' id='word_1_88' title='bbox 694 864 733 902; x_wconf 89' lang='lat' dir='ltr'>et.</span> <span class='ocrx_word' id='word_1_89' title='bbox 775 858 1068 913; x_wconf 77' lang='lat' dir='ltr'>ecclesiastiCO,</span> <span class='ocrx_word' id='word_1_90' title='bbox 1104 859 1168 901; x_wconf 80' lang='lat' dir='ltr'>vel</span> <span class='ocrx_word' id='word_1_91' title='bbox 1215 858 1266 902; x_wconf 92' lang='lat' dir='ltr'>ob</span> <span class='ocrx_word' id='word_1_92' title='bbox 1315 861 1484 901; x_wconf 71' lang='lat' dir='ltr'>canonis</span> <span class='ocrx_word' id='word_1_93' title='bbox 1532 861 1730 901; x_wconf 88' lang='lat' dir='ltr'>irritantis</span> 
     </span>
     <span class='ocr_line' id='line_1_13' title="bbox 97 928 1729 986; baseline 0.001 -14"><span class='ocrx_word' id='word_1_94' title='bbox 97 931 469 986; x_wconf 80' lang='lat' dir='ltr'>transgressionem</span> <span class='ocrx_word' id='word_1_95' title='bbox 507 932 543 971; x_wconf 92' lang='lat' dir='ltr'>in</span> <span class='ocrx_word' id='word_1_96' title='bbox 581 930 667 972; x_wconf 88' lang='lat' dir='ltr'>t&#39;oro</span> <span class='ocrx_word' id='word_1_97' title='bbox 701 929 843 972; x_wconf 92' lang='lat' dir='ltr'>saltem</span> <span class='ocrx_word' id='word_1_98' title='bbox 880 928 1176 983; x_wconf 75' lang='lat' dir='ltr'>ecclesiastico,</span> <span class='ocrx_word' id='word_1_99' title='bbox 1201 935 1347 972; x_wconf 67' lang='lat' dir='ltr'>contro</span> <span class='ocrx_word' id='word_1_100' title='bbox 1381 929 1601 986; x_wconf 74' lang='lat' dir='ltr'>quemlihet</span> <span class='ocrx_word' id='word_1_101' title='bbox 1625 928 1729 973; x_wconf 84' lang='lat' dir='ltr'>bona</span> 
     </span>
     <span class='ocr_line' id='line_1_14' title="bbox 97 999 1730 1058; baseline 0.001 -16"><span class='ocrx_word' id='word_1_102' title='bbox 97 999 163 1044; x_wconf 70' lang='lat' dir='ltr'>vel</span> <span class='ocrx_word' id='word_1_103' title='bbox 211 1000 316 1043; x_wconf 87' lang='lat' dir='ltr'>mala</span> <span class='ocrx_word' id='word_1_104' title='bbox 361 1000 442 1043; x_wconf 86' lang='lat' dir='ltr'>side</span> <span class='ocrx_word' id='word_1_105' title='bbox 481 1014 765 1058; x_wconf 75' lang='lat' dir='ltr'>possessorem</span> <span class='ocrx_word' id='word_1_106' title='bbox 814 1000 921 1043; x_wconf 89' lang='lat' dir='ltr'>illius</span> <span class='ocrx_word' id='word_1_107' title='bbox 966 1002 1038 1054; x_wconf 74' lang='lat' dir='ltr'>rei,</span> <span class='ocrx_word' id='word_1_108' title='bbox 1082 1000 1197 1043; x_wconf 76' lang='lat' dir='ltr'>solvo</span> <span class='ocrx_word' id='word_1_109' title='bbox 1232 1000 1325 1042; x_wconf 73' lang='lat' dir='ltr'>iure</span> <span class='ocrx_word' id='word_1_110' title='bbox 1368 1000 1531 1056; x_wconf 83' lang='lat' dir='ltr'>petendi</span> <span class='ocrx_word' id='word_1_111' title='bbox 1570 1003 1730 1043; x_wconf 89' lang='lat' dir='ltr'>restitu-</span> 
     </span>
     <span class='ocr_line' id='line_1_15' title="bbox 96 1070 1729 1128; baseline -0.001 -14"><span class='ocrx_word' id='word_1_112' title='bbox 96 1073 248 1114; x_wconf 87' lang='lat' dir='ltr'>tionem</span> <span class='ocrx_word' id='word_1_113' title='bbox 297 1073 415 1127; x_wconf 89' lang='lat' dir='ltr'>pretii</span> <span class='ocrx_word' id='word_1_114' title='bbox 460 1085 508 1114; x_wconf 84' lang='lat' dir='ltr'>ex</span> <span class='ocrx_word' id='word_1_115' title='bbox 557 1076 670 1128; x_wconf 88' lang='lat' dir='ltr'>parte</span> <span class='ocrx_word' id='word_1_116' title='bbox 715 1073 834 1127; x_wconf 92' lang='lat' dir='ltr'>primi</span> <span class='ocrx_word' id='word_1_117' title='bbox 874 1070 1075 1128; x_wconf 70' lang='lat' dir='ltr'>eiiiplori&#39;s</span> <span class='ocrx_word' id='word_1_118' title='bbox 1118 1076 1265 1114; x_wconf 70' lang='lat' dir='ltr'>eontra</span> <span class='ocrx_word' id='word_1_119' title='bbox 1310 1070 1420 1113; x_wconf 77' lang='lat' dir='ltr'>male</span> <span class='ocrx_word' id='word_1_120' title='bbox 1454 1071 1578 1114; x_wconf 85' lang='lat' dir='ltr'>idest:</span> <span class='ocrx_word' id='word_1_121' title='bbox 1616 1073 1729 1114; x_wconf 89' lang='lat' dir='ltr'>irrite</span> 
     </span>
     <span class='ocr_line' id='line_1_16' title="bbox 93 1140 618 1198; baseline 0 -15"><span class='ocrx_word' id='word_1_122' title='bbox 93 1140 370 1196; x_wconf 72' lang='lat' dir='ltr'>alienantem,</span> <span class='ocrx_word' id='word_1_123' title='bbox 405 1146 448 1184; x_wconf 93' lang='lat' dir='ltr'>ut</span> <span class='ocrx_word' id='word_1_124' title='bbox 480 1155 618 1198; x_wconf 91' lang='lat' dir='ltr'>supra.</span> 
     </span>
    </p>

    <p class='ocr_par' dir='ltr' id='par_1_5' title="bbox 76 1211 1732 2400">
     <span class='ocr_line' id='line_1_17' title="bbox 214 1211 1729 1270; baseline 0.001 -15"><span class='ocrx_word' id='word_1_125' title='bbox 214 1211 302 1255; x_wconf 89' lang='lat' dir='ltr'>Hae</span> <span class='ocrx_word' id='word_1_126' title='bbox 335 1212 441 1255; x_wconf 88' lang='lat' dir='ltr'>duae</span> <span class='ocrx_word' id='word_1_127' title='bbox 475 1215 658 1256; x_wconf 86' lang='lat' dir='ltr'>actiones</span> <span class='ocrx_word' id='word_1_128' title='bbox 697 1215 775 1256; x_wconf 91' lang='lat' dir='ltr'>iam</span> <span class='ocrx_word' id='word_1_129' title='bbox 812 1215 849 1256; x_wconf 94' lang='lat' dir='ltr'>in</span> <span class='ocrx_word' id='word_1_130' title='bbox 884 1212 1162 1256; x_wconf 89' lang='lat' dir='ltr'>Decretalium</span> <span class='ocrx_word' id='word_1_131' title='bbox 1210 1216 1297 1257; x_wconf 88' lang='lat' dir='ltr'>inre</span> <span class='ocrx_word' id='word_1_132' title='bbox 1335 1218 1630 1270; x_wconf 79' lang='lat' dir='ltr'>agnoscuntur.</span> <span class='ocrx_word' id='word_1_133' title='bbox 1664 1214 1729 1258; x_wconf 88' lang='lat' dir='ltr'>Sic</span> 
     </span>
     <span class='ocr_line' id='line_1_18' title="bbox 94 1282 1725 1340; baseline 0.001 -16"><span class='ocrx_word' id='word_1_134' title='bbox 94 1285 204 1325; x_wconf 91' lang='lat' dir='ltr'>enim</span> <span class='ocrx_word' id='word_1_135' title='bbox 243 1282 393 1339; x_wconf 84' lang='lat' dir='ltr'>legitur</span> <span class='ocrx_word' id='word_1_136' title='bbox 428 1285 464 1325; x_wconf 91' lang='lat' dir='ltr'>in</span> <span class='ocrx_word' id='word_1_137' title='bbox 500 1296 591 1340; x_wconf 85' lang='lat' dir='ltr'>cap.</span> <span class='ocrx_word' id='word_1_138' title='bbox 627 1284 678 1326; x_wconf 67' lang='lat'>12</span> <span class='ocrx_word' id='word_1_139' title='bbox 718 1299 737 1324; x_wconf 86' lang='grc'>((</span> <span class='ocrx_word' id='word_1_140' title='bbox 762 1284 812 1327; x_wconf 91' lang='lat' dir='ltr'>de</span> <span class='ocrx_word' id='word_1_141' title='bbox 846 1283 969 1327; x_wconf 89' lang='lat' dir='ltr'>rebus</span> <span class='ocrx_word' id='word_1_142' title='bbox 1002 1284 1203 1327; x_wconf 85' lang='lat' dir='ltr'>ecclesiae</span> <span class='ocrx_word' id='word_1_143' title='bbox 1237 1285 1467 1328; x_wconf 76' lang='lat' dir='ltr'>alienandis</span> <span class='ocrx_word' id='word_1_144' title='bbox 1504 1284 1565 1327; x_wconf 71' lang='lat' dir='ltr'>rel</span> <span class='ocrx_word' id='word_1_145' title='bbox 1602 1298 1680 1327; x_wconf 89' lang='lat' dir='ltr'>nou</span> <span class='ocrx_word' id='word_1_146' title='bbox 1706 1300 1725 1325; x_wconf 83' lang='grc'>))</span> 
     </span>
     <span class='ocr_line' id='line_1_19' title="bbox 97 1353 1729 1411; baseline 0.002 -16"><span class='ocrx_word' id='word_1_147' title='bbox 97 1353 181 1410; x_wconf 87' lang='grc' dir='ltr'>(ΙΙΙ.</span> <span class='ocrx_word' id='word_1_148' title='bbox 220 1353 289 1410; x_wconf 85' lang='grc'>13)</span> <span class='ocrx_word' id='word_1_149' title='bbox 325 1353 383 1398; x_wconf 77' lang='lat' dir='ltr'>X:</span> <span class='ocrx_word' id='word_1_150' title='bbox 424 1370 446 1395; x_wconf 89' lang='lat'>«</span> <span class='ocrx_word' id='word_1_151' title='bbox 473 1353 663 1398; x_wconf 81' lang='lat' dir='ltr'>Volentes</span> <span class='ocrx_word' id='word_1_152' title='bbox 697 1357 822 1411; x_wconf 79' lang='lat' dir='ltr'>igitur</span> <span class='ocrx_word' id='word_1_153' title='bbox 854 1368 978 1411; x_wconf 88' lang='lat' dir='ltr'>super</span> <span class='ocrx_word' id='word_1_154' title='bbox 1023 1355 1084 1398; x_wconf 86' lang='lat' dir='ltr'>liis</span> <span class='ocrx_word' id='word_1_155' title='bbox 1127 1355 1469 1399; x_wconf 83' lang='lat' dir='ltr'>indemnitatibus</span> <span class='ocrx_word' id='word_1_156' title='bbox 1512 1355 1729 1399; x_wconf 87' lang='lat' dir='ltr'>consulere</span> 
     </span>
     <span class='ocr_line' id='line_1_20' title="bbox 95 1424 1731 1482; baseline 0.001 -15"><span class='ocrx_word' id='word_1_157' title='bbox 95 1424 385 1479; x_wconf 74' lang='lat' dir='ltr'>ecclesiarum,</span> <span class='ocrx_word' id='word_1_158' title='bbox 409 1437 456 1468; x_wconf 90' lang='lat' dir='ltr'>ac</span> <span class='ocrx_word' id='word_1_159' title='bbox 480 1428 603 1468; x_wconf 88' lang='lat' dir='ltr'>tantis</span> <span class='ocrx_word' id='word_1_160' title='bbox 627 1425 942 1482; x_wconf 73' lang='lat' dir='ltr'>gravaminibus</span> <span class='ocrx_word' id='word_1_161' title='bbox 978 1427 1214 1482; x_wconf 73' lang='lat' dir='ltr'>providere,</span> <span class='ocrx_word' id='word_1_162' title='bbox 1236 1429 1550 1470; x_wconf 87' lang='lat' dir='ltr'>constitutiones</span> <span class='ocrx_word' id='word_1_163' title='bbox 1572 1431 1609 1469; x_wconf 90' lang='lat' dir='ltr'>et</span> <span class='ocrx_word' id='word_1_164' title='bbox 1638 1440 1731 1469; x_wconf 79' lang='lat' dir='ltr'>ven-</span> 
     </span>
     <span class='ocr_line' id='line_1_21' title="bbox 94 1495 1729 1550; baseline 0.002 -13"><span class='ocrx_word' id='word_1_165' title='bbox 94 1495 273 1538; x_wconf 80' lang='lat' dir='ltr'>ditiones</span> <span class='ocrx_word' id='word_1_166' title='bbox 317 1495 552 1539; x_wconf 86' lang='lat' dir='ltr'>huiusmodi</span> <span class='ocrx_word' id='word_1_167' title='bbox 600 1497 832 1550; x_wconf 71' lang='lat' dir='ltr'>feudorum,</span> <span class='ocrx_word' id='word_1_168' title='bbox 867 1511 937 1541; x_wconf 89' lang='lat' dir='ltr'>seu</span> <span class='ocrx_word' id='word_1_169' title='bbox 972 1498 1146 1541; x_wconf 88' lang='lat' dir='ltr'>aliorum</span> <span class='ocrx_word' id='word_1_170' title='bbox 1184 1497 1383 1540; x_wconf 90' lang='lat' dir='ltr'>bonorum</span> <span class='ocrx_word' id='word_1_171' title='bbox 1430 1497 1729 1541; x_wconf 88' lang='lat' dir='ltr'>ecclesiastico-</span> 
     </span>
     <span class='ocr_line' id='line_1_22' title="bbox 97 1567 1730 1625; baseline 0.002 -17"><span class='ocrx_word' id='word_1_172' title='bbox 97 1579 203 1615; x_wconf 74' lang='lat' dir='ltr'>rum,</span> <span class='ocrx_word' id='word_1_173' title='bbox 223 1569 310 1610; x_wconf 91' lang='lat' dir='ltr'>sine</span> <span class='ocrx_word' id='word_1_174' title='bbox 335 1567 519 1623; x_wconf 86' lang='lat' dir='ltr'>legitimo</span> <span class='ocrx_word' id='word_1_175' title='bbox 545 1580 813 1623; x_wconf 88' lang='lat' dir='ltr'>personarum</span> <span class='ocrx_word' id='word_1_176' title='bbox 835 1568 1210 1612; x_wconf 79' lang='lat' dir='ltr'>ecclesiasticarum</span> <span class='ocrx_word' id='word_1_177' title='bbox 1236 1581 1404 1612; x_wconf 87' lang='lat' dir='ltr'>assensu</span> <span class='ocrx_word' id='word_1_178' title='bbox 1431 1573 1730 1625; x_wconf 77' lang='lat' dir='ltr'>praesumptas,</span> 
     </span>
     <span class='ocr_line' id='line_1_23' title="bbox 94 1638 1726 1696; baseline 0.001 -16"><span class='ocrx_word' id='word_1_179' title='bbox 94 1641 313 1681; x_wconf 73' lang='lat' dir='ltr'>occasione</span> <span class='ocrx_word' id='word_1_180' title='bbox 348 1640 653 1681; x_wconf 86' lang='lat' dir='ltr'>constitutionis</span> <span class='ocrx_word' id='word_1_181' title='bbox 688 1638 816 1682; x_wconf 84' lang='lat' dir='ltr'>laicae</span> <span class='ocrx_word' id='word_1_182' title='bbox 850 1642 1084 1696; x_wconf 86' lang='lat' dir='ltr'>potestatis:</span> <span class='ocrx_word' id='word_1_183' title='bbox 1121 1640 1233 1695; x_wconf 85' lang='lat' dir='ltr'>(eum</span> <span class='ocrx_word' id='word_1_184' title='bbox 1270 1653 1349 1682; x_wconf 91' lang='lat' dir='ltr'>non</span> <span class='ocrx_word' id='word_1_185' title='bbox 1384 1642 1634 1689; x_wconf 68' lang='lat' dir='ltr'>constitutio,</span> <span class='ocrx_word' id='word_1_186' title='bbox 1658 1640 1726 1683; x_wconf 89' lang='lat' dir='ltr'>sed</span> 
     </span>
     <span class='ocr_line' id='line_1_24' title="bbox 94 1708 1729 1766; baseline 0.002 -16"><span class='ocrx_word' id='word_1_187' title='bbox 94 1708 322 1763; x_wconf 79' lang='lat' dir='ltr'>destitutio,</span> <span class='ocrx_word' id='word_1_188' title='bbox 361 1708 422 1751; x_wconf 80' lang='lat' dir='ltr'>vel</span> <span class='ocrx_word' id='word_1_189' title='bbox 458 1709 684 1752; x_wconf 90' lang='lat' dir='ltr'>destructio</span> <span class='ocrx_word' id='word_1_190' title='bbox 729 1710 810 1753; x_wconf 95' lang='lat' dir='ltr'>dici</span> <span class='ocrx_word' id='word_1_191' title='bbox 845 1713 984 1766; x_wconf 90' lang='lat' dir='ltr'>possit,</span> <span class='ocrx_word' id='word_1_192' title='bbox 1019 1724 1178 1754; x_wconf 88' lang='lat' dir='ltr'>necnon</span> <span class='ocrx_word' id='word_1_193' title='bbox 1224 1713 1437 1766; x_wconf 71' lang='lat' dir='ltr'>usurpatio</span> <span class='ocrx_word' id='word_1_194' title='bbox 1482 1710 1729 1753; x_wconf 88' lang='lat' dir='ltr'>iurisdictio-</span> 
     </span>
     <span class='ocr_line' id='line_1_25' title="bbox 95 1778 1732 1837; baseline 0.001 -16"><span class='ocrx_word' id='word_1_195' title='bbox 95 1778 212 1831; x_wconf 79' lang='lat' dir='ltr'>num)</span> <span class='ocrx_word' id='word_1_196' title='bbox 245 1781 352 1822; x_wconf 88' lang='lat' dir='ltr'>sacri</span> <span class='ocrx_word' id='word_1_197' title='bbox 387 1779 687 1836; x_wconf 83' lang='lat' dir='ltr'>approbatione</span> <span class='ocrx_word' id='word_1_198' title='bbox 720 1781 884 1824; x_wconf 75' lang='lat' dir='ltr'>concilii</span> <span class='ocrx_word' id='word_1_199' title='bbox 919 1782 1185 1825; x_wconf 89' lang='lat' dir='ltr'>decernimus</span> <span class='ocrx_word' id='word_1_200' title='bbox 1218 1795 1296 1823; x_wconf 91' lang='lat' dir='ltr'>non</span> <span class='ocrx_word' id='word_1_201' title='bbox 1334 1787 1488 1835; x_wconf 74' lang='lat' dir='ltr'>tenere,</span> <span class='ocrx_word' id='word_1_202' title='bbox 1524 1794 1732 1837; x_wconf 89' lang='lat' dir='ltr'>praesum-</span> 
     </span>
     <span class='ocr_line' id='line_1_26' title="bbox 95 1849 1728 1909; baseline 0.002 -18"><span class='ocrx_word' id='word_1_203' title='bbox 95 1849 283 1905; x_wconf 85' lang='lat' dir='ltr'>ptoribus</span> <span class='ocrx_word' id='word_1_204' title='bbox 318 1864 390 1907; x_wconf 89' lang='lat' dir='ltr'>per</span> <span class='ocrx_word' id='word_1_205' title='bbox 421 1864 640 1896; x_wconf 85' lang='lat' dir='ltr'>censuram</span> <span class='ocrx_word' id='word_1_206' title='bbox 675 1851 999 1895; x_wconf 83' lang='lat' dir='ltr'>ecclesiasticam</span> <span class='ocrx_word' id='word_1_207' title='bbox 1036 1851 1399 1908; x_wconf 77' lang='lat' dir='ltr'>compellendis».</span> <span class='ocrx_word' id='word_1_208' title='bbox 1425 1878 1480 1882; x_wconf 89' lang='grc'>-</span> <span class='ocrx_word' id='word_1_209' title='bbox 1514 1851 1561 1894; x_wconf 88' lang='lat' dir='ltr'>Et</span> <span class='ocrx_word' id='word_1_210' title='bbox 1595 1851 1728 1909; x_wconf 79' lang='lat' dir='ltr'>quoad</span> 
     </span>
     <span class='ocr_line' id='line_1_27' title="bbox 96 1920 1729 1980; baseline 0.001 -18"><span class='ocrx_word' id='word_1_211' title='bbox 96 1920 249 1963; x_wconf 87' lang='lat' dir='ltr'>realem</span> <span class='ocrx_word' id='word_1_212' title='bbox 294 1923 497 1965; x_wconf 89' lang='lat' dir='ltr'>actionem</span> <span class='ocrx_word' id='word_1_213' title='bbox 538 1935 587 1965; x_wconf 93' lang='lat' dir='ltr'>en</span> <span class='ocrx_word' id='word_1_214' title='bbox 633 1935 721 1978; x_wconf 90' lang='lat' dir='ltr'>cap.</span> <span class='ocrx_word' id='word_1_215' title='bbox 759 1922 782 1965; x_wconf 88' lang='lat'><strong>3</strong></span> <span class='ocrx_word' id='word_1_216' title='bbox 822 1922 917 1966; x_wconf 85' lang='lat' dir='ltr'>«de</span> <span class='ocrx_word' id='word_1_217' title='bbox 951 1922 1238 1979; x_wconf 77' lang='lat' dir='ltr'>pignoribus»</span> <span class='ocrx_word' id='word_1_218' title='bbox 1278 1923 1362 1980; x_wconf 77' lang='lat' dir='ltr'>(lli,</span> <span class='ocrx_word' id='word_1_219' title='bbox 1398 1922 1470 1979; x_wconf 75' lang='lat'>⁶21)</span> <span class='ocrx_word' id='word_1_220' title='bbox 1506 1922 1538 1965; x_wconf 79' lang='lat' dir='ltr'>X</span> <span class='ocrx_word' id='word_1_221' title='bbox 1577 1925 1612 1965; x_wconf 93' lang='lat' dir='ltr'>in</span> <span class='ocrx_word' id='word_1_222' title='bbox 1649 1936 1729 1980; x_wconf 80' lang='lat' dir='ltr'>quo</span> 
     </span>
     <span class='ocr_line' id='line_1_28' title="bbox 95 1991 1730 2050; baseline 0.002 -18"><span class='ocrx_word' id='word_1_223' title='bbox 95 1992 149 2033; x_wconf 89' lang='lat' dir='ltr'>ait</span> <span class='ocrx_word' id='word_1_224' title='bbox 184 1991 303 2034; x_wconf 87' lang='lat' dir='ltr'>Alex.</span> <span class='ocrx_word' id='word_1_225' title='bbox 338 1991 411 2034; x_wconf 91' lang='lat' dir='ltr'>lll:</span> <span class='ocrx_word' id='word_1_226' title='bbox 452 1992 611 2037; x_wconf 83' lang='lat' dir='ltr'>«Unde</span> <span class='ocrx_word' id='word_1_227' title='bbox 656 1995 852 2050; x_wconf 88' lang='lat' dir='ltr'>quoniam</span> <span class='ocrx_word' id='word_1_228' title='bbox 895 1994 1110 2050; x_wconf 85' lang='lat' dir='ltr'>indignum</span> <span class='ocrx_word' id='word_1_229' title='bbox 1157 1998 1230 2047; x_wconf 80' lang='lat' dir='ltr'>est,</span> <span class='ocrx_word' id='word_1_230' title='bbox 1266 1999 1309 2036; x_wconf 93' lang='lat' dir='ltr'>ut</span> <span class='ocrx_word' id='word_1_231' title='bbox 1351 1994 1485 2036; x_wconf 89' lang='lat' dir='ltr'>eidem</span> <span class='ocrx_word' id='word_1_232' title='bbox 1530 1993 1730 2037; x_wconf 79' lang='lat' dir='ltr'>eeclesiae</span> 
     </span>
     <span class='ocr_line' id='line_1_29' title="bbox 96 2064 1729 2121; baseline 0.002 -18"><span class='ocrx_word' id='word_1_233' title='bbox 96 2074 162 2104; x_wconf 89' lang='lat' dir='ltr'>res</span> <span class='ocrx_word' id='word_1_234' title='bbox 194 2074 306 2112; x_wconf 89' lang='lat' dir='ltr'>suae,</span> <span class='ocrx_word' id='word_1_235' title='bbox 343 2065 583 2118; x_wconf 88' lang='lat' dir='ltr'>praesertim</span> <span class='ocrx_word' id='word_1_236' title='bbox 620 2076 726 2120; x_wconf 80' lang='lat' dir='ltr'>quae</span> <span class='ocrx_word' id='word_1_237' title='bbox 759 2066 888 2107; x_wconf 88' lang='lat' dir='ltr'>sacris</span> <span class='ocrx_word' id='word_1_238' title='bbox 923 2066 1162 2108; x_wconf 87' lang='lat' dir='ltr'>ministeriis</span> <span class='ocrx_word' id='word_1_239' title='bbox 1199 2064 1421 2121; x_wconf 87' lang='lat' dir='ltr'>deputatae</span> <span class='ocrx_word' id='word_1_240' title='bbox 1454 2069 1560 2118; x_wconf 73' lang='lat' dir='ltr'>sunt,</span> <span class='ocrx_word' id='word_1_241' title='bbox 1594 2064 1729 2107; x_wconf 87' lang='lat' dir='ltr'>taliter</span> 
     </span>
     <span class='ocr_line' id='line_1_30' title="bbox 94 2131 1727 2192; baseline 0.002 -18"><span class='ocrx_word' id='word_1_242' title='bbox 94 2131 274 2175; x_wconf 87' lang='lat' dir='ltr'>debeant</span> <span class='ocrx_word' id='word_1_243' title='bbox 307 2133 521 2189; x_wconf 84' lang='lat' dir='ltr'>deperire:</span> <span class='ocrx_word' id='word_1_244' title='bbox 565 2133 823 2189; x_wconf 76' lang='lat' dir='ltr'>Mandamus,</span> <span class='ocrx_word' id='word_1_245' title='bbox 859 2140 1062 2191; x_wconf 81' lang='lat' dir='ltr'>quatenus</span> <span class='ocrx_word' id='word_1_246' title='bbox 1105 2137 1136 2178; x_wconf 94' lang='lat' dir='ltr'>si</span> <span class='ocrx_word' id='word_1_247' title='bbox 1183 2149 1328 2178; x_wconf 86' lang='lat' dir='ltr'>verum</span> <span class='ocrx_word' id='word_1_248' title='bbox 1375 2141 1435 2178; x_wconf 87' lang='lat' dir='ltr'>est</span> <span class='ocrx_word' id='word_1_249' title='bbox 1477 2135 1585 2192; x_wconf 85' lang='lat' dir='ltr'>qnod</span> <span class='ocrx_word' id='word_1_250' title='bbox 1619 2148 1727 2178; x_wconf 87' lang='lat' dir='ltr'>asse-</span> 
     </span>
     <span class='ocr_line' id='line_1_31' title="bbox 97 2203 1728 2263; baseline 0.002 -18"><span class='ocrx_word' id='word_1_251' title='bbox 97 2205 201 2246; x_wconf 88' lang='lat' dir='ltr'>ritur</span> <span class='ocrx_word' id='word_1_252' title='bbox 224 2203 293 2260; x_wconf 88' lang='lat' dir='ltr'>(de</span> <span class='ocrx_word' id='word_1_253' title='bbox 328 2206 513 2260; x_wconf 78' lang='lat' dir='ltr'>pignoris</span> <span class='ocrx_word' id='word_1_254' title='bbox 545 2204 831 2262; x_wconf 78' lang='lat' dir='ltr'>obligatione),</span> <span class='ocrx_word' id='word_1_255' title='bbox 856 2205 985 2248; x_wconf 81' lang='lat' dir='ltr'>filium</span> <span class='ocrx_word' id='word_1_256' title='bbox 1020 2209 1122 2259; x_wconf 70' lang='lat' dir='ltr'>eius,</span> <span class='ocrx_word' id='word_1_257' title='bbox 1148 2208 1215 2263; x_wconf 84' lang='lat' dir='ltr'>qui</span> <span class='ocrx_word' id='word_1_258' title='bbox 1241 2219 1291 2249; x_wconf 84' lang='lat' dir='ltr'>ex</span> <span class='ocrx_word' id='word_1_259' title='bbox 1316 2209 1577 2249; x_wconf 88' lang='lat' dir='ltr'>successione</span> <span class='ocrx_word' id='word_1_260' title='bbox 1602 2208 1728 2262; x_wconf 89' lang='lat' dir='ltr'>ipsius</span> 
     </span>
     <span class='ocr_line' id='line_1_32' title="bbox 96 2274 1726 2333; baseline 0.001 -17"><span class='ocrx_word' id='word_1_261' title='bbox 96 2275 331 2329; x_wconf 86' lang='lat' dir='ltr'>patrimonii</span> <span class='ocrx_word' id='word_1_262' title='bbox 369 2276 429 2317; x_wconf 88' lang='lat' dir='ltr'>ius</span> <span class='ocrx_word' id='word_1_263' title='bbox 462 2275 615 2318; x_wconf 82' lang='lat' dir='ltr'>dicitur</span> <span class='ocrx_word' id='word_1_264' title='bbox 654 2274 856 2331; x_wconf 78' lang='lat' dir='ltr'>obtinere,</span> <span class='ocrx_word' id='word_1_265' title='bbox 892 2289 1061 2320; x_wconf 89' lang='lat' dir='ltr'>moneas</span> <span class='ocrx_word' id='word_1_266' title='bbox 1094 2282 1131 2320; x_wconf 93' lang='lat' dir='ltr'>et</span> <span class='ocrx_word' id='word_1_267' title='bbox 1165 2277 1408 2333; x_wconf 88' lang='lat' dir='ltr'>compellas,</span> <span class='ocrx_word' id='word_1_268' title='bbox 1442 2282 1482 2320; x_wconf 92' lang='lat' dir='ltr'>ut</span> <span class='ocrx_word' id='word_1_269' title='bbox 1516 2290 1562 2320; x_wconf 90' lang='lat' dir='ltr'>ea</span> <span class='ocrx_word' id='word_1_270' title='bbox 1598 2276 1726 2320; x_wconf 89' lang='lat' dir='ltr'>recol-</span> 
     </span>
     <span class='ocr_line' id='line_1_33' title="bbox 76 2342 1087 2400; baseline 0.007 -14"><span class='ocrx_word' id='word_1_271' title='bbox 76 2342 207 2400; x_wconf 85' lang='lat' dir='ltr'>·ligat,</span> <span class='ocrx_word' id='word_1_272' title='bbox 240 2349 280 2388; x_wconf 86' lang='lat' dir='ltr'>et</span> <span class='ocrx_word' id='word_1_273' title='bbox 314 2347 502 2389; x_wconf 86' lang='lat' dir='ltr'>restituat</span> <span class='ocrx_word' id='word_1_274' title='bbox 534 2346 737 2390; x_wconf 75' lang='lat' dir='ltr'>ecclesiae</span> <span class='ocrx_word' id='word_1_275' title='bbox 772 2353 1087 2393; x_wconf 85' lang='lat' dir='ltr'>memoratae».</span> 
     </span>
    </p>

    <p class='ocr_par' dir='ltr' id='par_1_6' title="bbox 89 2413 1728 2826">
     <span class='ocr_line' id='line_1_34' title="bbox 212 2413 1726 2475; baseline 0.001 -17"><span class='ocrx_word' id='word_1_276' title='bbox 212 2413 390 2468; x_wconf 85' lang='lat' dir='ltr'>Quinam</span> <span class='ocrx_word' id='word_1_277' title='bbox 426 2419 630 2460; x_wconf 90' lang='lat' dir='ltr'>actionem</span> <span class='ocrx_word' id='word_1_278' title='bbox 658 2417 767 2461; x_wconf 89' lang='lat' dir='ltr'>illam</span> <span class='ocrx_word' id='word_1_279' title='bbox 803 2431 1002 2462; x_wconf 87' lang='lat' dir='ltr'>exercere</span> <span class='ocrx_word' id='word_1_280' title='bbox 1037 2421 1191 2475; x_wconf 89' lang='lat' dir='ltr'>possint</span> <span class='ocrx_word' id='word_1_281' title='bbox 1225 2419 1410 2462; x_wconf 89' lang='lat' dir='ltr'>declarat</span> <span class='ocrx_word' id='word_1_282' title='bbox 1443 2419 1470 2475; x_wconf 68' lang='grc' dir='ltr'>ξ</span> <span class='ocrx_word' id='word_1_283' title='bbox 1500 2421 1542 2463; x_wconf 69' lang='grc'>9.</span> <span class='ocrx_word' id='word_1_284' title='bbox 1571 2418 1726 2462; x_wconf 76' lang='lat' dir='ltr'>Contra</span> 
     </span>
     <span class='ocr_line' id='line_1_35' title="bbox 93 2484 1728 2547; baseline 0.003 -20"><span class='ocrx_word' id='word_1_285' title='bbox 93 2484 327 2529; x_wconf 74' lang='lat' dir='ltr'>invalidam</span> <span class='ocrx_word' id='word_1_286' title='bbox 359 2488 586 2531; x_wconf 87' lang='lat' dir='ltr'>secundum</span> <span class='ocrx_word' id='word_1_287' title='bbox 620 2491 682 2532; x_wconf 89' lang='lat' dir='ltr'>ius</span> <span class='ocrx_word' id='word_1_288' title='bbox 705 2489 829 2532; x_wconf 81' lang='lat' dir='ltr'>civile</span> <span class='ocrx_word' id='word_1_289' title='bbox 851 2493 956 2542; x_wconf 88' lang='lat' dir='ltr'>(can.</span> <span class='ocrx_word' id='word_1_290' title='bbox 984 2489 1115 2547; x_wconf 71' lang='lat'>1529)</span> <span class='ocrx_word' id='word_1_291' title='bbox 1143 2490 1205 2532; x_wconf 76' lang='lat' dir='ltr'>vel</span> <span class='ocrx_word' id='word_1_292' title='bbox 1226 2493 1473 2533; x_wconf 89' lang='lat' dir='ltr'>canonicum</span> <span class='ocrx_word' id='word_1_293' title='bbox 1501 2489 1551 2533; x_wconf 94' lang='lat' dir='ltr'>ob</span> <span class='ocrx_word' id='word_1_294' title='bbox 1577 2495 1728 2546; x_wconf 80' lang='lat' dir='ltr'>praee.⁸</span> 
     </span>
     <span class='ocr_line' id='line_1_36' title="bbox 92 2558 1728 2618; baseline 0.002 -20"><span class='ocrx_word' id='word_1_295' title='bbox 92 2560 272 2600; x_wconf 88' lang='lat' dir='ltr'>canones</span> <span class='ocrx_word' id='word_1_296' title='bbox 304 2571 446 2600; x_wconf 72' lang='lat' dir='ltr'>rernm</span> <span class='ocrx_word' id='word_1_297' title='bbox 479 2558 863 2602; x_wconf 74' lang='lat' dir='ltr'>ecelesiasticarwn</span> <span class='ocrx_word' id='word_1_298' title='bbox 898 2573 1237 2618; x_wconf 77' lang='lat' dir='ltr'>unamquamque</span> <span class='ocrx_word' id='word_1_299' title='bbox 1277 2560 1578 2603; x_wconf 75' lang='lat' dir='ltr'>ali&#39;eiiali&#39;oneiii</span> <span class='ocrx_word' id='word_1_300' title='bbox 1605 2574 1728 2615; x_wconf 63' lang='lat' dir='ltr'>assere</span> 
     </span>
     <span class='ocr_line' id='line_1_37' title="bbox 89 2627 1728 2687; baseline 0.002 -20"><span class='ocrx_word' id='word_1_301' title='bbox 89 2631 267 2681; x_wconf 81' lang='lat' dir='ltr'>possunt</span> <span class='ocrx_word' id='word_1_302' title='bbox 301 2629 338 2669; x_wconf 95' lang='lat' dir='ltr'>in</span> <span class='ocrx_word' id='word_1_303' title='bbox 373 2627 571 2671; x_wconf 86' lang='lat' dir='ltr'>alterutro</span> <span class='ocrx_word' id='word_1_304' title='bbox 607 2631 839 2684; x_wconf 79' lang='lat' dir='ltr'>respective</span> <span class='ocrx_word' id='word_1_305' title='bbox 879 2631 978 2686; x_wconf 74' lang='lat' dir='ltr'>toro,</span> <span class='ocrx_word' id='word_1_306' title='bbox 1017 2644 1181 2686; x_wconf 88' lang='lat' dir='ltr'>semper</span> <span class='ocrx_word' id='word_1_307' title='bbox 1220 2635 1357 2673; x_wconf 86' lang='lat' dir='ltr'>autem</span> <span class='ocrx_word' id='word_1_308' title='bbox 1396 2633 1432 2672; x_wconf 92' lang='lat' dir='ltr'>in</span> <span class='ocrx_word' id='word_1_309' title='bbox 1460 2633 1547 2679; x_wconf 73' lang='lat' dir='ltr'>isto,</span> <span class='ocrx_word' id='word_1_310' title='bbox 1583 2629 1623 2686; x_wconf 81' lang='lat' dir='ltr'>a)</span> <span class='ocrx_word' id='word_1_311' title='bbox 1657 2630 1728 2687; x_wconf 73' lang='lat' dir='ltr'>qui</span> 
     </span>
     <span class='ocr_line' id='line_1_38' title="bbox 93 2695 1724 2756; baseline 0.004 -20"><span class='ocrx_word' id='word_1_312' title='bbox 93 2708 181 2737; x_wconf 74' lang='lat' dir='ltr'>rem</span> <span class='ocrx_word' id='word_1_313' title='bbox 215 2695 433 2752; x_wconf 69' lang='lat' dir='ltr'>alienavit,</span> <span class='ocrx_word' id='word_1_314' title='bbox 467 2698 516 2741; x_wconf 88' lang='lat' dir='ltr'>ad</span> <span class='ocrx_word' id='word_1_315' title='bbox 551 2697 629 2742; x_wconf 91' lang='lat' dir='ltr'>hoc</span> <span class='ocrx_word' id='word_1_316' title='bbox 662 2701 770 2742; x_wconf 81' lang='lat' dir='ltr'>enini</span> <span class='ocrx_word' id='word_1_317' title='bbox 806 2713 855 2742; x_wconf 84' lang='lat' dir='ltr'>ex</span> <span class='ocrx_word' id='word_1_318' title='bbox 883 2702 1061 2744; x_wconf 88' lang='lat' dir='ltr'>iustitiae</span> <span class='ocrx_word' id='word_1_319' title='bbox 1090 2703 1244 2743; x_wconf 83' lang='lat' dir='ltr'>virtute</span> <span class='ocrx_word' id='word_1_320' title='bbox 1269 2700 1499 2756; x_wconf 78' lang='lat' dir='ltr'>obligatni·;</span> <span class='ocrx_word' id='word_1_321' title='bbox 1524 2703 1642 2743; x_wconf 80' lang='lat' dir='ltr'>sicuti</span> <span class='ocrx_word' id='word_1_322' title='bbox 1665 2712 1724 2742; x_wconf 87' lang='lat' dir='ltr'>ra·</span> 
     </span>
     <span class='ocr_line' id='line_1_39' title="bbox 94 2767 1719 2826; baseline 0.003 -18"><span class='ocrx_word' id='word_1_323' title='bbox 94 2768 205 2809; x_wconf 90' lang='lat' dir='ltr'>tione</span> <span class='ocrx_word' id='word_1_324' title='bbox 240 2767 536 2811; x_wconf 87' lang='lat' dir='ltr'>iurisdictionis</span> <span class='ocrx_word' id='word_1_325' title='bbox 572 2768 634 2811; x_wconf 73' lang='lat' dir='ltr'>vel</span> <span class='ocrx_word' id='word_1_326' title='bbox 672 2772 884 2825; x_wconf 89' lang='lat' dir='ltr'>potestatis</span> <span class='ocrx_word' id='word_1_327' title='bbox 916 2771 1200 2814; x_wconf 63' lang='lat' dir='ltr'>dominans-ae</span> <span class='ocrx_word' id='word_1_328' title='bbox 1239 2770 1359 2814; x_wconf 86' lang='lat' dir='ltr'>debet</span> <span class='ocrx_word' id='word_1_329' title='bbox 1396 2771 1633 2826; x_wconf 89' lang='lat' dir='ltr'>prudenter,</span> <span class='ocrx_word' id='word_1_330' title='bbox 1657 2784 1719 2826; x_wconf 91' lang='lat' dir='ltr'>po·</span> 
     </span>
    </p>
   </div>
   <div class='ocr_carea' id='block_1_5' title="bbox 213 2918 610 2963">
    <p class='ocr_par' dir='ltr' id='par_1_7' title="bbox 213 2918 610 2963">
     <span class='ocr_line' id='line_1_40' title="bbox 213 2918 610 2963; baseline 0 -10"><span class='ocrx_word' id='word_1_331' title='bbox 213 2918 224 2940; x_wconf 75' lang='lat'><em>²</em></span> <span class='ocrx_word' id='word_1_332' title='bbox 252 2918 413 2963; x_wconf 83' lang='lat' dir='ltr'>Wernz,</span> <span class='ocrx_word' id='word_1_333' title='bbox 442 2919 514 2954; x_wconf 88' lang='lat' dir='ltr'>loc.</span> <span class='ocrx_word' id='word_1_334' title='bbox 543 2920 610 2953; x_wconf 78' lang='lat' dir='ltr'>cit.</span> 
     </span>
    </p>
   </div>
  </div>
 </body>
</html>
