1965 3240
114 123 184 156 414
258 122 340 155 Lm.
368 120 439 155 III.
467 141 479 146 -
507 120 618 155 PARS
650 120 696 154 V.
727 120 823 165 -fDe
848 119 970 162 benef.
999 122 1033 154 et
1060 121 1185 154 instit.
1213 119 1339 153 eccles.
1369 129 1448 152 non
1472 118 1602 162 colleg.

120 246 161 284 ut
198 244 440 297 procurator
472 239 521 282 ad
558 251 650 282 eam
683 240 735 282 sit
767 238 978 295 legitimus
1011 242 1187 281 cavetur
1220 239 1258 279 in
1293 236 1536 280 can.1445.
1571 235 1746 279 Demum

120 313 251 368 posito
285 311 434 354 effectu
469 310 667 366 pacificae
716 311 985 365 possessionis
1027 322 1100 365 per
1142 310 1365 351 triennium
1411 309 1449 350 in
1493 319 1584 351 can.
1620 306 1747 361 1446,

120 383 219 440 quid
253 381 305 424 ob
339 380 448 424 illam
483 380 613 424 solam
646 382 698 423 sit
729 379 984 423 servandum
1019 379 1145 422 edicit
1178 378 1348 422 ultimus
1380 390 1469 422 can.
1507 378 1632 421 1447.

246 452 343 496 332.
379 455 488 498 lura
512 453 715 499 Romani
742 452 998 497 Pontificis
1029 452 1066 493 in
1091 449 1354 493 conferendis
1388 448 1613 503 beneficiis,
1641 460 1748 506 quae

122 527 197 568 sita
231 528 325 567 sunt
359 527 476 567 extra
509 522 738 566 Romanam
772 521 1019 575 Dioecesim,
1053 525 1230 578 quatuor
1263 520 1575 576 distinguuntur
1612 532 1634 562 a
1677 517 1751 563 Ca-

124 597 295 638 nonistis
320 596 362 638 ⁴:
402 594 442 636 10
476 596 538 637 ius
571 606 810 641 concursus,
857 593 900 636 ⁵2⁰
935 595 998 635 ius
1023 593 1343 648 praeventionis,
1380 590 1424 634 30
1458 592 1520 634 ius
1563 602 1752 633 reserva-

124 668 246 709 tionis
278 671 317 709 et
339 666 568 709 affectionis
601 669 641 707 et
674 664 718 707 40
752 666 815 707 ius
838 664 1131 707 devolutionis.
1151 662 1238 706 Hoc
1257 661 1447 705 ultimum
1473 663 1509 705 ei
1533 673 1754 705 commune

124 742 185 781 est
217 750 311 780 cum
345 736 435 780 aliis
466 735 760 792 Superioribus
802 735 1095 778 ecclesiasticis
1128 747 1177 777 ex
1213 735 1313 777 iuris
1346 734 1532 777 canonici
1567 732 1755 775 ordinata

125 807 372 859 hierarchia,
407 807 457 850 de
495 806 587 850 aliis
628 819 726 849 vero
765 808 820 849 ait
858 804 986 850 Clem.
1021 804 1071 847 ΙΙΙ
1105 807 1143 847 in
1190 816 1280 860 cap.
1313 804 1337 846 4
1377 804 1472 847 «de
1510 802 1758 859 praebendis

126 882 167 921 et
197 877 513 932 dignitatibus»
553 879 592 920 in
628 876 671 919 60
705 876 789 934 (Ill,
815 876 886 933 Q:
927 875 1084 919 «Licet
1124 875 1410 929 ecclesiarum,
1447 878 1758 930 personatuum,

127 949 375 1006 dignitatum
402 948 662 1005 aliorumque
688 947 985 992 beneficiorum
1011 946 1389 990 ecclesiasticorum
1416 945 1598 1002 plenaria
1621 944 1757 1000 dispo-

127 1022 219 1063 sitio
252 1020 303 1063 ad
338 1019 570 1063 Romanum
606 1023 801 1062 noscatur
834 1018 1076 1061 Pontificem
1113 1017 1181 1075 (ex
1215 1029 1315 1060 suae
1349 1017 1560 1073 potestatis
1583 1014 1758 1072 plenitu-

129 1091 224 1134 dine
258 1093 370 1134 iuxta
405 1089 532 1134 Clem.
571 1088 600 1132 V
625 1088 639 1111 ²
674 1091 712 1132 in
747 1088 871 1133 Cone.
908 1087 1149 1145 Viennensi)
1193 1091 1414 1145 pertinere,
1453 1089 1508 1130 ita
1545 1085 1654 1144 quod
1680 1098 1759 1128 non

129 1161 262 1205 solum
297 1163 384 1217 ipsa
417 1174 512 1204 cum
550 1165 698 1204 vacant
732 1164 865 1216 potest
905 1160 959 1203 *de
984 1162 1087 1209 ziure
1125 1159 1313 1203 conferre
1347 1159 1420 1216 (ita
1445 1169 1697 1202 concurrens
1721 1158 1760 1198 in

131 1232 320 1276 beneficii
354 1232 542 1275 facienda
576 1230 796 1275 collatione
841 1244 912 1287 per
955 1228 1260 1287 Ordinarium),
1298 1242 1443 1273 verum
1477 1228 1618 1285 (istum
1645 1239 1761 1284 prae-

134 1302 321 1360 veniens)
356 1305 478 1346 etiam
516 1305 578 1346 ius
599 1305 638 1345 in
664 1304 762 1359 ipsis
786 1301 968 1345 tribuere
995 1303 1217 1355 vacaturis,
1252 1300 1514 1345 collationem
1539 1304 1676 1343 tamen
1701 1310 1763 1341 ec-

132 1374 367 1426 clesiarum,
402 1378 715 1430 personatuum,
759 1373 1007 1429 dignitatum
1047 1377 1087 1415 et
1120 1372 1418 1416 beneficiorum
1462 1371 1570 1427 apud
1615 1369 1764 1413 Sedem

132 1445 412 1502 Apostolicam
451 1447 687 1488 vacantium
731 1443 954 1500 specialius
992 1446 1141 1487 ceteris
1174 1445 1343 1500 antiqua
1387 1441 1643 1486 consuetudo
1685 1439 1764 1483 Ro-

135 1518 270 1559 manis
293 1515 562 1559 Pontificibus
586 1517 820 1558 reservavit
844 1530 883 1558 n.
923 1513 1217 1558 Verumtamen
1242 1513 1320 1557 hoc
1346 1514 1500 1556 factum
1522 1525 1603 1555 non
1627 1510 1766 1554 exclu-

134 1587 205 1642 dit,
239 1587 310 1630 sed
345 1589 539 1643 supponit
573 1589 635 1630 ius
669 1585 913 1629 reservandi
952 1586 1112 1628 futuras
1150 1584 1430 1643 quorumdam
1464 1583 1761 1627 beneficiorum

135 1657 389 1709 collationes,
434 1662 574 1714 utpote
619 1657 830 1714 profluens
868 1672 889 1698 ((
913 1669 962 1700 ex
997 1669 1096 1699 suae
1134 1657 1348 1713 potestatis
1386 1654 1644 1712 pleniludine
1667 1668 1687 1694 ))
1727 1654 1765 1695 in

137 1742 281 1772 omnes
304 1733 342 1772 et
366 1728 551 1785 singulas
574 1728 801 1772 dioeceses.

257 1798 507 1855 Principium
542 1800 668 1854 igitur
701 1797 800 1841 illud
824 1800 883 1842 sic
906 1800 1145 1841 enuntiatur
1168 1800 1208 1840 in
1232 1811 1310 1839 ean
1333 1797 1459 1839 1431.
1483 1794 1554 1838 Ius
1578 1793 1766 1837 Romano

142 1868 332 1926 Pontifici
364 1874 424 1912 est
459 1871 616 1912 ratione
662 1869 866 1912 Primatus
909 1873 1033 1927 atque
1077 1867 1360 1912 exercendum
1402 1880 1474 1923 per
1511 1879 1556 1909 se
1598 1864 1660 1907 vel
1696 1877 1769 1920 per

139 1940 278 1996 alium,
314 1939 509 1997 beneficia
555 1942 721 1997 proprie
767 1940 875 1983 (licta
912 1939 1020 1997 (can.
1069 1938 1201 1996 1409)
1233 1937 1556 1996 qualiacumque
1597 1935 1641 1979 in
1676 1934 1767 1978 uni-

143 2025 261 2054 versa
293 2010 483 2054 Ecclesia
518 2010 659 2054 Latina
678 2015 717 2054 et
740 2008 941 2055 Orientali
976 2009 1222 2068 conferendi
1254 2008 1391 2067 quoad
1425 2006 1610 2064 singulas
1642 2008 1770 2060 vices,

140 2084 230 2125 sive
263 2082 429 2139 quando
477 2086 637 2137 vacant,
681 2083 770 2125 sive
804 2081 993 2125 tribuens
1030 2083 1138 2124 «ius
1183 2083 1221 2123 in
1257 2081 1356 2136 ipsis
1400 2079 1671 2131 vacaturis»,
1705 2089 1768 2119 eo-

141 2166 316 2210 rumque
347 2152 614 2196 collationem
648 2154 843 2207 futuram,
888 2155 977 2196 sive
1000 2151 1127 2195 semel
1153 2165 1226 2208 per
1249 2151 1507 2194 affectionem
1532 2148 1583 2192 de
1606 2159 1688 2205 qua
1710 2151 1772 2190 est

143 2236 231 2267 can.
269 2223 380 2266 1435
414 2226 438 2278 g
472 2224 510 2278 1,
545 2223 604 2278 4⁰,
637 2225 727 2266 sive
770 2236 1080 2281 quamcumque
1124 2222 1288 2265 sibimet
1332 2218 1608 2270 reservandi;
1639 2220 1695 2262 ita
1729 2222 1771 2261 ut

144 2294 194 2338 ab
228 2294 318 2338 aliis
350 2293 641 2351 Superioribus
684 2294 977 2337 ecclesiasticis
1025 2294 1210 2337 fortassis
1242 2289 1572 2349 competentibus
1610 2304 1630 2330 (<
1654 2291 1770 2332 inva-

145 2365 225 2408 lide
258 2367 564 2408 conferantur»
604 2364 713 2422 (can.
740 2365 882 2417 1434).

266 2436 361 2481 333.
398 2439 475 2482 lus
508 2438 807 2482 ordinarium
842 2437 1088 2482 beneficia
1121 2436 1404 2482 conferendi
1454 2435 1492 2476 in
1526 2446 1616 2474 ecm.
1651 2432 1772 2474 1432

146 2509 204 2550 sic
237 2506 487 2563 generaliter
529 2507 719 2550 edicitur.
753 2506 781 2564 ἓ
813 2509 847 2549 1.
882 2505 946 2549 Ad
983 2505 1263 2558 collationem,
1308 2508 1352 2547 ut
1395 2506 1433 2546 in
1477 2502 1584 2546 tituli
1628 2503 1771 2545 inscri-

148 2580 286 2634 ptione
319 2590 419 2634 prae
451 2577 542 2620 aliis
579 2576 871 2634 Superioribus
909 2577 1013 2620 infra
1046 2576 1280 2620 Romanum
1314 2574 1570 2628 Pontificem,
1614 2575 1695 2616 imo
1733 2575 1774 2615 et

149 2648 336 2703 liberam,
370 2647 660 2704 beneficiorum
682 2647 924 2690 vacanlimn
956 2647 1008 2691 de
1040 2649 1129 2690 iure
1162 2646 1322 2699 saltem,
1349 2649 1392 2688 ut
1413 2643 1537 2688 habet
1559 2655 1651 2687 can.
1675 2641 1774 2692 151,

150 2720 245 2776 quia
283 2734 302 2759 <c
329 2720 510 2775 provisio
549 2718 671 2761 oflicii
706 2717 765 2774 (in
799 2716 1000 2761 beneficio
1034 2717 1234 2772 contenti)
1253 2715 1304 2759 de
1327 2717 1415 2758 iure
1438 2727 1518 2757 non
1546 2714 1771 2757 vacantis...

269 2825 280 2846 1
309 2823 434 2858 Santi.
464 2823 757 2858 Praelectziones
796 2822 901 2856 Iuris
939 2821 1130 2857 canonici.
1169 2821 1244 2855 Lib
1282 2820 1354 2860 ΙΙΙ,
1380 2820 1459 2853 Tit.
1487 2819 1533 2860 V,
1568 2830 1608 2852 n.
1635 2817 1691 2852 45.
1730 2837 1775 2842 —

151 2872 164 2893 '2
191 2870 275 2905 Lib.
301 2871 353 2911 II,
383 2871 462 2905 Tit.
496 2871 537 2915 V,
567 2882 647 2916 cap.
675 2872 693 2904 1
722 2871 763 2904 in
790 2870 912 2904 Clem.
