<?xml version="1.0" encoding="UTF-8"?>
<!DOCTYPE html PUBLIC "-//W3C//DTD XHTML 1.0 Transitional//EN"
    "http://www.w3.org/TR/xhtml1/DTD/xhtml1-transitional.dtd">
<html xmlns="http://www.w3.org/1999/xhtml" xml:lang="en" lang="en">
 <head>
  <title>
</title>
<meta http-equiv="Content-Type" content="text/html;charset=utf-8" />
  <meta name='ocr-system' content='tesseract 3.04.00' />
  <meta name='ocr-capabilities' content='ocr_page ocr_carea ocr_par ocr_line ocrx_word'/>
</head>
<body>
  <div class='ocr_page' id='page_1' title='image "./commentariumtext03blatuoft_0369.png"; bbox 0 0 1965 3240; ppageno 0'>
   <div class='ocr_carea' id='block_1_1' title="bbox 194 135 1696 180">
    <p class='ocr_par' dir='ltr' id='par_1_1' title="bbox 194 135 1696 180">
     <span class='ocr_line' id='line_1_1' title="bbox 194 135 1696 180; baseline -0.001 -8"><span class='ocrx_word' id='word_1_1' title='bbox 194 139 276 172; x_wconf 76' lang='lat' dir='ltr'>TlT.</span> <span class='ocrx_word' id='word_1_2' title='bbox 303 137 452 171; x_wconf 78' lang='lat' dir='ltr'>XXffl.</span> <span class='ocrx_word' id='word_1_3' title='bbox 481 157 491 162; x_wconf 97' lang='lat'><em>-</em></span> <span class='ocrx_word' id='word_1_4' title='bbox 520 137 575 171; x_wconf 82' lang='lat' dir='ltr'>De</span> <span class='ocrx_word' id='word_1_5' title='bbox 599 138 757 180; x_wconf 68' lang='lat' dir='ltr'>praecia</span> <span class='ocrx_word' id='word_1_6' title='bbox 784 146 948 169; x_wconf 72' lang='lat' dir='ltr'>censui-cz</span> <span class='ocrx_word' id='word_1_7' title='bbox 975 136 1167 169; x_wconf 70' lang='lat' dir='ltr'>librorum</span> <span class='ocrx_word' id='word_1_8' title='bbox 1195 147 1404 179; x_wconf 69' lang='lat' dir='ltr'>corumque</span> <span class='ocrx_word' id='word_1_9' title='bbox 1427 137 1577 180; x_wconf 71' lang='lat' dir='ltr'>prohib.</span> <span class='ocrx_word' id='word_1_10' title='bbox 1629 135 1696 170; x_wconf 76' lang='lat'>357</span> 
     </span>
    </p>
   </div>
   <div class='ocr_carea' id='block_1_2' title="bbox 78 203 147 210">
    <p class='ocr_par' dir='ltr' id='par_1_2' title="bbox 78 203 147 210">
     <span class='ocr_line' id='line_1_2' title="bbox 78 203 147 210; baseline 0 -5"><span class='ocrx_word' id='word_1_11' title='bbox 78 203 147 210; x_wconf 29' lang='lat' dir='ltr'>sj—w.</span> 
     </span>
    </p>
   </div>
   <div class='ocr_carea' id='block_1_3' title="bbox 49 253 1727 2943">
    <p class='ocr_par' dir='ltr' id='par_1_3' title="bbox 62 253 1727 1376">
     <span class='ocr_line' id='line_1_3' title="bbox 73 253 1701 311; baseline -0.002 -11"><span class='ocrx_word' id='word_1_12' title='bbox 73 259 282 302; x_wconf 87' lang='lat' dir='ltr'>damnatio</span> <span class='ocrx_word' id='word_1_13' title='bbox 316 255 515 299; x_wconf 92' lang='lat' dir='ltr'>librorum</span> <span class='ocrx_word' id='word_1_14' title='bbox 551 257 697 298; x_wconf 89' lang='lat' dir='ltr'>intuitu</span> <span class='ocrx_word' id='word_1_15' title='bbox 733 266 1003 310; x_wconf 87' lang='lat' dir='ltr'>personarum</span> <span class='ocrx_word' id='word_1_16' title='bbox 1038 267 1109 296; x_wconf 87' lang='lat' dir='ltr'>seu</span> <span class='ocrx_word' id='word_1_17' title='bbox 1144 253 1195 297; x_wconf 92' lang='lat' dir='ltr'>ob</span> <span class='ocrx_word' id='word_1_18' title='bbox 1229 257 1503 311; x_wconf 69' lang='lat' dir='ltr'>suspicionem</span> <span class='ocrx_word' id='word_1_19' title='bbox 1530 257 1701 307; x_wconf 87' lang='lat' dir='ltr'>erroris,</span> 
     </span>
     <span class='ocr_line' id='line_1_4' title="bbox 73 323 1697 380; baseline -0.003 -8"><span class='ocrx_word' id='word_1_20' title='bbox 73 328 142 372; x_wconf 84' lang='lat' dir='ltr'>sed</span> <span class='ocrx_word' id='word_1_21' title='bbox 178 327 333 369; x_wconf 84' lang='lat' dir='ltr'>directe</span> <span class='ocrx_word' id='word_1_22' title='bbox 368 327 524 368; x_wconf 86' lang='lat' dir='ltr'>ratione</span> <span class='ocrx_word' id='word_1_23' title='bbox 558 338 761 378; x_wconf 75' lang='lat' dir='ltr'>errorum,</span> <span class='ocrx_word' id='word_1_24' title='bbox 793 323 973 367; x_wconf 85' lang='lat' dir='ltr'>scilicet:</span> <span class='ocrx_word' id='word_1_25' title='bbox 1004 323 1135 367; x_wconf 89' lang='lat' dir='ltr'>«libri</span> <span class='ocrx_word' id='word_1_26' title='bbox 1158 342 1176 363; x_wconf 83' lang='lat'>»</span> <span class='ocrx_word' id='word_1_27' title='bbox 1205 324 1246 380; x_wconf 84' lang='lat' dir='ltr'>a)</span> <span class='ocrx_word' id='word_1_28' title='bbox 1281 324 1485 367; x_wconf 69' lang='lat' dir='ltr'>seam-esim</span> <span class='ocrx_word' id='word_1_29' title='bbox 1519 339 1589 367; x_wconf 86' lang='lat' dir='ltr'>seu</span> <span class='ocrx_word' id='word_1_30' title='bbox 1636 339 1697 367; x_wconf 89' lang='lat' dir='ltr'>er-</span> 
     </span>
     <span class='ocr_line' id='line_1_5' title="bbox 75 394 1699 452; baseline -0.001 -11"><span class='ocrx_word' id='word_1_31' title='bbox 75 412 207 442; x_wconf 90' lang='lat' dir='ltr'>rorem</span> <span class='ocrx_word' id='word_1_32' title='bbox 243 402 383 441; x_wconf 84' lang='lat' dir='ltr'>contra</span> <span class='ocrx_word' id='word_1_33' title='bbox 420 396 541 439; x_wconf 90' lang='lat' dir='ltr'>tidem</span> <span class='ocrx_word' id='word_1_34' title='bbox 568 396 751 438; x_wconf 68' lang='lat' dir='ltr'>divinam</span> <span class='ocrx_word' id='word_1_35' title='bbox 786 399 825 438; x_wconf 89' lang='lat' dir='ltr'>et</span> <span class='ocrx_word' id='word_1_36' title='bbox 849 394 1111 449; x_wconf 81' lang='lat' dir='ltr'>catholicam,</span> <span class='ocrx_word' id='word_1_37' title='bbox 1139 395 1181 452; x_wconf 87' lang='lat' dir='ltr'>b)</span> <span class='ocrx_word' id='word_1_38' title='bbox 1217 395 1277 437; x_wconf 74' lang='lat' dir='ltr'>rel</span> <span class='ocrx_word' id='word_1_39' title='bbox 1309 395 1490 438; x_wconf 48' lang='lat' dir='ltr'>sullis-mo</span> <span class='ocrx_word' id='word_1_40' title='bbox 1527 410 1699 452; x_wconf 86' lang='lat' dir='ltr'>nempe:</span> 
     </span>
     <span class='ocr_line' id='line_1_6' title="bbox 72 466 1700 513; baseline -0.002 0"><span class='ocrx_word' id='word_1_41' title='bbox 72 471 364 513; x_wconf 85' lang='lat' dir='ltr'>discessionem</span> <span class='ocrx_word' id='word_1_42' title='bbox 400 481 420 510; x_wconf 91' lang='lat' dir='ltr'>a</span> <span class='ocrx_word' id='word_1_43' title='bbox 458 467 643 511; x_wconf 82' lang='lat' dir='ltr'>Romano</span> <span class='ocrx_word' id='word_1_44' title='bbox 680 467 876 509; x_wconf 79' lang='lat' dir='ltr'>l&#39;ontilice</span> <span class='ocrx_word' id='word_1_45' title='bbox 907 471 977 509; x_wconf 92' lang='lat' dir='ltr'>aut</span> <span class='ocrx_word' id='word_1_46' title='bbox 1020 478 1040 508; x_wconf 86' lang='lat' dir='ltr'>a</span> <span class='ocrx_word' id='word_1_47' title='bbox 1077 466 1275 510; x_wconf 83' lang='lat' dir='ltr'>membris</span> <span class='ocrx_word' id='word_1_48' title='bbox 1308 466 1518 510; x_wconf 70' lang='lat' dir='ltr'>Ecclesiae</span> <span class='ocrx_word' id='word_1_49' title='bbox 1543 470 1577 510; x_wconf 89' lang='lat' dir='ltr'>ei</span> <span class='ocrx_word' id='word_1_50' title='bbox 1604 467 1700 510; x_wconf 83' lang='lat' dir='ltr'>sub-</span> 
     </span>
     <span class='ocr_line' id='line_1_7' title="bbox 74 537 1699 598; baseline -0.001 -16"><span class='ocrx_word' id='word_1_51' title='bbox 74 543 201 591; x_wconf 79' lang='lat' dir='ltr'>iectis,</span> <span class='ocrx_word' id='word_1_52' title='bbox 235 544 566 598; x_wconf 60' lang='lat' dir='ltr'>propinquantes,</span> <span class='ocrx_word' id='word_1_53' title='bbox 601 538 709 595; x_wconf 73' lang='lat' dir='ltr'>quod</span> <span class='ocrx_word' id='word_1_54' title='bbox 750 537 923 580; x_wconf 73' lang='lat' dir='ltr'>vei-buin</span> <span class='ocrx_word' id='word_1_55' title='bbox 965 550 1042 579; x_wconf 92' lang='lat' dir='ltr'>non</span> <span class='ocrx_word' id='word_1_56' title='bbox 1078 539 1282 593; x_wconf 82' lang='lat' dir='ltr'>signiticat</span> <span class='ocrx_word' id='word_1_57' title='bbox 1328 538 1460 581; x_wconf 86' lang='lat' dir='ltr'>obiter</span> <span class='ocrx_word' id='word_1_58' title='bbox 1509 543 1699 585; x_wconf 76' lang='lat' dir='ltr'>tractare,</span> 
     </span>
     <span class='ocr_line' id='line_1_8' title="bbox 70 608 1699 662; baseline -0.002 -7"><span class='ocrx_word' id='word_1_59' title='bbox 70 613 139 655; x_wconf 88' lang='lat' dir='ltr'>sed</span> <span class='ocrx_word' id='word_1_60' title='bbox 171 626 218 655; x_wconf 79' lang='lat' dir='ltr'>ex</span> <span class='ocrx_word' id='word_1_61' title='bbox 247 614 430 654; x_wconf 88' lang='lat' dir='ltr'>instituto</span> <span class='ocrx_word' id='word_1_62' title='bbox 454 623 666 653; x_wconf 84' lang='lat' dir='ltr'>assumere</span> <span class='ocrx_word' id='word_1_63' title='bbox 691 610 972 652; x_wconf 73' lang='lat' dir='ltr'>defensionem</span> <span class='ocrx_word' id='word_1_64' title='bbox 998 608 1182 651; x_wconf 87' lang='lat' dir='ltr'>haeresis</span> <span class='ocrx_word' id='word_1_65' title='bbox 1204 614 1271 651; x_wconf 91' lang='lat' dir='ltr'>aut</span> <span class='ocrx_word' id='word_1_66' title='bbox 1296 609 1543 662; x_wconf 74' lang='lat' dir='ltr'>schismatis,</span> <span class='ocrx_word' id='word_1_67' title='bbox 1567 615 1602 662; x_wconf 91' lang='lat' dir='ltr'>c)</span> <span class='ocrx_word' id='word_1_68' title='bbox 1626 616 1699 651; x_wconf 70' lang='lat' dir='ltr'>rint</span> 
     </span>
     <span class='ocr_line' id='line_1_9' title="bbox 72 677 1694 739; baseline -0.002 -15"><span class='ocrx_word' id='word_1_69' title='bbox 72 682 162 739; x_wconf 74' lang='lat' dir='ltr'>ipsa</span> <span class='ocrx_word' id='word_1_70' title='bbox 197 681 418 738; x_wconf 71' lang='lat' dir='ltr'>1·eliyi0ni.s·</span> <span class='ocrx_word' id='word_1_71' title='bbox 472 693 594 723; x_wconf 68' lang='lat' dir='ltr'>verae</span> <span class='ocrx_word' id='word_1_72' title='bbox 627 693 697 722; x_wconf 84' lang='lat' dir='ltr'>seu</span> <span class='ocrx_word' id='word_1_73' title='bbox 733 678 1060 735; x_wconf 87' lang='lat' dir='ltr'>supernaturalis</span> <span class='ocrx_word' id='word_1_74' title='bbox 1092 677 1371 735; x_wconf 68' lang='lat' dir='ltr'>simulamenta</span> <span class='ocrx_word' id='word_1_75' title='bbox 1406 693 1554 736; x_wconf 90' lang='lat' dir='ltr'>nempe</span> <span class='ocrx_word' id='word_1_76' title='bbox 1591 683 1694 723; x_wconf 71' lang='lat' dir='ltr'>reri-</span> 
     </span>
     <span class='ocr_line' id='line_1_10' title="bbox 71 749 1691 809; baseline -0.002 -13"><span class='ocrx_word' id='word_1_77' title='bbox 71 759 172 798; x_wconf 88' lang='lat' dir='ltr'>tates</span> <span class='ocrx_word' id='word_1_78' title='bbox 192 753 286 796; x_wconf 76' lang='grc'><strong>111161</strong></span> <span class='ocrx_word' id='word_1_79' title='bbox 313 751 614 809; x_wconf 75' lang='lat' dir='ltr'>praeamlmlas,</span> <span class='ocrx_word' id='word_1_80' title='bbox 641 756 681 793; x_wconf 93' lang='lat' dir='ltr'>ut</span> <span class='ocrx_word' id='word_1_81' title='bbox 708 756 802 807; x_wconf 91' lang='lat' dir='ltr'>puta</span> <span class='ocrx_word' id='word_1_82' title='bbox 826 749 1160 806; x_wconf 76' lang='lat' dir='ltr'>spiritualitatem</span> <span class='ocrx_word' id='word_1_83' title='bbox 1181 753 1358 803; x_wconf 80' lang='lat' dir='ltr'>animae,</span> <span class='ocrx_word' id='word_1_84' title='bbox 1378 756 1446 793; x_wconf 91' lang='lat' dir='ltr'>aut</span> <span class='ocrx_word' id='word_1_85' title='bbox 1478 753 1691 794; x_wconf 61' lang='lat' dir='ltr'>veritatem</span> 
     </span>
     <span class='ocr_line' id='line_1_11' title="bbox 70 821 1692 878; baseline -0.002 -10"><span class='ocrx_word' id='word_1_86' title='bbox 70 824 284 868; x_wconf 89' lang='lat' dir='ltr'>Librorum</span> <span class='ocrx_word' id='word_1_87' title='bbox 324 822 480 866; x_wconf 75' lang='lat' dir='ltr'>Veteris</span> <span class='ocrx_word' id='word_1_88' title='bbox 512 822 775 875; x_wconf 67' lang='lat' dir='ltr'>Testamenti,</span> <span class='ocrx_word' id='word_1_89' title='bbox 801 826 870 864; x_wconf 90' lang='lat' dir='ltr'>aut</span> <span class='ocrx_word' id='word_1_90' title='bbox 905 824 1012 878; x_wconf 87' lang='lat' dir='ltr'>ipsas</span> <span class='ocrx_word' id='word_1_91' title='bbox 1048 824 1242 864; x_wconf 80' lang='lat' dir='ltr'>veritates</span> <span class='ocrx_word' id='word_1_92' title='bbox 1266 822 1316 865; x_wconf 91' lang='lat' dir='ltr'>de</span> <span class='ocrx_word' id='word_1_93' title='bbox 1343 835 1440 864; x_wconf 77' lang='lat' dir='ltr'>vera</span> <span class='ocrx_word' id='word_1_94' title='bbox 1468 821 1692 877; x_wconf 67' lang='lat' dir='ltr'>Religione,</span> 
     </span>
     <span class='ocr_line' id='line_1_12' title="bbox 68 893 1694 950; baseline -0.002 -11"><span class='ocrx_word' id='word_1_95' title='bbox 68 897 117 940; x_wconf 89' lang='lat' dir='ltr'>de</span> <span class='ocrx_word' id='word_1_96' title='bbox 154 908 250 939; x_wconf 75' lang='lat' dir='ltr'>vera</span> <span class='ocrx_word' id='word_1_97' title='bbox 283 894 432 939; x_wconf 84' lang='lat' dir='ltr'>Christi</span> <span class='ocrx_word' id='word_1_98' title='bbox 458 893 656 944; x_wconf 70' lang='lat' dir='ltr'>Ecclesia,</span> <span class='ocrx_word' id='word_1_99' title='bbox 684 898 822 949; x_wconf 78' lang='lat' dir='ltr'>utpote</span> <span class='ocrx_word' id='word_1_100' title='bbox 856 905 961 950; x_wconf 82' lang='lat' dir='ltr'>quae</span> <span class='ocrx_word' id='word_1_101' title='bbox 984 895 1195 936; x_wconf 77' lang='lat' dir='ltr'>continent</span> <span class='ocrx_word' id='word_1_102' title='bbox 1221 895 1374 935; x_wconf 75' lang='lat' dir='ltr'>motiva</span> <span class='ocrx_word' id='word_1_103' title='bbox 1406 893 1694 936; x_wconf 87' lang='lat' dir='ltr'>credibilitatis</span> 
     </span>
     <span class='ocr_line' id='line_1_13' title="bbox 69 964 1727 1022; baseline 0.001 -12"><span class='ocrx_word' id='word_1_104' title='bbox 69 973 230 1010; x_wconf 89' lang='lat' dir='ltr'>nostrae</span> <span class='ocrx_word' id='word_1_105' title='bbox 264 966 503 1022; x_wconf 66' lang='lat' dir='ltr'>Religionis,</span> <span class='ocrx_word' id='word_1_106' title='bbox 538 979 699 1022; x_wconf 72' lang='lat' dir='ltr'>quoquo</span> <span class='ocrx_word' id='word_1_107' title='bbox 735 964 867 1018; x_wconf 82' lang='lat' dir='ltr'>modo,</span> <span class='ocrx_word' id='word_1_108' title='bbox 901 964 1009 1021; x_wconf 74' lang='lat' dir='ltr'>(prod</span> <span class='ocrx_word' id='word_1_109' title='bbox 1044 968 1202 1020; x_wconf 88' lang='lat' dir='ltr'>spectat</span> <span class='ocrx_word' id='word_1_110' title='bbox 1235 964 1284 1007; x_wconf 86' lang='lat' dir='ltr'>ad</span> <span class='ocrx_word' id='word_1_111' title='bbox 1320 966 1562 1019; x_wconf 83' lang='lat' dir='ltr'>omnigenas</span> <span class='ocrx_word' id='word_1_112' title='bbox 1586 969 1695 1008; x_wconf 80' lang='lat' dir='ltr'>artes</span> <span class='ocrx_word' id='word_1_113' title='bbox 1724 1009 1727 1011; x_wconf 74' lang='grc'>,</span> 
     </span>
     <span class='ocr_line' id='line_1_14' title="bbox 67 1035 1692 1096; baseline 0 -17"><span class='ocrx_word' id='word_1_114' title='bbox 67 1038 216 1096; x_wconf 78' lang='lat' dir='ltr'>quibus</span> <span class='ocrx_word' id='word_1_115' title='bbox 248 1051 410 1081; x_wconf 89' lang='lat' dir='ltr'>errores</span> <span class='ocrx_word' id='word_1_116' title='bbox 445 1040 703 1093; x_wconf 78' lang='lat' dir='ltr'>ingeruntur,</span> <span class='ocrx_word' id='word_1_117' title='bbox 740 1049 908 1092; x_wconf 90' lang='lat' dir='ltr'>nempe:</span> <span class='ocrx_word' id='word_1_118' title='bbox 938 1035 999 1078; x_wconf 74' lang='lat' dir='ltr'>vet</span> <span class='ocrx_word' id='word_1_119' title='bbox 1035 1035 1335 1091; x_wconf 60' lang='lat' dir='ltr'>disceff‘itatione</span> <span class='ocrx_word' id='word_1_120' title='bbox 1370 1035 1602 1090; x_wconf 71' lang='lat' dir='ltr'>doctrinali,</span> <span class='ocrx_word' id='word_1_121' title='bbox 1630 1036 1692 1079; x_wconf 74' lang='lat' dir='ltr'>rel</span> 
     </span>
     <span class='ocr_line' id='line_1_15' title="bbox 65 1105 1694 1165; baseline -0.001 -13"><span class='ocrx_word' id='word_1_122' title='bbox 65 1114 226 1165; x_wconf 65' lang='lat' dir='ltr'>satyras</span> <span class='ocrx_word' id='word_1_123' title='bbox 258 1108 492 1162; x_wconf 72' lang='lat' dir='ltr'>scribendo,</span> <span class='ocrx_word' id='word_1_124' title='bbox 518 1112 585 1150; x_wconf 90' lang='lat' dir='ltr'>aut</span> <span class='ocrx_word' id='word_1_125' title='bbox 622 1108 845 1163; x_wconf 81' lang='lat' dir='ltr'>ingeniosis</span> <span class='ocrx_word' id='word_1_126' title='bbox 878 1107 1065 1149; x_wconf 84' lang='lat' dir='ltr'>contictis</span> <span class='ocrx_word' id='word_1_127' title='bbox 1098 1105 1259 1159; x_wconf 58' lang='lat' dir='ltr'>sabulis</span> <span class='ocrx_word' id='word_1_128' title='bbox 1285 1110 1355 1148; x_wconf 88' lang='lat' dir='ltr'>aut</span> <span class='ocrx_word' id='word_1_129' title='bbox 1388 1106 1694 1150; x_wconf 77' lang='lat' dir='ltr'>narrationibus</span> 
     </span>
     <span class='ocr_line' id='line_1_16' title="bbox 66 1178 1692 1234; baseline -0.002 -11"><span class='ocrx_word' id='word_1_130' title='bbox 66 1179 393 1233; x_wconf 74' lang='lat' dir='ltr'>romanensibus,</span> <span class='ocrx_word' id='word_1_131' title='bbox 417 1179 569 1222; x_wconf 87' lang='lat' dir='ltr'>additis</span> <span class='ocrx_word' id='word_1_132' title='bbox 593 1181 714 1221; x_wconf 91' lang='lat' dir='ltr'>etiam</span> <span class='ocrx_word' id='word_1_133' title='bbox 752 1179 896 1234; x_wconf 84' lang='lat' dir='ltr'>liguris</span> <span class='ocrx_word' id='word_1_134' title='bbox 920 1182 1041 1234; x_wconf 89' lang='lat' dir='ltr'>prout</span> <span class='ocrx_word' id='word_1_135' title='bbox 1065 1191 1153 1220; x_wconf 89' lang='lat' dir='ltr'>mos</span> <span class='ocrx_word' id='word_1_136' title='bbox 1177 1178 1267 1229; x_wconf 81' lang='lat' dir='ltr'>fert,</span> <span class='ocrx_word' id='word_1_137' title='bbox 1293 1183 1477 1221; x_wconf 74' lang='lat' dir='ltr'>evertere</span> <span class='ocrx_word' id='word_1_138' title='bbox 1501 1178 1692 1232; x_wconf 73' lang='lat' dir='ltr'>nitentes,</span> 
     </span>
     <span class='ocr_line' id='line_1_17' title="bbox 64 1248 1693 1310; baseline 0.001 -18"><span class='ocrx_word' id='word_1_139' title='bbox 64 1256 263 1310; x_wconf 81' lang='lat' dir='ltr'>quantum</span> <span class='ocrx_word' id='word_1_140' title='bbox 300 1251 490 1308; x_wconf 77' lang='lat' dir='ltr'>prudenti</span> <span class='ocrx_word' id='word_1_141' title='bbox 529 1252 616 1293; x_wconf 65' lang='lat' dir='ltr'>viro</span> <span class='ocrx_word' id='word_1_142' title='bbox 651 1264 698 1293; x_wconf 84' lang='lat' dir='ltr'>ex</span> <span class='ocrx_word' id='word_1_143' title='bbox 736 1252 822 1306; x_wconf 89' lang='lat' dir='ltr'>ipso</span> <span class='ocrx_word' id='word_1_144' title='bbox 857 1248 960 1292; x_wconf 90' lang='lat' dir='ltr'>libro</span> <span class='ocrx_word' id='word_1_145' title='bbox 1006 1250 1158 1305; x_wconf 75' lang='lat' dir='ltr'>patetit,</span> <span class='ocrx_word' id='word_1_146' title='bbox 1191 1249 1468 1293; x_wconf 75' lang='lat' dir='ltr'>abstractione</span> <span class='ocrx_word' id='word_1_147' title='bbox 1503 1252 1607 1293; x_wconf 85' lang='lat' dir='ltr'>sacta</span> <span class='ocrx_word' id='word_1_148' title='bbox 1642 1249 1693 1293; x_wconf 93' lang='lat' dir='ltr'>ab</span> 
     </span>
     <span class='ocr_line' id='line_1_18' title="bbox 62 1320 1690 1376; baseline -0.002 -10"><span class='ocrx_word' id='word_1_149' title='bbox 62 1325 243 1367; x_wconf 87' lang='lat' dir='ltr'>auctoris</span> <span class='ocrx_word' id='word_1_150' title='bbox 277 1325 514 1366; x_wconf 89' lang='lat' dir='ltr'>intentione.</span> <span class='ocrx_word' id='word_1_151' title='bbox 550 1322 609 1365; x_wconf 78' lang='lat' dir='ltr'>Ac</span> <span class='ocrx_word' id='word_1_152' title='bbox 644 1321 762 1373; x_wconf 85' lang='lat' dir='ltr'>plene</span> <span class='ocrx_word' id='word_1_153' title='bbox 796 1321 1021 1364; x_wconf 84' lang='lat' dir='ltr'>concordat</span> <span class='ocrx_word' id='word_1_154' title='bbox 1064 1322 1141 1363; x_wconf 91' lang='lat' dir='ltr'>iuri</span> <span class='ocrx_word' id='word_1_155' title='bbox 1183 1321 1446 1376; x_wconf 80' lang='lat' dir='ltr'>praecedenti</span> <span class='ocrx_word' id='word_1_156' title='bbox 1482 1320 1690 1364; x_wconf 80' lang='lat' dir='ltr'>Codicem.</span> 
     </span>
    </p>

    <p class='ocr_par' dir='ltr' id='par_1_4' title="bbox 57 1391 1692 2149">
     <span class='ocr_line' id='line_1_19' title="bbox 178 1391 1689 1456; baseline -0.001 -20"><span class='ocrx_word' id='word_1_157' title='bbox 178 1396 241 1456; x_wconf 71' lang='lat'>3⁰:</span> <span class='ocrx_word' id='word_1_158' title='bbox 280 1393 407 1447; x_wconf 69' lang='lat' dir='ltr'>Libri,</span> <span class='ocrx_word' id='word_1_159' title='bbox 452 1406 545 1436; x_wconf 86' lang='lat' dir='ltr'>oum</span> <span class='ocrx_word' id='word_1_160' title='bbox 591 1395 628 1435; x_wconf 93' lang='lat' dir='ltr'>in</span> <span class='ocrx_word' id='word_1_161' title='bbox 667 1391 777 1436; x_wconf 81' lang='lat' dir='ltr'>Dec.S</span> <span class='ocrx_word' id='word_1_162' title='bbox 809 1398 966 1448; x_wconf 83' lang='lat' dir='ltr'>gener.s</span> <span class='ocrx_word' id='word_1_163' title='bbox 997 1391 1128 1435; x_wconf 90' lang='lat' dir='ltr'>solum</span> <span class='ocrx_word' id='word_1_164' title='bbox 1175 1394 1489 1435; x_wconf 82' lang='lat' dir='ltr'>nominarentur</span> <span class='ocrx_word' id='word_1_165' title='bbox 1524 1392 1580 1449; x_wconf 91' lang='lat' dir='ltr'>(u.</span> <span class='ocrx_word' id='word_1_166' title='bbox 1618 1392 1689 1449; x_wconf 66' lang='lat'>21)</span> 
     </span>
     <span class='ocr_line' id='line_1_20' title="bbox 66 1463 1692 1521; baseline -0.001 -14"><span class='ocrx_word' id='word_1_167' title='bbox 66 1465 250 1516; x_wconf 71' lang='lat' dir='ltr'>«diaria,</span> <span class='ocrx_word' id='word_1_168' title='bbox 286 1465 393 1519; x_wconf 73' lang='lat' dir='ltr'>folia,</span> <span class='ocrx_word' id='word_1_169' title='bbox 427 1469 465 1507; x_wconf 90' lang='lat' dir='ltr'>et</span> <span class='ocrx_word' id='word_1_170' title='bbox 500 1463 625 1507; x_wconf 90' lang='lat' dir='ltr'>libelli</span> <span class='ocrx_word' id='word_1_171' title='bbox 662 1463 858 1519; x_wconf 88' lang='lat' dir='ltr'>periodici</span> <span class='ocrx_word' id='word_1_172' title='bbox 880 1480 919 1513; x_wconf 82' lang='grc'>»,</span> <span class='ocrx_word' id='word_1_173' title='bbox 944 1464 1015 1521; x_wconf 78' lang='lat' dir='ltr'>qm&#39;</span> <span class='ocrx_word' id='word_1_174' title='bbox 1047 1465 1085 1509; x_wconf 71' lang='lat' dir='ltr'>a‘t</span> <span class='ocrx_word' id='word_1_175' title='bbox 1109 1463 1353 1519; x_wconf 63' lang='lat' dir='ltr'>reliqionem</span> <span class='ocrx_word' id='word_1_176' title='bbox 1387 1477 1458 1506; x_wconf 88' lang='lat' dir='ltr'>seu</span> <span class='ocrx_word' id='word_1_177' title='bbox 1497 1466 1692 1506; x_wconf 86' lang='lat' dir='ltr'>veritates</span> 
     </span>
     <span class='ocr_line' id='line_1_21' title="bbox 63 1533 1690 1593; baseline -0.001 -15"><span class='ocrx_word' id='word_1_178' title='bbox 63 1539 308 1593; x_wconf 81' lang='lat' dir='ltr'>praximque</span> <span class='ocrx_word' id='word_1_179' title='bbox 342 1536 586 1579; x_wconf 84' lang='lat' dir='ltr'>relationum</span> <span class='ocrx_word' id='word_1_180' title='bbox 622 1535 799 1578; x_wconf 88' lang='lat' dir='ltr'>hominis</span> <span class='ocrx_word' id='word_1_181' title='bbox 823 1548 922 1590; x_wconf 79' lang='lat' dir='ltr'>erga</span> <span class='ocrx_word' id='word_1_182' title='bbox 946 1535 1075 1578; x_wconf 87' lang='lat' dir='ltr'>Deum</span> <span class='ocrx_word' id='word_1_183' title='bbox 1111 1537 1233 1578; x_wconf 89' lang='lat' dir='ltr'>etiam</span> <span class='ocrx_word' id='word_1_184' title='bbox 1260 1534 1525 1585; x_wconf 89' lang='lat' dir='ltr'>naturalium,</span> <span class='ocrx_word' id='word_1_185' title='bbox 1551 1533 1592 1591; x_wconf 86' lang='lat' dir='ltr'>b)</span> <span class='ocrx_word' id='word_1_186' title='bbox 1617 1539 1690 1577; x_wconf 73' lang='lat' dir='ltr'>out</span> 
     </span>
     <span class='ocr_line' id='line_1_22' title="bbox 59 1606 1689 1665; baseline 0.001 -17"><span class='ocrx_word' id='word_1_187' title='bbox 59 1606 183 1650; x_wconf 73' lang='lat' dir='ltr'>bonos</span> <span class='ocrx_word' id='word_1_188' title='bbox 217 1621 362 1658; x_wconf 53' lang='lat' dir='ltr'>moresq</span> <span class='ocrx_word' id='word_1_189' title='bbox 396 1610 465 1665; x_wconf 79' lang='lat' dir='ltr'>qui</span> <span class='ocrx_word' id='word_1_190' title='bbox 500 1607 699 1664; x_wconf 81' lang='lat' dir='ltr'>decalogo</span> <span class='ocrx_word' id='word_1_191' title='bbox 732 1610 1008 1661; x_wconf 76' lang='lat' dir='ltr'>eontinentur,</span> <span class='ocrx_word' id='word_1_192' title='bbox 1041 1606 1143 1649; x_wconf 77' lang='lat' dir='ltr'>dala</span> <span class='ocrx_word' id='word_1_193' title='bbox 1177 1611 1379 1664; x_wconf 79' lang='lat' dir='ltr'>opera‚et</span> <span class='ocrx_word' id='word_1_194' title='bbox 1411 1607 1460 1649; x_wconf 91' lang='lat' dir='ltr'>ad</span> <span class='ocrx_word' id='word_1_195' title='bbox 1498 1606 1573 1649; x_wconf 90' lang='lat' dir='ltr'>hoc</span> <span class='ocrx_word' id='word_1_196' title='bbox 1606 1607 1689 1649; x_wconf 86' lang='lat' dir='ltr'>suf-</span> 
     </span>
     <span class='ocr_line' id='line_1_23' title="bbox 60 1678 1691 1737; baseline 0.001 -18"><span class='ocrx_word' id='word_1_197' title='bbox 60 1678 143 1721; x_wconf 86' lang='lat' dir='ltr'>licit</span> <span class='ocrx_word' id='word_1_198' title='bbox 165 1678 275 1735; x_wconf 85' lang='lat' dir='ltr'>quod</span> <span class='ocrx_word' id='word_1_199' title='bbox 311 1679 550 1736; x_wconf 83' lang='lat' dir='ltr'>frequenter</span> <span class='ocrx_word' id='word_1_200' title='bbox 575 1678 794 1736; x_wconf 73' lang='lat' dir='ltr'>impetunt,</span> <span class='ocrx_word' id='word_1_201' title='bbox 831 1678 872 1737; x_wconf 26' lang='lat' dir='ltr'>id!</span> <span class='ocrx_word' id='word_1_202' title='bbox 905 1684 965 1721; x_wconf 87' lang='lat' dir='ltr'>est</span> <span class='ocrx_word' id='word_1_203' title='bbox 989 1678 1039 1720; x_wconf 89' lang='lat' dir='ltr'>de</span> <span class='ocrx_word' id='word_1_204' title='bbox 1073 1681 1177 1721; x_wconf 89' lang='lat' dir='ltr'>lacto</span> <span class='ocrx_word' id='word_1_205' title='bbox 1203 1679 1312 1720; x_wconf 80' lang='lat' dir='ltr'>noxii</span> <span class='ocrx_word' id='word_1_206' title='bbox 1337 1682 1429 1720; x_wconf 90' lang='lat' dir='ltr'>sunt</span> <span class='ocrx_word' id='word_1_207' title='bbox 1454 1690 1551 1733; x_wconf 85' lang='lat' dir='ltr'>erga</span> <span class='ocrx_word' id='word_1_208' title='bbox 1578 1689 1691 1733; x_wconf 88' lang='lat' dir='ltr'>prae-</span> 
     </span>
     <span class='ocr_line' id='line_1_24' title="bbox 58 1748 1688 1806; baseline 0 -16"><span class='ocrx_word' id='word_1_209' title='bbox 58 1748 179 1793; x_wconf 90' lang='lat' dir='ltr'>dicta.</span> <span class='ocrx_word' id='word_1_210' title='bbox 225 1748 338 1793; x_wconf 87' lang='lat' dir='ltr'>Tunc</span> <span class='ocrx_word' id='word_1_211' title='bbox 391 1763 491 1806; x_wconf 87' lang='lat' dir='ltr'>ergo</span> <span class='ocrx_word' id='word_1_212' title='bbox 542 1749 767 1806; x_wconf 87' lang='lat' dir='ltr'>publicatio</span> <span class='ocrx_word' id='word_1_213' title='bbox 817 1752 915 1805; x_wconf 72' lang='lat' dir='ltr'>ipsa,</span> <span class='ocrx_word' id='word_1_214' title='bbox 966 1763 1044 1792; x_wconf 90' lang='lat' dir='ltr'>non</span> <span class='ocrx_word' id='word_1_215' title='bbox 1093 1749 1225 1792; x_wconf 88' lang='lat' dir='ltr'>solum</span> <span class='ocrx_word' id='word_1_216' title='bbox 1271 1749 1311 1791; x_wconf 90' lang='lat' dir='ltr'>hi</span> <span class='ocrx_word' id='word_1_217' title='bbox 1360 1748 1484 1792; x_wconf 72' lang='lat' dir='ltr'>aliive</span> <span class='ocrx_word' id='word_1_218' title='bbox 1529 1750 1688 1791; x_wconf 88' lang='lat' dir='ltr'>numeri</span> 
     </span>
     <span class='ocr_line' id='line_1_25' title="bbox 57 1819 1690 1876; baseline 0.001 -16"><span class='ocrx_word' id='word_1_219' title='bbox 57 1819 220 1862; x_wconf 88' lang='lat' dir='ltr'>diarii...</span> <span class='ocrx_word' id='word_1_220' title='bbox 255 1826 347 1873; x_wconf 82' lang='lat' dir='ltr'>etc.,</span> <span class='ocrx_word' id='word_1_221' title='bbox 373 1819 657 1876; x_wconf 77' lang='lat' dir='ltr'>proscribitur,</span> <span class='ocrx_word' id='word_1_222' title='bbox 684 1822 759 1863; x_wconf 92' lang='lat' dir='ltr'>nisi</span> <span class='ocrx_word' id='word_1_223' title='bbox 795 1824 885 1876; x_wconf 86' lang='lat' dir='ltr'>post</span> <span class='ocrx_word' id='word_1_224' title='bbox 918 1820 1251 1863; x_wconf 87' lang='lat' dir='ltr'>emendationem</span> <span class='ocrx_word' id='word_1_225' title='bbox 1278 1819 1380 1863; x_wconf 89' lang='lat' dir='ltr'>haec</span> <span class='ocrx_word' id='word_1_226' title='bbox 1404 1823 1548 1863; x_wconf 84' lang='lat' dir='ltr'>cesset.</span> <span class='ocrx_word' id='word_1_227' title='bbox 1576 1819 1690 1861; x_wconf 87' lang='lat' dir='ltr'>Prae-</span> 
     </span>
     <span class='ocr_line' id='line_1_26' title="bbox 58 1890 1686 1947; baseline 0.001 -15"><span class='ocrx_word' id='word_1_228' title='bbox 58 1890 154 1933; x_wconf 90' lang='lat' dir='ltr'>dicti</span> <span class='ocrx_word' id='word_1_229' title='bbox 190 1904 290 1947; x_wconf 89' lang='lat' dir='ltr'>ergo</span> <span class='ocrx_word' id='word_1_230' title='bbox 328 1904 448 1934; x_wconf 90' lang='lat' dir='ltr'>«non</span> <span class='ocrx_word' id='word_1_231' title='bbox 483 1891 615 1934; x_wconf 89' lang='lat' dir='ltr'>solum</span> <span class='ocrx_word' id='word_1_232' title='bbox 652 1891 843 1945; x_wconf 76' lang='lat' dir='ltr'>naturali,</span> <span class='ocrx_word' id='word_1_233' title='bbox 867 1891 937 1936; x_wconf 92' lang='lat' dir='ltr'>sed</span> <span class='ocrx_word' id='word_1_234' title='bbox 963 1894 1087 1934; x_wconf 86' lang='lat' dir='ltr'>etiam</span> <span class='ocrx_word' id='word_1_235' title='bbox 1112 1891 1393 1934; x_wconf 86' lang='lat' dir='ltr'>ecclesiastico</span> <span class='ocrx_word' id='word_1_236' title='bbox 1429 1893 1516 1934; x_wconf 90' lang='lat' dir='ltr'>iure</span> <span class='ocrx_word' id='word_1_237' title='bbox 1551 1890 1686 1947; x_wconf 89' lang='lat' dir='ltr'>prohi-</span> 
     </span>
     <span class='ocr_line' id='line_1_27' title="bbox 59 1960 1686 2019; baseline 0.001 -16"><span class='ocrx_word' id='word_1_238' title='bbox 59 1960 128 2004; x_wconf 89' lang='lat' dir='ltr'>biti</span> <span class='ocrx_word' id='word_1_239' title='bbox 154 1960 440 2005; x_wconf 83' lang='lat' dir='ltr'>habeantur».</span> <span class='ocrx_word' id='word_1_240' title='bbox 469 1962 638 2019; x_wconf 78' lang='lat' dir='ltr'>l&#39;ropter</span> <span class='ocrx_word' id='word_1_241' title='bbox 663 1965 1041 2019; x_wconf 85' lang='lat' dir='ltr'>praesumptionem</span> <span class='ocrx_word' id='word_1_242' title='bbox 1068 1976 1166 2019; x_wconf 80' lang='lat' dir='ltr'>ergo</span> <span class='ocrx_word' id='word_1_243' title='bbox 1193 1963 1363 2019; x_wconf 87' lang='lat' dir='ltr'>periculi</span> <span class='ocrx_word' id='word_1_244' title='bbox 1390 1967 1526 2005; x_wconf 90' lang='lat' dir='ltr'>manet</span> <span class='ocrx_word' id='word_1_245' title='bbox 1551 1961 1686 2019; x_wconf 87' lang='lat' dir='ltr'>prohi-</span> 
     </span>
     <span class='ocr_line' id='line_1_28' title="bbox 58 2030 1688 2090; baseline 0.002 -16"><span class='ocrx_word' id='word_1_246' title='bbox 58 2030 155 2075; x_wconf 86' lang='lat' dir='ltr'>bitio</span> <span class='ocrx_word' id='word_1_247' title='bbox 190 2031 269 2075; x_wconf 90' lang='lat' dir='ltr'>illis</span> <span class='ocrx_word' id='word_1_248' title='bbox 301 2046 467 2090; x_wconf 81' lang='lat' dir='ltr'>quoque</span> <span class='ocrx_word' id='word_1_249' title='bbox 502 2032 708 2088; x_wconf 80' lang='lat' dir='ltr'>fidelibus,</span> <span class='ocrx_word' id='word_1_250' title='bbox 734 2036 803 2090; x_wconf 84' lang='lat' dir='ltr'>qui</span> <span class='ocrx_word' id='word_1_251' title='bbox 840 2047 918 2076; x_wconf 91' lang='lat' dir='ltr'>non</span> <span class='ocrx_word' id='word_1_252' title='bbox 946 2036 1270 2090; x_wconf 84' lang='lat' dir='ltr'>praesentientes</span> <span class='ocrx_word' id='word_1_253' title='bbox 1305 2034 1418 2088; x_wconf 71' lang='lat' dir='ltr'>utini,</span> <span class='ocrx_word' id='word_1_254' title='bbox 1448 2047 1469 2077; x_wconf 90' lang='lat' dir='ltr'>a</span> <span class='ocrx_word' id='word_1_255' title='bbox 1496 2036 1583 2077; x_wconf 92' lang='lat' dir='ltr'>iure</span> <span class='ocrx_word' id='word_1_256' title='bbox 1617 2047 1688 2077; x_wconf 89' lang='lat' dir='ltr'>na-</span> 
     </span>
     <span class='ocr_line' id='line_1_29' title="bbox 57 2102 528 2149; baseline 0.006 -4"><span class='ocrx_word' id='word_1_257' title='bbox 57 2102 177 2146; x_wconf 84' lang='lat' dir='ltr'>turali</span> <span class='ocrx_word' id='word_1_258' title='bbox 213 2108 528 2149; x_wconf 80' lang='lat' dir='ltr'>excusarentur.</span> 
     </span>
    </p>

    <p class='ocr_par' dir='ltr' id='par_1_5' title="bbox 49 2171 1686 2943">
     <span class='ocr_line' id='line_1_30' title="bbox 177 2171 1685 2234; baseline 0.003 -19"><span class='ocrx_word' id='word_1_259' title='bbox 177 2171 322 2217; x_wconf 68' lang='lat' dir='ltr'>Verbis</span> <span class='ocrx_word' id='word_1_260' title='bbox 355 2173 511 2217; x_wconf 86' lang='lat' dir='ltr'>eisdem</span> <span class='ocrx_word' id='word_1_261' title='bbox 548 2174 676 2217; x_wconf 86' lang='lat' dir='ltr'>num.i</span> <span class='ocrx_word' id='word_1_262' title='bbox 704 2174 727 2216; x_wconf 84' lang='lat'><strong>3</strong></span> <span class='ocrx_word' id='word_1_263' title='bbox 754 2173 872 2218; x_wconf 86' lang='lat' dir='ltr'>Decr.</span> <span class='ocrx_word' id='word_1_264' title='bbox 896 2188 1037 2231; x_wconf 82' lang='lat' dir='ltr'>gener.</span> <span class='ocrx_word' id='word_1_265' title='bbox 1062 2178 1354 2231; x_wconf 79' lang='lat' dir='ltr'>exprimuntur</span> <span class='ocrx_word' id='word_1_266' title='bbox 1378 2178 1424 2218; x_wconf 65' lang='lat'>4⁰</span> <span class='ocrx_word' id='word_1_267' title='bbox 1449 2175 1567 2219; x_wconf 73' lang='lat' dir='ltr'>Libri</span> <span class='ocrx_word' id='word_1_268' title='bbox 1589 2190 1685 2234; x_wconf 72' lang='lat' dir='ltr'>quo·</span> 
     </span>
     <span class='ocr_line' id='line_1_31' title="bbox 57 2243 1685 2301; baseline 0.002 -16"><span class='ocrx_word' id='word_1_269' title='bbox 57 2243 212 2286; x_wconf 48' lang='lat' dir='ltr'>runem&amp;</span> <span class='ocrx_word' id='word_1_270' title='bbox 246 2243 598 2298; x_wconf 70' lang='lat' dir='ltr'>acatholicorum,</span> <span class='ocrx_word' id='word_1_271' title='bbox 634 2249 756 2301; x_wconf 91' lang='lat' dir='ltr'>prout</span> <span class='ocrx_word' id='word_1_272' title='bbox 789 2245 987 2288; x_wconf 88' lang='lat' dir='ltr'>declarati</span> <span class='ocrx_word' id='word_1_273' title='bbox 1022 2251 1117 2289; x_wconf 89' lang='lat' dir='ltr'>sunt</span> <span class='ocrx_word' id='word_1_274' title='bbox 1151 2249 1187 2289; x_wconf 91' lang='lat' dir='ltr'>iu</span> <span class='ocrx_word' id='word_1_275' title='bbox 1214 2260 1326 2290; x_wconf 90' lang='lat' dir='ltr'>uum.</span> <span class='ocrx_word' id='word_1_276' title='bbox 1353 2246 1395 2289; x_wconf 59' lang='lat'>‘2⁰</span> <span class='ocrx_word' id='word_1_277' title='bbox 1420 2247 1542 2290; x_wconf 92' lang='lat' dir='ltr'>huius</span> <span class='ocrx_word' id='word_1_278' title='bbox 1565 2253 1685 2301; x_wconf 65' lang='lat' dir='ltr'>cans,</span> 
     </span>
     <span class='ocr_line' id='line_1_32' title="bbox 57 2315 1686 2374; baseline 0.004 -19"><span class='ocrx_word' id='word_1_279' title='bbox 57 2326 227 2369; x_wconf 82' lang='lat' dir='ltr'>nempe:</span> <span class='ocrx_word' id='word_1_280' title='bbox 262 2317 332 2372; x_wconf 88' lang='lat' dir='ltr'>qui</span> <span class='ocrx_word' id='word_1_281' title='bbox 366 2315 416 2358; x_wconf 86' lang='lat' dir='ltr'>ad</span> <span class='ocrx_word' id='word_1_282' title='bbox 452 2315 696 2372; x_wconf 85' lang='lat' dir='ltr'>religionem</span> <span class='ocrx_word' id='word_1_283' title='bbox 732 2316 979 2360; x_wconf 83' lang='lat' dir='ltr'>catholicam</span> <span class='ocrx_word' id='word_1_284' title='bbox 1014 2317 1065 2360; x_wconf 91' lang='lat' dir='ltr'>de</span> <span class='ocrx_word' id='word_1_285' title='bbox 1100 2319 1206 2361; x_wconf 82' lang='lat' dir='ltr'>tacto</span> <span class='ocrx_word' id='word_1_286' title='bbox 1242 2332 1319 2360; x_wconf 90' lang='lat' dir='ltr'>non</span> <span class='ocrx_word' id='word_1_287' title='bbox 1356 2321 1583 2374; x_wconf 80' lang='lat' dir='ltr'>pertinent;</span> <span class='ocrx_word' id='word_1_288' title='bbox 1620 2318 1686 2361; x_wconf 91' lang='lat' dir='ltr'>ho-</span> 
     </span>
     <span class='ocr_line' id='line_1_33' title="bbox 57 2385 1683 2445; baseline 0.004 -19"><span class='ocrx_word' id='word_1_289' title='bbox 57 2397 147 2427; x_wconf 88' lang='lat' dir='ltr'>rum</span> <span class='ocrx_word' id='word_1_290' title='bbox 171 2398 270 2441; x_wconf 86' lang='lat' dir='ltr'>ergo</span> <span class='ocrx_word' id='word_1_291' title='bbox 299 2401 319 2426; x_wconf 84' lang='lat'>«</span> <span class='ocrx_word' id='word_1_292' title='bbox 344 2385 436 2429; x_wconf 88' lang='lat' dir='ltr'>libri</span> <span class='ocrx_word' id='word_1_293' title='bbox 463 2402 482 2427; x_wconf 72' lang='grc'>»</span> <span class='ocrx_word' id='word_1_294' title='bbox 512 2386 584 2444; x_wconf 72' lang='lat' dir='ltr'>qui</span> <span class='ocrx_word' id='word_1_295' title='bbox 606 2399 657 2429; x_wconf 58' lang='grc' dir='ltr'><em>ω</em></span> <span class='ocrx_word' id='word_1_296' title='bbox 676 2386 872 2444; x_wconf 75' lang='lat' dir='ltr'>professo</span> <span class='ocrx_word' id='word_1_297' title='bbox 899 2388 1095 2432; x_wconf 85' lang='lat' dir='ltr'>videlicet</span> <span class='ocrx_word' id='word_1_298' title='bbox 1129 2393 1171 2432; x_wconf 89' lang='lat' dir='ltr'>ut</span> <span class='ocrx_word' id='word_1_299' title='bbox 1204 2389 1432 2445; x_wconf 84' lang='lat' dir='ltr'>principale</span> <span class='ocrx_word' id='word_1_300' title='bbox 1457 2389 1548 2433; x_wconf 89' lang='lat' dir='ltr'>libri</span> <span class='ocrx_word' id='word_1_301' title='bbox 1573 2389 1683 2433; x_wconf 89' lang='lat' dir='ltr'>obie-</span> 
     </span>
     <span class='ocr_line' id='line_1_34' title="bbox 55 2456 1686 2517; baseline 0.002 -19"><span class='ocrx_word' id='word_1_302' title='bbox 55 2460 182 2508; x_wconf 84' lang='lat' dir='ltr'>ctum,</span> <span class='ocrx_word' id='word_1_303' title='bbox 216 2469 294 2498; x_wconf 88' lang='lat' dir='ltr'>uon</span> <span class='ocrx_word' id='word_1_304' title='bbox 336 2475 351 2495; x_wconf 74' lang='grc' dir='ltr'>α</span> <span class='ocrx_word' id='word_1_305' title='bbox 379 2456 513 2500; x_wconf 90' lang='lat' dir='ltr'>obiter</span> <span class='ocrx_word' id='word_1_306' title='bbox 547 2462 704 2501; x_wconf 91' lang='lat' dir='ltr'>tantum</span> <span class='ocrx_word' id='word_1_307' title='bbox 732 2458 826 2501; x_wconf 89' lang='lat' dir='ltr'>tidei</span> <span class='ocrx_word' id='word_1_308' title='bbox 856 2461 1052 2502; x_wconf 69' lang='lat' dir='ltr'>veritates</span> <span class='ocrx_word' id='word_1_309' title='bbox 1084 2460 1382 2516; x_wconf 81' lang='lat' dir='ltr'>attingendo»,</span> <span class='ocrx_word' id='word_1_310' title='bbox 1408 2460 1458 2503; x_wconf 79' lang='lat' dir='ltr'>(le</span> <span class='ocrx_word' id='word_1_311' title='bbox 1480 2460 1686 2517; x_wconf 71' lang='lat' dir='ltr'>reliyione</span> 
     </span>
     <span class='ocr_line' id='line_1_35' title="bbox 54 2528 1682 2587; baseline 0.004 -20"><span class='ocrx_word' id='word_1_312' title='bbox 54 2530 240 2568; x_wconf 74' lang='lat' dir='ltr'>tractant</span> <span class='ocrx_word' id='word_1_313' title='bbox 276 2539 389 2577; x_wconf 72' lang='lat' dir='ltr'>vera,</span> <span class='ocrx_word' id='word_1_314' title='bbox 425 2528 681 2585; x_wconf 83' lang='lat' dir='ltr'>proindeque</span> <span class='ocrx_word' id='word_1_315' title='bbox 715 2529 1036 2585; x_wconf 78' lang='lat' dir='ltr'>supernaturali,</span> <span class='ocrx_word' id='word_1_316' title='bbox 1060 2544 1166 2587; x_wconf 83' lang='lat' dir='ltr'>quae</span> <span class='ocrx_word' id='word_1_317' title='bbox 1201 2531 1309 2573; x_wconf 90' lang='lat' dir='ltr'>illius</span> <span class='ocrx_word' id='word_1_318' title='bbox 1344 2531 1552 2574; x_wconf 88' lang='lat' dir='ltr'>naturales</span> <span class='ocrx_word' id='word_1_319' title='bbox 1578 2534 1682 2575; x_wconf 80' lang='lat' dir='ltr'>veri-</span> 
     </span>
     <span class='ocr_line' id='line_1_36' title="bbox 53 2597 1683 2658; baseline 0.004 -19"><span class='ocrx_word' id='word_1_320' title='bbox 53 2601 155 2640; x_wconf 85' lang='lat' dir='ltr'>tates</span> <span class='ocrx_word' id='word_1_321' title='bbox 189 2597 520 2653; x_wconf 83' lang='lat' dir='ltr'>comprehendit,</span> <span class='ocrx_word' id='word_1_322' title='bbox 556 2603 681 2656; x_wconf 83' lang='lat' dir='ltr'>atque</span> <span class='ocrx_word' id='word_1_323' title='bbox 721 2615 741 2640; x_wconf 85' lang='lat'>«</span> <span class='ocrx_word' id='word_1_324' title='bbox 765 2613 812 2642; x_wconf 81' lang='lat' dir='ltr'>ex</span> <span class='ocrx_word' id='word_1_325' title='bbox 850 2603 1027 2657; x_wconf 86' lang='lat' dir='ltr'>receptis</span> <span class='ocrx_word' id='word_1_326' title='bbox 1050 2602 1157 2658; x_wconf 90' lang='lat' dir='ltr'>apud</span> <span class='ocrx_word' id='word_1_327' title='bbox 1186 2602 1378 2658; x_wconf 88' lang='lat' dir='ltr'>probatos</span> <span class='ocrx_word' id='word_1_328' title='bbox 1410 2608 1600 2645; x_wconf 87' lang='lat' dir='ltr'>auctores</span> <span class='ocrx_word' id='word_1_329' title='bbox 1625 2605 1683 2645; x_wconf 89' lang='lat' dir='ltr'>in-</span> 
     </span>
     <span class='ocr_line' id='line_1_37' title="bbox 52 2667 1681 2728; baseline 0.004 -18"><span class='ocrx_word' id='word_1_330' title='bbox 52 2667 419 2724; x_wconf 87' lang='lat' dir='ltr'>terpretationibus</span> <span class='ocrx_word' id='word_1_331' title='bbox 443 2684 463 2709; x_wconf 85' lang='lat'>»</span> <span class='ocrx_word' id='word_1_332' title='bbox 504 2668 614 2725; x_wconf 85' lang='lat' dir='ltr'>(cau.</span> <span class='ocrx_word' id='word_1_333' title='bbox 650 2671 688 2724; x_wconf 81' lang='lat'>6,</span> <span class='ocrx_word' id='word_1_334' title='bbox 724 2669 786 2727; x_wconf 65' lang='lat'>2⁰)</span> <span class='ocrx_word' id='word_1_335' title='bbox 827 2686 846 2711; x_wconf 84' lang='grc'>((</span> <span class='ocrx_word' id='word_1_336' title='bbox 870 2671 920 2714; x_wconf 88' lang='lat' dir='ltr'>de</span> <span class='ocrx_word' id='word_1_337' title='bbox 955 2671 1199 2728; x_wconf 82' lang='lat' dir='ltr'>religione»</span> <span class='ocrx_word' id='word_1_338' title='bbox 1238 2675 1274 2715; x_wconf 87' lang='grc'>111</span> <span class='ocrx_word' id='word_1_339' title='bbox 1321 2672 1397 2716; x_wconf 86' lang='lat' dir='ltr'>hoc</span> <span class='ocrx_word' id='word_1_340' title='bbox 1441 2673 1529 2715; x_wconf 89' lang='lat' dir='ltr'>loco</span> <span class='ocrx_word' id='word_1_341' title='bbox 1573 2673 1681 2716; x_wconf 89' lang='lat' dir='ltr'>idem</span> 
     </span>
     <span class='ocr_line' id='line_1_38' title="bbox 50 2738 1679 2797; baseline 0.003 -16"><span class='ocrx_word' id='word_1_342' title='bbox 50 2743 110 2781; x_wconf 86' lang='lat' dir='ltr'>est</span> <span class='ocrx_word' id='word_1_343' title='bbox 142 2750 190 2782; x_wconf 80' lang='lat' dir='ltr'>ac</span> <span class='ocrx_word' id='word_1_344' title='bbox 222 2738 274 2782; x_wconf 80' lang='lat' dir='ltr'>(le</span> <span class='ocrx_word' id='word_1_345' title='bbox 307 2738 538 2794; x_wconf 86' lang='lat' dir='ltr'>disciplinis</span> <span class='ocrx_word' id='word_1_346' title='bbox 570 2742 713 2789; x_wconf 74' lang='lat' dir='ltr'>sacris,</span> <span class='ocrx_word' id='word_1_347' title='bbox 739 2743 856 2797; x_wconf 82' lang='lat' dir='ltr'>queis</span> <span class='ocrx_word' id='word_1_348' title='bbox 889 2744 1193 2786; x_wconf 88' lang='lat' dir='ltr'>accensendum</span> <span class='ocrx_word' id='word_1_349' title='bbox 1230 2746 1291 2786; x_wconf 88' lang='lat' dir='ltr'>ius</span> <span class='ocrx_word' id='word_1_350' title='bbox 1324 2746 1583 2797; x_wconf 83' lang='lat' dir='ltr'>canonicum,</span> <span class='ocrx_word' id='word_1_351' title='bbox 1608 2744 1679 2787; x_wconf 92' lang='lat' dir='ltr'>sed</span> 
     </span>
     <span class='ocr_line' id='line_1_39' title="bbox 50 2809 1678 2871; baseline 0.004 -20"><span class='ocrx_word' id='word_1_352' title='bbox 50 2821 128 2852; x_wconf 90' lang='lat' dir='ltr'>non</span> <span class='ocrx_word' id='word_1_353' title='bbox 164 2809 420 2866; x_wconf 83' lang='lat' dir='ltr'>intelligatur</span> <span class='ocrx_word' id='word_1_354' title='bbox 453 2809 714 2867; x_wconf 86' lang='lat' dir='ltr'>philosophia</span> <span class='ocrx_word' id='word_1_355' title='bbox 750 2812 931 2867; x_wconf 82' lang='lat' dir='ltr'>moralis,</span> <span class='ocrx_word' id='word_1_356' title='bbox 973 2827 1048 2857; x_wconf 89' lang='lat' dir='ltr'>nec</span> <span class='ocrx_word' id='word_1_357' title='bbox 1087 2815 1385 2871; x_wconf 59' lang='lat' dir='ltr'>metaphysica.</span> <span class='ocrx_word' id='word_1_358' title='bbox 1412 2814 1517 2858; x_wconf 86' lang='lat' dir='ltr'>Hinc</span> <span class='ocrx_word' id='word_1_359' title='bbox 1546 2814 1678 2857; x_wconf 78' lang='lat' dir='ltr'>«libri</span> 
     </span>
     <span class='ocr_line' id='line_1_40' title="bbox 49 2880 1679 2943; baseline 0.004 -21"><span class='ocrx_word' id='word_1_360' title='bbox 49 2880 291 2923; x_wconf 87' lang='lat' dir='ltr'>eorumdem</span> <span class='ocrx_word' id='word_1_361' title='bbox 327 2886 559 2936; x_wconf 80' lang='lat' dir='ltr'>auctorum,</span> <span class='ocrx_word' id='word_1_362' title='bbox 593 2884 662 2939; x_wconf 79' lang='lat' dir='ltr'>qui</span> <span class='ocrx_word' id='word_1_363' title='bbox 697 2896 746 2926; x_wconf 79' lang='lat' dir='ltr'>ex</span> <span class='ocrx_word' id='word_1_364' title='bbox 782 2885 966 2939; x_wconf 85' lang='lat' dir='ltr'>professo</span> <span class='ocrx_word' id='word_1_365' title='bbox 1001 2885 1052 2928; x_wconf 93' lang='lat' dir='ltr'>de</span> <span class='ocrx_word' id='word_1_366' title='bbox 1077 2885 1276 2942; x_wconf 82' lang='lat' dir='ltr'>religione</span> <span class='ocrx_word' id='word_1_367' title='bbox 1302 2899 1378 2928; x_wconf 93' lang='lat' dir='ltr'>non</span> <span class='ocrx_word' id='word_1_368' title='bbox 1406 2890 1596 2941; x_wconf 78' lang='lat' dir='ltr'>tractant,</span> <span class='ocrx_word' id='word_1_369' title='bbox 1616 2886 1679 2943; x_wconf 90' lang='lat' dir='ltr'>(ut</span> 
     </span>
    </p>
   </div>
  </div>
 </body>
</html>
