1965 3240
173 127 243 161 470
315 125 400 159 Lm.
430 124 501 159 III.
528 145 540 150 -
566 124 678 159 PARS
703 125 749 158 V.
778 145 791 150 -
816 125 874 160 De
898 125 1019 168 benef.
1045 130 1080 159 et
1106 128 1233 160 instit.
1259 126 1385 160 eccles.
1414 133 1494 160 non
1519 127 1651 170 colleq.

176 244 237 287 lia
269 243 375 287 bona
406 255 429 286 a
464 242 729 287 beneficiario
778 249 1075 287 conserventur
1108 248 1146 286 et
1179 242 1231 287 ab
1262 243 1407 287 eodem
1442 243 1587 287 aliisve
1619 244 1669 288 ad
1705 257 1797 287 nor·

178 327 284 357 mam
319 326 409 357 can.
445 326 579 370 praec.
613 327 685 357 seu
717 314 801 357 rice
833 313 1201 373 adnzinislrenrtm:

295 384 391 429 384.
426 386 672 442 specialia
703 388 886 434 damna
928 387 1276 442 praecavenda
1315 390 1429 429 notat
1460 400 1549 429 can.
1586 388 1705 429 1479
1737 399 1798 429 se-

174 456 357 500 cundum
390 455 500 512 quod
533 455 722 499 decrevit
755 455 877 500 Cone.
912 455 1021 499 Trid.
1049 456 1075 509 ¹,
1111 458 1205 512 quia
1244 468 1481 512 «magnam
1506 456 1691 500 ecclesiis
1715 470 1803 513 per-

176 529 326 570 niciem
369 526 516 569 atterre
558 527 676 581 solet,
719 540 813 570 cum
857 539 1001 570 earum
1036 526 1154 582 bona,
1196 531 1504 582 repraesentata
1538 529 1726 583 pecunia,
1761 530 1800 570 in

175 609 461 641 successorum
506 597 808 653 praeiudicium
852 597 942 641 aliis
986 596 1187 640 locantur.
1231 594 1388 641 Omnes
1422 599 1547 654 igitur
1579 596 1657 640 hae
1695 597 1801 641 loca-

177 671 321 723 tiones,
354 670 385 711 si
421 670 655 724 anticipatis
687 667 962 711 solutionibus
997 668 1107 722 fient,
1152 667 1387 711 nullatenus
1425 670 1463 710 in
1500 668 1801 725 praeiudicium

176 752 461 782 successorum
500 738 662 782 validae
697 738 993 795 intelligantur,
1037 751 1303 796 quocumque
1342 738 1500 782 indulto
1533 743 1603 782 aut
1635 738 1802 795 privile-

177 812 244 866 gio
276 823 355 853 non
390 809 606 853 obstante:
640 822 715 852 nec
749 808 985 852 huiusmodi
1021 808 1245 852 locationes
1277 811 1317 852 in
1350 808 1533 853 Romana
1582 808 1704 853 Curia
1737 809 1802 853 vel

177 885 294 924 extra
328 893 419 924 eam
452 880 752 924 confirmentur
769 896 808 920 )).
843 880 1040 936 Spiritum
1067 879 1229 923 Decreti
1254 879 1378 923 huius
1399 882 1586 924 servavit
1610 892 1804 936 praesens

177 964 324 1006 canon,
357 952 456 995 dum
490 953 639 994 omissa
675 950 861 994 nullitate
904 956 1033 1004 actus,
1077 951 1290 994 custodiae
1333 948 1653 995 Ordinariorum
1693 964 1805 1008 prae-

178 1024 377 1078 scriptum
404 1021 513 1064 illius
535 1023 594 1065 sic
619 1021 877 1065 moderatum
903 1021 1174 1065 concredidit.
1211 1020 1257 1064 ln.
1291 1021 1499 1065 locatione
1521 1021 1718 1065 bonorum
1742 1021 1804 1065 be-

178 1092 447 1149 nefieialiuin,
481 1094 570 1135 sive
602 1094 689 1148 agri
724 1094 818 1142 sint,
850 1095 940 1135 sive
974 1092 1134 1145 domus,
1170 1097 1248 1136 etc.
1282 1092 1545 1150 anticipatae
1576 1092 1804 1136 solutiones

178 1176 199 1206 a
233 1162 555 1207 conductoribus
589 1163 801 1206 faciendae
836 1165 1130 1219 permittuntur
1165 1163 1364 1219 implicite
1397 1163 1472 1207 sub
1507 1163 1583 1207 bac
1606 1166 1805 1220 temporis

179 1233 452 1277 limitatione:
489 1233 603 1276 ultra
637 1239 846 1288 semestre,
882 1246 929 1277 ac
967 1250 988 1273 α
1014 1247 1218 1278 menses...
1253 1239 1470 1278 sumantur
1505 1239 1625 1290 prout
1646 1239 1740 1277 sunt
1764 1236 1801 1276 in

177 1303 457 1348 calendario»
497 1304 605 1360 (can.
626 1304 693 1358 34,
728 1306 746 1357 ξ
781 1304 818 1355 3,
854 1305 927 1359 10),
959 1303 1239 1361 prohibentur
1275 1304 1365 1347 sine
1381 1304 1553 1347 licentia
1579 1304 1805 1348 Ordindrii

179 1374 260 1417 loci
292 1374 399 1431 (can.
436 1375 533 1428 198,
565 1376 592 1431 ξ
626 1375 702 1430 ⁶20),
748 1387 854 1432 quae
897 1377 1083 1418 consistit
1118 1377 1154 1417 in
1190 1377 1278 1418 eius
1320 1388 1520 1419 consensu
1555 1376 1604 1419 ad
1641 1375 1729 1425 hoc,
1763 1380 1805 1418 ut,

180 1458 257 1488 non
278 1450 425 1502 urgeat
445 1445 679 1502 prohibitio.
699 1445 807 1489 Talis
827 1448 1043 1502 permissio
1064 1459 1142 1489 nou
1164 1451 1399 1490 coarctatur
1417 1447 1466 1490 ad
1487 1448 1685 1503 temporis
1702 1446 1806 1489 alius

179 1516 368 1571 limitem,
401 1519 478 1559 nisi
512 1521 711 1574 quantum
746 1530 848 1573 opus
881 1519 930 1560 sit
959 1517 1212 1574 adsequens
1235 1529 1397 1560 comma
1416 1517 1698 1561 servandum:
1734 1517 1805 1574 qni

183 1603 204 1627 «
227 1584 475 1631 Ordinarius
509 1588 624 1631 loci»
663 1588 706 1630 in
741 1588 904 1631 casibus
938 1587 1315 1638 extraordinariis,
1379 1593 1465 1631 tum
1501 1593 1667 1645 propter
1701 1593 1803 1632 tem-

179 1660 288 1714 poris
321 1658 620 1714 longitudinem
647 1663 731 1702 tum
758 1664 924 1715 propter
947 1659 1047 1702 alias
1070 1659 1301 1715 singulares
1339 1661 1685 1714 circumstantias,
1710 1673 1802 1702 eon-

175 1729 296 1785 ssruis
329 1730 379 1772 ad
415 1729 488 1773 llos
520 1742 639 1773 casus
669 1729 1079 1787 praescriptionibus
1111 1730 1161 1773 ad
1200 1731 1367 1773 modum
1420 1733 1627 1787 praecepti
1663 1736 1805 1773 cavea!

179 1814 229 1842 ne
263 1791 362 1842 talis
395 1799 548 1843 locatio
581 1800 658 1844 sub
691 1800 944 1857 obligatione
978 1803 1296 1856 anticipatarum
1331 1801 1582 1844 solutionum
1617 1801 1661 1844 in
1689 1800 1802 1844 dani-

178 1884 276 1913 nnm
309 1876 453 1928 veryat
486 1870 671 1928 quolibet
704 1885 752 1914 ex
781 1874 949 1927 motivo,
985 1876 1055 1914 aut
1088 1871 1169 1914 loci
1197 1872 1263 1929 pii
1301 1888 1321 1912 «
1347 1871 1414 1916 ubi
1449 1871 1697 1916 beneficium
1722 1885 1806 1915 ere-

179 1947 289 1985 ctum
324 1947 384 1985 est
406 1958 427 1983 ))
465 1943 569 2002 (can.
607 1942 754 1999 1418),
787 1949 861 1985 <int
894 1956 1177 1985 siweessornnz
1211 1943 1254 1985 in
1287 1942 1493 1999 beneficio,
1535 1946 1604 2000 qui
1638 1944 1803 1985 forsitan

180 2013 275 2056 inde
309 2013 601 2057 fraudarentur
635 2013 794 2057 iuribus
827 2013 1126 2070 temporalibus
1172 2013 1299 2057 libere
1344 2014 1588 2057 exercendis
1627 2014 1676 2057 ad
1713 2026 1803 2056 nor-

180 2096 287 2127 mam
307 2096 397 2129 can.
435 2084 559 2139 1473,
598 2084 660 2128 vel
695 2085 829 2142 quoad
871 2085 1073 2128 «reditus
1109 2084 1343 2128 beneficii»
1375 2085 1669 2141 percipiendos
1692 2087 1804 2127 iuxta
1872 2135 1874 2137 ¹

179 2160 419 2211 SssqUOIllem
454 2168 670 2198 canonem.

299 2225 396 2269 385.
432 2226 504 2271 De
536 2228 881 2271 distributione
914 2228 1060 2271 annui
1095 2227 1280 2271 reditus
1314 2228 1379 2270 ob
1413 2226 1642 2271 beneficii
1666 2239 1805 2270 vaca-

179 2297 377 2346 tionem,
410 2297 515 2338 sicut
549 2296 600 2339 de
633 2295 755 2339 simili
791 2296 997 2339 divisione
1023 2301 1207 2352 tempore
1245 2297 1471 2339 vacationis
1504 2295 1704 2338 ecclesiae
1737 2300 1804 2337 aut

180 2364 367 2409 beneticii
402 2372 529 2421 agunt
561 2366 681 2409 simul
718 2368 852 2422 capita
886 2372 970 2408 tuin
1010 2365 1286 2409 Decretalium
1323 2371 1407 2408 tum
1428 2367 1805 2421 extravagantium.
1869 2414 1872 2417 Δ
1904 2384 1925 2423 9

179 2435 286 2478 luter
317 2450 363 2479 ea
397 2436 624 2492 seligimus,
660 2442 871 2494 tamquam
908 2439 1192 2493 praecipuum,
1226 2449 1316 2492 cap.
1352 2437 1374 2478 9
1417 2452 1436 2477 ((
1460 2436 1511 2479 de
1529 2436 1663 2479 officio
1686 2433 1806 2479 Ordi-
1871 2455 1875 2457 ’
1915 2426 1925 2452 ”

180 2509 282 2550 uarii
307 2524 327 2547 »
367 2507 413 2564 (l,
447 2507 520 2564 16)
555 2510 592 2550 in
629 2507 686 2550 60.
721 2508 787 2551 Sic
828 2509 884 2550 ait
930 2507 1056 2551 Bonis.
1095 2506 1206 2550 Vlll:
1246 2506 1498 2550 «Praesenti
1540 2506 1807 2563 prohibemus
1866 2511 1873 2562 J

175 2577 323 2628 edicto,
344 2591 392 2621 ne
411 2580 605 2634 episcopi,
685 2591 756 2621 seu
781 2580 918 2635 quivis
936 2578 1002 2621 alii
1029 2577 1240 2633 regulares
1269 2577 1330 2620 vel
1356 2577 1591 2621 saeculares
1616 2575 1801 2632 praelati,

182 2653 252 2692 aut
284 2648 589 2692 ecclesiasticae
631 2661 921 2706 quaecumque
963 2661 1192 2704 personae:
1238 2647 1482 2691 vacantibus
1524 2646 1806 2704 (lignitatibuS,
1866 2671 1867 2675 =

181 2719 484 2775 personatibus,
531 2719 780 2776 prioratibus
815 2719 878 2762 vel
913 2719 1098 2763 ecclesiis
1131 2719 1468 2776 quibuscumque
1500 2717 1577 2761 sibi
1611 2717 1808 2770 subiectis

300 2874 311 2894 1
340 2872 441 2907 Sess.
472 2873 598 2906 XXV.
627 2872 672 2907 de
699 2871 785 2906 Res.
815 2883 896 2916 cap.
926 2872 996 2905 XI.
