1965 3240
197 174 279 208 Trr.
306 172 457 208 XXIII.
485 193 497 198 -
528 173 581 207 De
602 174 764 217 praevia
790 182 953 206 censura
981 172 1169 205 librorum
1199 183 1407 216 ern-umque
1430 172 1580 215 prohib.
1630 170 1700 204 343

76 293 286 338 obiectum
320 294 422 335 ritus
455 304 501 335 ac
535 292 820 335 caeremonias
852 289 987 333 cultus
1022 289 1193 346 publici)
1230 290 1339 346 leges
1376 293 1456 332 vim
1491 303 1606 333 suam
1644 303 1701 332 re-

76 367 219 417 tinent,
253 364 329 406 nisi
364 375 506 405 earum
541 362 678 420 aliqua
713 363 750 404 in
785 360 936 404 Codice
970 373 1163 416 expresso
1198 363 1470 417 corrigatur»
1500 362 1603 414 (can.
1641 361 1698 418 2).

82 432 313 478 «Canones
356 435 424 490 qui
469 446 517 475 ex
564 437 679 489 parte
722 436 880 474 tantum
915 444 1007 474 cum
1047 433 1174 473 veteri
1210 433 1298 473 iuri·
1340 437 1587 487 congruunt,
1621 444 1699 488 (133

76 508 311 561 congruunt
345 517 393 547 ex
431 506 519 547 iure
552 505 721 560 antiquo
764 501 1008 550 aestimandi
1058 506 1175 550 sunt;
1214 515 1292 558 (133
1328 502 1578 558 discrepant,
1608 508 1700 545 sunt

77 588 127 618 ex
162 586 234 617 sua
269 576 452 630 ipsorum
486 575 687 618 sententia
721 571 976 617 diiudicandi
1002 587 1022 611 ))
1061 571 1168 628 (can.
1207 574 1243 616 ti,
1270 572 1346 627 230).
1371 597 1426 603 —
1453 571 1495 614 Ιη
1531 572 1702 615 edendis

78 644 148 693 <de
181 646 295 701 quasi
334 643 484 701 typicis
518 642 769 686 editionibus
801 644 951 698 agitur,
986 646 1025 684 ut
1063 640 1231 697 patebit)
1263 643 1300 696 a)
1334 641 1455 683 libris
1489 642 1701 699 lilaryiris

80 717 258 772 proprie,
291 715 466 758 scilicet:
503 713 617 771 (Dec.
653 716 721 757 cit.
757 715 902 769 primo,
937 725 974 755 n.
1009 711 1082 768 tx)
1117 717 1280 768 praeter
1313 712 1414 755 alios
1446 726 1566 769 supra
1602 716 1701 757 cita-

78 790 151 840 tos,
187 784 374 842 (exclusa
407 784 657 828 Collectione
690 783 817 827 Dec.m
850 784 888 827 S.
924 782 968 826 R.
1003 781 1044 826 C.
1080 794 1186 839 quae
1219 794 1309 825 can.
1346 795 1479 838 praec.
1512 784 1699 841 regitur).

84 855 172 913 «a)
207 855 420 899 Breviario
469 855 667 898 Romano.
710 853 749 909 1))
783 853 933 897 Missali
982 852 1181 902 Romano,
1224 853 1261 909 r)
1306 852 1456 896 Rituali
1505 854 1701 907 Romano,

75 924 121 982 (ι’)
159 925 384 969 Pontificali
430 924 629 977 Romane,
673 926 711 981 e)
755 923 1050 980 Martyrologio
1094 922 1291 977 Romano,
1326 922 1368 980 s)
1402 921 1730 967 Caeremoniali'

77 994 374 1052 Episcoporum
401 1011 440 1049 ³),
474 1000 512 1038 et
546 994 751 1038 similibus
784 994 958 1037 aliorum
996 996 1161 1047 rituum
1187 998 1309 1050 atque
1333 1006 1463 1037 canon
1504 1008 1589 1037 «ex
1616 997 1700 1051 ipsa

77 1068 135 1109 rei
171 1071 315 1110 natura
349 1069 472 1109 etiam
516 1063 772 1110 Orientalem
812 1064 1078 1121 (Ecclesiam)
1114 1066 1283 1108 allicit»
1322 1064 1428 1121 (can.
1468 1064 1523 1121 1),
1559 1065 1600 1122 b)
1637 1080 1700 1109 eo-

78 1150 253 1194 rumque
282 1136 477 1195 partibus
500 1150 570 1180 seu
602 1152 621 1177 «
646 1138 854 1192 excerptis
877 1151 916 1188 )›,
941 1137 1062 1178 etiam
1094 1151 1113 1175 «
1140 1134 1337 1178 Psalterio
1361 1149 1454 1180 cum
1479 1133 1702 1179 Ordinario

79 1206 217 1250 Dis-ini
261 1205 396 1252 Officii
443 1210 556 1251 iuxta
600 1207 822 1250 editionem
863 1205 1100 1249 Vaticanum
1134 1218 1256 1263 quam
1292 1208 1330 1250 S.
1364 1206 1410 1250 lt.
1444 1206 1485 1249 C.
1521 1210 1700 1264 typicam

78 1278 309 1322 declaravit
335 1296 353 1319 ³)
380 1280 407 1328 ¹,
431 1291 478 1322 ac
501 1283 699 1322 statutum
726 1279 957 1334 oppositum
987 1276 1111 1320 vetuti
1138 1282 1450 1333 temporaneum
1476 1282 1516 1321 ut
1541 1279 1703 1322 videtur

78 1363 157 1392 non
193 1351 443 1406 urgendum,
476 1349 516 1406 c)
549 1350 730 1406 itemque
762 1348 942 1400 litaniis,
976 1350 1168 1405 quamvis
1192 1347 1354 1391 illorum
1382 1348 1580 1392 librorum
1617 1362 1703 1405 par-

78 1419 228 1463 ticulae
261 1422 354 1472 sint,
390 1420 671 1463 memorandis
703 1418 754 1462 ob
788 1432 901 1462 num.
928 1419 979 1461 19
1005 1417 1167 1461 Decret.
1192 1432 1347 1474 gener„
1371 1433 1396 1461 (ι
1421 1419 1574 1462 Sancta
1601 1419 1704 1462 Sede

79 1491 129 1533 ad
166 1489 352 1534 nor'mam
387 1504 476 1534 can.
511 1492 549 1540 7,
586 1489 830 1548 (ψῃ-0131113
881 1489 959 1532 illis
1007 1494 1173 1545 propter
1211 1491 1415 1533 editiones
1448 1493 1606 1547 typicas
1641 1504 1701 1534 re-

78 1567 222 1605 center
255 1566 448 1620 quamvis
482 1576 560 1606 non
598 1562 741 1605 ultimo·
776 1563 917 1610 factas,
942 1561 1018 1615 his,
1052 1574 1222 1618 nempe:
1263 1566 1471 1618 «praeter
1504 1564 1700 1619 antiquis-

79 1635 205 1677 simas
237 1639 277 1677 et
309 1647 564 1681 communes,
599 1646 704 1688 quae
739 1635 776 1675 in
813 1634 1007 1689 praefatis
1041 1632 1156 1675 libris
1178 1635 1454 1687 continentur,
1478 1637 1517 1675 et
1542 1638 1702 1689 praeter

78 1703 258 1748 Litanias
289 1705 341 1748 de
375 1705 497 1748 Beata
531 1703 745 1761 Virgine...
780 1708 819 1747 et
852 1703 1031 1746 Litanias
1054 1703 1172 1746 Ssmi.
1198 1702 1384 1746 Nominis
1408 1703 1495 1746 lesu
1520 1719 1558 1751 )),
1578 1706 1700 1747 etiam

77 1773 246 1819 Litaniis
278 1776 398 1820 Ssmi.
432 1775 577 1820 Cordis
610 1775 701 1818 lesu
725 1787 830 1832 quae
862 1773 1115 1831 approbatae
1147 1779 1239 1817 sunt
1274 1787 1295 1817 3
1330 1773 1463 1817 Leone
1488 1773 1575 1816 Xlll
1603 1774 1630 1821 ⁴².
1665 1779 1702 1818 et

77 1846 168 1890 aliis
205 1846 276 1891 Sti.
311 1846 456 1903 loseph
489 1859 509 1890 3
547 1848 615 1890 Pio
648 1845 684 1889 X*
730 1859 801 1902 per
841 1845 938 1890 Dec.
971 1846 1010 1888 S.
1045 1844 1212 1901 Congu-,⁵
1245 1845 1411 1888 Rituum
1438 1847 1467 1899 ³²,
1501 1844 1615 1887 dehet
1654 1845 1704 1888 (le

78 1918 379 1961 concordantia
428 1918 500 1976 (ita
546 1923 589 1961 ut
632 1917 732 1961 nibil
781 1919 831 1960 sit
882 1916 1109 1960 t'ormaliter
1158 1916 1379 1972 mutatum)
1429 1931 1522 1959 eum
1555 1916 1702 1959 mlitio-

79 1988 200 2032 mbus
232 1989 490 2047 approbatae,
529 1991 582 2033 ita
632 1994 674 2032 ut
720 1993 942 2033 sei-ventur
980 1988 1113 2046 quoad
1150 1988 1226 2031 boc
1261 1990 1360 2030 iuris
1396 1993 1548 2043 praec·
1580 1990 1702 2030 citata

79 2061 261 2115 decreta,
295 2065 488 2103 constare
520 2074 571 2103 θα·
604 2060 876 2103 attestatione
903 2059 1129 2103 Orclinarii
1151 2059 1294 2102 saltem
1321 2060 1604 2102 contirmantis
1634 2073 1704 2115 per

84 2132 438 2187 «imprimatur»
475 2131 651 2174 similem
696 2133 999 2174 attestationem
1045 2132 1228 2173 censoris
1274 2129 1333 2172 vel
1377 2128 1546 2172 alterius
1579 2127 1701 2173 Ordi-

81 2203 199 2252 narii,
233 2205 310 2244 etc.
345 2201 394 2244 ad
429 2214 615 2244 normam
651 2215 764 2245 num.
802 2200 868 2243 Vll
901 2206 939 2245 et
977 2200 1060 2244 Vlll
1096 2200 1363 2257 Dec.¹pi·i1110
1399 2199 1530 2250 relati,
1554 2204 1622 2242 aut
1654 2199 1700 2242 lll

80 2275 119 2313 et
152 2270 204 2313 lv
238 2271 349 2315 Dec.'¹
382 2272 566 2315 secundo
601 2274 733 2328 positi,
769 2286 841 2327 pro
874 2285 1044 2315 casuum
1070 2272 1327 2323 diversitate,
1349 2275 1471 2327 atque
1495 2269 1576 2312 loci
1598 2274 1635 2324 3)
1661 2270 1700 2312 in

80 2355 160 2399 quo
193 2342 498 2400 imprimuntur
531 2343 570 2396 b)
603 2348 675 2385 azel
702 2342 865 2401 publici
897 2342 1006 2385 iuris
1039 2343 1157 2399 siunt,
1191 2356 1261 2385 seu
1298 2340 1536 2397 principalis
1562 2341 1702 2383 vendi-

81 2414 215 2456 tionis.
242 2438 294 2445 —
322 2413 448 2470 lgitur
471 2414 646 2457 mendae
669 2413 995 2471 typographicae
1029 2426 1134 2470 quae
1166 2413 1374 2455 ordinarie
1408 2411 1599 2454 accidunt
1625 2424 1702 2453 non

81 2483 411 2536 considerantur,
443 2487 549 2528 sicut
583 2483 818 2528 materiales
851 2486 1110 2526 mutationes.
1135 2482 1257 2526 Salva
1284 2487 1448 2525 manent
1473 2481 1702 2537 privilegia.

82 2553 134 2597 ob
166 2566 257 2599 can.
292 2555 330 2609 4,
364 2557 395 2597 si
430 2567 537 2613 quae
570 2557 649 2598 sint
682 2556 903 2605 contraria,
939 2556 1021 2597 imo
1054 2567 1160 2612 quae
1198 2554 1319 2596 alicui
1357 2552 1543 2608 religioni
1582 2565 1617 2592 v.
1644 2565 1702 2607 gr.

82 2620 231 2668 Ordini
267 2624 602 2668 Praedicatorum
635 2626 715 2667 sint
747 2624 903 2667 directe
936 2636 1130 2668 concessa
1167 2627 1332 2679 propter
1370 2634 1458 2664 ran.
1495 2621 1590 2670 6123,
1615 2622 1642 2678 ς’
1670 2621 1704 2662 t.

201 2695 298 2738 ⁶279.
336 2697 410 2741 De
458 2697 757 2742 editionibus
803 2708 1057 2741 sacrarum
1095 2696 1473 2750 Scripturarum.
1515 2690 1636 2734 Num.
1681 2692 1702 2732 ἵ

83 2764 246 2810 Decret.
279 2765 536 2822 generalium
571 2768 628 2809 sic
663 2767 826 2822 incipit:
856 2764 1002 2809 «Cum
1035 2767 1319 2821 experimento
1356 2763 1614 2805 manifestum
1640 2764 1702 2805 sit.

200 2874 208 2894 ¹
240 2872 330 2906 Dec.
358 2872 396 2906 S.
426 2872 472 2906 R.
503 2872 543 2906 C.
576 2873 618 2905 15
645 2871 727 2905 Ian.
758 2872 861 2905 1912.
903 2871 979 2906 CO.
1023 2872 1087 2911 IV,
1117 2872 1174 2904 54.
1217 2891 1258 2894 —
1299 2870 1310 2890 ²
1337 2870 1357 2901 '2
1393 2870 1486 2912 Apr.
1525 2867 1624 2900 189³).
1664 2888 1702 2891 ——

81 2919 98 2941 ²³
125 2919 168 2953 18
193 2919 310 2953 Mart.
340 2919 444 2954 1909.
474 2919 550 2953 CO.
579 2919 610 2962 Ι,
638 2919 719 2952 290.
