1965 3240
463 142 546 176 ΤιΤ.
574 141 697 176 XXV.
725 161 736 166 -
766 140 820 175 De
844 141 1036 185 beneficiis
1061 141 1330 175 ecclesiasticis
1642 139 1712 173 443

93 278 115 303 «
140 261 405 319 privilegium
442 263 600 317 patroni
635 265 694 304 est
717 276 736 301 ›)
775 255 978 302 alimenta
1002 272 1074 302 seu
1103 262 1210 302 vitae
1235 261 1466 302 necessaria
1500 273 1551 300 eJ·
1575 258 1714 315 aequi-

88 338 177 376 tate
211 337 377 389 propter
410 331 619 375 Ecclesiae
652 331 946 388 gratitudinem
991 329 1206 373 obtinendi
1243 344 1294 371 ea·
1326 329 1525 371 eeclesiae
1558 329 1618 371 vel
1650 329 1713 371 be-

90 402 228 459 neficii
258 401 477 455 reditibus,
513 405 645 458 prouti
680 402 919 446 alterutrius
954 405 1193 457 patronatus
1227 403 1288 443 ius
1321 399 1458 454 habet,
1499 412 1546 443 ac
1581 401 1713 455 primo

88 476 286 519 detractis
319 476 512 530 expensis
544 487 593 516 ex
629 472 812 517 clausula
845 471 922 515 sul]
956 471 1091 514 littera
1125 472 1178 525 a),
1203 484 1272 513 seu
1308 470 1345 512 si
1379 470 1450 527 qui
1482 470 1712 523 ,ςυρψ-31111,

90 548 213 590 6113111
248 544 300 588 ob
335 545 511 587 litteram
549 543 603 600 1)),
639 543 815 601 quoties,
842 556 896 586 ac
930 542 1102 598 proinde
1135 542 1233 584 dum
1278 554 1457 598 sequens
1491 543 1715 584 necessitas

92 615 301 673 perduret,
348 620 556 672 patronus
605 619 761 657 tantum
811 613 851 671 a)
886 612 941 656 ad
983 612 1169 670 inopiam
1216 612 1340 655 idest:
1392 611 1554 654 illorum
1601 611 1713 654 (1616-

90 691 200 731 ctum
239 685 281 743 b)
314 684 434 728 nulla
466 699 542 727 sua
578 684 715 742 culpa,
747 698 867 728 secus
902 683 1229 727 misericordiam
1256 697 1334 725 non
1362 687 1556 730 meretur,
1591 681 1713 725 reda-

90 762 179 799 ctus
211 755 358 813 fuerit,
391 755 462 799 sed
497 754 573 798 hac
605 754 841 798 conditione
880 756 1024 811 posita,
1061 755 1173 809 viget
1197 755 1511 808 praescriptum,
1547 752 1716 794 etiamsi

89 827 179 885 ipse
211 825 380 883 supple:
414 826 606 869 lundator
643 841 662 866 «
687 826 887 869 ecclesiae
914 824 975 868 vel
1012 824 1203 867 beneticii
1224 839 1243 864 ›)
1273 822 1313 880 a)
1339 823 1425 865 iuri
1445 827 1717 880 patronatus,

84 911 170 956 -quo
204 899 279 941 i‘rui
315 902 486 954 poterat,
521 897 572 940 ab
607 899 721 939 initio
769 896 829 939 vel
877 900 1014 952 postea
1057 894 1381 943 renuntiaverat,
1418 906 1509 937 nam
1551 909 1570 934 ‹(
1595 895 1718 945 privi-

91 969 197 1025 legio
231 971 269 1012 in
303 971 365 1012 sui
399 973 559 1012 tantum
593 969 777 1011 savorem
812 969 1034 1011 constituto
1068 968 1442 1023 quaevispersona
1469 967 1715 1021 [111131316-

91 1043 280 1084 nuntiare
315 1045 446 1097 potest
469 1056 490 1080 »
528 1038 638 1096 (can.
673 1039 741 1093 72,
775 1039 803 1097 ξ
837 1039 891 1094 ⁶2),
923 1037 996 1081 sed
1018 1037 1062 1080 in
1085 1036 1343 1081 commodum
1366 1035 1596 1087 Eeelesme,
1620 1048 1719 1093 qua-

89 1116 208 1155 tenus
244 1113 425 1167 provisio
459 1110 659 1154 ecclesiae
697 1110 758 1153 vel
796 1109 983 1153 beneticii
1019 1109 1145 1152 libera
1192 1110 1273 1163 liat,
1311 1107 1371 1151 rei
1410 1107 1452 1164 1))
1483 1107 1630 1165 pensio
1674 1107 1715 1149 in

89 1182 236 1226 limine
266 1181 550 1240 fundationis,
590 1181 699 1239 quod
737 1183 823 1224 lieri
861 1194 977 1237 posse
1012 1180 1121 1223 licite
1154 1179 1221 1222 hic
1253 1181 1513 1235 supponitur,
1538 1178 1622 1236 ipsi
1640 1191 1717 1236 pa-

91 1259 210 1297 trono
228 1266 309 1311 qua
342 1253 425 1308 tali,
461 1253 587 1297 idest:
622 1252 698 1295 sibi
733 1265 780 1295 ac
813 1250 1124 1295 successoribus
1158 1253 1258 1293 iuris
1294 1254 1548 1306 patronatus,
1570 1249 1718 1307 suerit,

91 1328 147 1369 uti
182 1325 364 1369 conditio
399 1324 664 1379 fundationis,
683 1328 914 1374 reservata,
938 1336 1044 1380 quae
1068 1327 1203 1365 tamen
1229 1320 1284 1364 ad
1307 1320 1605 1364 sublevandam
1629 1321 1719 1364 eius

85 1396 294 1440 actualem
330 1395 517 1453 inopiam
551 1395 601 1438 de
634 1408 714 1453 qua
748 1406 872 1450 supra
906 1407 987 1437 non
1024 1392 1218 1450 sufficiat.
1252 1391 1368 1437 Unde
1400 1394 1587 1449 sequitur
1622 1405 1718 1448 pen-

90 1470 246 1511 sionem
283 1466 393 1510 illam
428 1468 620 1509 constitui
657 1479 773 1522 posse
798 1467 996 1508 maiorem
1026 1463 1088 1507 vel
1115 1466 1333 1516 minorem,
1357 1463 1584 1506 dummodo
1613 1478 1631 1503 <‹
1653 1476 1719 1506 na-

92 1544 208 1582 turae
244 1539 433 1582 beneficii
479 1551 556 1580 non
600 1541 801 1594 repugnet
824 1552 843 1577 »
883 1536 992 1594 (can.
1030 1535 1156 1588 1417,
1189 1533 1218 1593 ξ
1250 1535 1290 1587 1)
1324 1548 1372 1577 eo
1405 1534 1514 1592 quod
1556 1549 1576 1575 ((
1601 1533 1721 1578 bene-

89 1610 184 1652 ticio
216 1622 443 1665 congruam
478 1609 617 1652 dotem
641 1624 661 1649 »
701 1621 779 1650 non
817 1607 1070 1664 relinqueret
1103 1605 1212 1664 (can.
1242 1606 1367 1659 1415,
1390 1607 1415 1659 ἓ
1443 1605 1496 1662 l).
1531 1604 1578 1648 Et
1618 1605 1719 1649 llaec

94 1686 296 1724 vocantur
331 1682 417 1723 iura
455 1685 721 1736 patronorum
759 1678 886 1722 utilia.

212 1751 300 1795 lura
327 1753 509 1807 ipsorum
535 1749 761 1793 honor-ilica
785 1749 861 1792 sul)
882 1750 938 1792 11.Ο
956 1749 1005 1792 :3⁰
1026 1754 1317 1793 recensentur:
1345 1747 1535 1791 Habendi
1559 1761 1720 1804 nempe,

91 1823 161 1866 sed
200 1835 273 1879 pro
305 1835 447 1865 eorum
485 1826 629 1865 natura
663 1821 701 1863 si
723 1821 785 1863 ita
807 1820 953 1877 ferant
976 1820 1192 1877 leyitimae
1213 1833 1285 1863 seu
1321 1822 1433 1863 iuxta
1462 1833 1514 1862 ss.
1541 1831 1722 1862 canones

91 1894 276 1938 locorum
308 1893 502 1936 diversae
534 1891 870 1942 eonsuetudines,
895 1891 935 1947 a)
961 1891 1004 1934 in
1027 1891 1094 1934 sui
1124 1896 1380 1949 patronatus
1414 1890 1602 1940 ecelesia,
1639 1903 1721 1947 quo

92 1965 237 2009 eodem
264 1967 352 2008 iure
381 1980 400 2005 <‹
424 1967 603 2007 oratoria
639 1963 803 2020 publica
839 1968 1039 2020 reguntur
1063 1979 1082 2003 )›
1122 1962 1230 2020 (can.
1258 1962 1384 2012 1191,
1408 1964 1432 2015 g
1461 1962 1509 2015 1),
1545 1966 1720 2004 stemma

90 2035 229 2093 qenlis
260 2035 323 2078 vel
353 2035 550 2093 familiae
587 2037 803 2092 utriusque
852 2034 1089 2078 declaratae
1137 2037 1174 2076 in
1223 2045 1312 2076 can.
1353 2033 1480 2088 1449,
1515 2032 1576 2086 3⁰,
1609 2032 1718 2088 quod

93 2106 247 2150 Romae
282 2109 319 2149 in
356 2106 464 2149 illius
496 2107 600 2149 facie
633 2106 829 2162 alligitur,
855 2105 896 2162 b)
918 2104 1261 2162 praecedentiam
1286 2109 1384 2146 (inte
1406 2109 1564 2146 eeteros
1588 2102 1720 2146 laicos

91 2177 321 2220 secundum
356 2189 401 2220 ea
436 2188 543 2234 quae
573 2176 757 2219 diximus
789 2176 839 2220 ad
874 2189 963 2220 can.
1001 2176 1098 2227 119,
1122 2175 1167 2218 in
1187 2173 1527 2232 processionibus
1550 2173 1720 2230 quibus-

93 2246 204 2301 libet⁷
243 2261 278 2292 v,
313 2261 373 2303 gr,
411 2249 448 2289 in
484 2249 631 2303 potiori
666 2246 754 2290 loco
790 2251 878 2303 post
910 2245 1068 2290 clerum
1103 2247 1376 2289 associantem
1402 2246 1624 2300 imaginem
1650 2249 1717 2287 aul

91 2318 270 2362 Ssmum.
304 2319 634 2367 Sacramentum,
666 2316 729 2360 vel
761 2316 970 2360 sirnilibus
1003 2322 1170 2374 propter
1203 2315 1438 2372 liturgicum
1473 2314 1722 2358 sollemnita-

93 2394 174 2433 tem
211 2391 314 2432 intra
348 2388 566 2433 ecclesiam
600 2387 903 2446 functionibus,
935 2387 975 2445 c)
1009 2387 1246 2444 diyniorem
1271 2388 1427 2430 ratione
1452 2385 1529 2429 loci
1563 2391 1719 2443 etqua-

95 2459 218 2503 litatis
249 2459 386 2503 sedem
414 2459 455 2502 in
491 2458 665 2502 ecelesia
700 2461 800 2502 iuris
835 2463 1086 2515 patronatus,
1120 2457 1192 2501 sed
1225 2471 1319 2501 cum
1353 2459 1541 2514 sequenti
1577 2456 1723 2499 limita-

95 2533 203 2573 tione
235 2535 357 2573 eoetra
387 2529 696 2588 presbyterium
732 2532 842 2573 iuxta
880 2529 976 2573 illud
1011 2542 1102 2586 cap.
1130 2534 1144 2571 1
1190 2545 1212 2570 α
1230 2529 1281 2571 (16
1318 2530 1399 2570 vita
1433 2532 1472 2571 et
1506 2527 1720 2570 honestate

92 2600 339 2644 clericorum
364 2617 384 2642 »
422 2600 507 2657 (111,
543 2600 585 2658 1)
619 2614 668 2644 ex
703 2600 826 2644 Cone.
861 2599 1123 2657 Moguntino:
1164 2604 1251 2642 ((111
1290 2599 1380 2642 laici
1428 2611 1548 2641 secus
1590 2597 1719 2641 altare

92 2671 259 2729 quando
292 2684 407 2715 sacra
445 2674 639 2728 mysteria
674 2670 952 2726 celebrantur,
987 2676 1096 2715 stare
1134 2670 1194 2713 161
1228 2670 1372 2713 sedere
1408 2672 1512 2712 inter
1544 2669 1720 2711 clericos

92 2755 170 2785 non
208 2747 488 2799 praesumant.
520 2742 598 2786 Sed
635 2754 729 2798 pars
763 2741 844 2793 illa,
877 2754 983 2799 quae
1015 2741 1212 2785 cancellis
1255 2740 1306 2783 ab
1349 2740 1466 2783 altari
1502 2739 1718 2791 dividitur,

88 2818 249 2857 tantum
291 2812 560 2870 psallentibus
609 2816 744 2868 pateat
791 2812 1018 2869 clericis»,
1052 2818 1089 2854 e!
1133 2811 1225 2854 sine
1266 2809 1531 2853 baldachino.
1571 2808 1717 2853 «Cum

88 2886 202 2927 enim
239 2883 392 2941 pluries
424 2885 462 2927 S.
497 2882 540 2927 R.
575 2883 634 2938 C„
670 2882 923 2926 inhaerendo
958 2882 1143 2926 Decretis
1175 2881 1276 2925 alias
1309 2881 1442 2934 editis,
1477 2880 1717 2923 declarave-
