1965 3240
192 121 262 155 4236
325 122 407 156 Lm.
434 121 506 155 III.
535 141 547 146 -
574 121 684 156 PARS
709 121 756 156 V.
784 142 797 148 -
824 122 880 158 De
904 122 1026 165 benef.
1055 126 1090 158 et
1117 125 1242 158 instit.
1270 125 1397 158 eccles.
1424 135 1505 159 non
1530 124 1660 169 colley.

192 241 510 284 transmittendo
545 240 728 299 loquitur
759 254 850 286 can.
888 242 1013 295 1453,
1048 242 1099 285 de
1132 241 1278 285 eodem
1320 242 1532 298 probando
1566 255 1655 286 can.
1691 242 1818 297 1454,

190 324 237 354 ac
271 311 499 368 quotuplici
533 314 806 356 exstinctione
840 315 902 356 ius
936 312 1193 369 praedictum
1228 317 1360 356 cesset
1393 315 1432 356 in
1466 325 1555 356 can.
1591 313 1704 356 1470
1737 314 1818 357 edi·

192 384 312 425 citur.
349 382 454 426 Huic
497 381 779 440 subsequitur-
807 383 977 426 ultimus
1010 395 1100 427 can.
1137 383 1244 427 1471
1283 383 1462 427 edocens
1506 384 1712 427 undenam
1758 387 1820 428 ius

191 457 432 509 patronatus
466 467 545 496 non
569 455 741 507 oriatur,
764 455 958 511 quamvis
991 453 1157 510 aliquod
1193 453 1316 497 huius
1350 453 1614 510 privilegium
1649 457 1701 498 sit
1723 468 1819 498 con-

191 537 369 578 cessum,
403 529 527 582 atque
560 527 666 568 inter
699 537 880 568 canones
914 524 1025 567 1454
1050 529 1089 567 et
1128 524 1251 579 1470,
1277 527 1409 581 primo
1443 530 1714 581 patronorum
1741 528 1823 582 pri-

195 593 344 650 vilegia
379 597 517 638 omnia
551 599 832 648 recensentur,
856 597 963 638 sicut
996 597 1033 636 in
1069 607 1157 637 can.
1195 595 1306 637 1469
1341 607 1466 638 onera
1489 608 1561 638 seu
1585 595 1732 639 officia.
1760 594 1820 639 De

193 667 282 708 iure
317 665 605 722 praesentandi
656 665 921 722 peculiariter
954 669 1082 722 agunt
1114 678 1296 710 canones
1331 665 1592 720 1456-1465,
1626 666 1821 723 quemad-

195 736 362 779 modum
397 750 447 780 ex
481 738 747 794 consequenti
783 738 845 779 ius
879 738 1127 792 praesentati
1160 749 1182 779 a
1218 741 1388 792 patrono
1439 750 1510 792 per
1553 748 1642 779 can.
1688 736 1819 779 1466-

195 806 308 850 1468
332 812 393 850 est
427 807 700 851 moderatum.

312 877 407 920 351.
445 880 522 924 lus
545 882 853 935 patronatus,
875 878 926 921 de
959 891 1040 935 quo
1074 883 1221 934 agetur
1253 877 1330 922 sub
1378 878 1455 922 hoc
1487 876 1820 934 Capite,·detinit

192 961 283 990 can.
318 950 437 992 1448
469 949 660 992 edicens:
692 947 764 992 Ias
794 954 1050 1007 patronatus
1084 954 1144 991 est
1177 963 1339 992 samma
1363 949 1412 992 ad
1449 950 1702 993 innuendum
1737 949 1820 1006 plu-

192 1013 395 1062 ralitatem
430 1032 478 1062 ac
511 1021 846 1063 coniunctionem
881 1033 1039 1075 eorum,
1073 1019 1224 1077 quibus
1256 1021 1534 1076 componitur,
1580 1019 1822 1078 privileqio·

190 1102 299 1144 ram,
323 1094 462 1146 utpote
495 1090 735 1133 facultatum
762 1090 996 1145 moralium,
1022 1104 1112 1133 cam
1136 1089 1384 1148 quibasdam
1407 1089 1615 1143 oneribus,
1638 1104 1686 1134 eo
1708 1091 1818 1148 quod

191 1159 347 1204 leviora
381 1165 474 1203 sunt
508 1173 555 1204 ac
590 1163 723 1217 potius
755 1163 963 1218 negativa,
999 1175 1106 1219 qaae
1149 1161 1368 1218 privilegia
1402 1175 1454 1204 ea²
1484 1160 1701 1205 Ecclesiae
1731 1176 1822 1205 con-

190 1230 375 1274 cessione
409 1233 447 1274 in
483 1233 570 1275 iure
604 1234 774 1289 antiquo
806 1245 1017 1288 expressa,
1056 1247 1076 1273 c(
1102 1245 1180 1275 non
1215 1234 1401 1275 cuiusvis
1449 1231 1660 1289 privilegii
1703 1244 1819 1289 prae·

190 1306 349 1345 textu»
390 1301 530 1359 (Conc.
565 1301 691 1357 Trid,
725 1316 815 1359 cap.
852 1303 919 1359 13,
952 1317 1051 1348 sess
1087 1301 1195 1356 XlV)
1230 1308 1467 1361 competant
1500 1308 1695 1361 tanquam
1727 1303 1820 1349 sub·
1885 1338 1892 1344 .
1949 1321 1952 1325 ·

192 1374 297 1416 iecto
331 1376 368 1425 a)
390 1371 691 1431 fundatoribus
724 1376 783 1417 sic
816 1374 937 1417 dictis
971 1378 1138 1430 propter
1173 1374 1278 1417 bona
1301 1386 1408 1432 quae
1442 1374 1658 1429 dederunt,
1683 1372 1820 1418 calho-

191 1442 299 1498 licv'S,
334 1456 428 1487 nam
463 1446 600 1500 agitur
632 1444 683 1487 de
718 1443 878 1488 iuribus
910 1444 1245 1499 christianorum,
1281 1444 1380 1488 dum
1424 1444 1493 1488 illa
1543 1444 1645 1488 bona
1680 1445 1818 1488 deser-

193 1515 357 1557 vierunt
390 1515 439 1557 ad
476 1515 807 1558 aedificationem
841 1514 1054 1567 eeclesiae,
1092 1515 1367 1573 «eodemque
1401 1517 1490 1558 iure
1522 1517 1702 1559 oratoria
1746 1529 1818 1572 pu-

192 1584 296 1628 blica
333 1590 577 1642 reguntur»
616 1587 725 1637 (can.
763 1585 889 1640 1141,
920 1586 948 1644 ξ
982 1585 1038 1643 1),
1076 1585 1294 1644 cappellae
1327 1585 1620 1643 intelligendae
1655 1588 1818 1643 proprie

192 1657 248 1698 uti
283 1660 343 1698 est
378 1668 472 1712 pars
506 1655 628 1713 illius,
653 1662 727 1699 aut
760 1656 811 1700 ad
846 1657 1097 1700 dotationem
1132 1661 1218 1700 tum
1253 1656 1559 1700 alteriusutrius
1591 1660 1676 1700 tum
1701 1656 1817 1700 bene-

190 1725 276 1781 ficii
308 1726 356 1769 ad
392 1739 579 1769 normam
614 1739 704 1771 can.
740 1726 868 1781 1410,
904 1726 945 1784 b)
979 1726 1042 1770 vel
1085 1727 1225 1776 etiam,
1258 1727 1416 1770 scilicet
1449 1732 1539 1783 post
1582 1727 1819 1771 fundatores

189 1799 249 1839 eis
281 1797 354 1854 qai
385 1797 434 1839 ab
468 1796 558 1840 illis
592 1810 672 1854 qua
721 1797 872 1841 talibus
905 1812 1077 1840 causam
1109 1797 1382 1841 derivationis
1430 1800 1531 1841 iuris
1580 1802 1818 1854 patronatus

193 1866 356 1912 habent.

309 1938 407 1981 352.
445 1941 565 1985 luris
607 1943 900 1996 patronatus
943 1941 1228 1993 divisiones,
1261 1941 1435 1997 quaein
1480 1938 1558 1983 hoc
1591 1941 1724 1996 capite
1767 1952 1814 1982 ex

189 2010 359 2066 antiquo
385 2012 473 2052 iure
498 2014 794 2063 memorantur,
813 2014 908 2052 sunt
932 2022 953 2053 a
980 2009 1216 2066 legislatore
1249 2009 1483 2066 explicatae
1507 2012 1546 2052 in
1570 2023 1662 2052 can.
1686 2011 1817 2052 1449.

192 2077 261 2121 Ias
292 2084 562 2136 patronatus,
581 2082 774 2136 quamvis
807 2093 880 2136 pro
905 2080 1092 2123 eiusdem
1126 2085 1272 2123 natura
1296 2093 1318 2124 a
1344 2082 1530 2136 personis
1561 2079 1819 2136 possideatur

191 2153 231 2192 et
273 2155 531 2205 exerceatur,
565 2155 651 2193 est:
685 2176 736 2180 —
773 2150 813 2192 10
850 2155 1015 2207 propter
1065 2153 1264 2194 rationem
1302 2162 1383 2208 qua
1432 2150 1532 2193 illud
1577 2149 1652 2194 sibi
1688 2150 1819 2193 vindi-

190 2225 296 2272 cant,
330 2220 461 2272 reale,
509 2220 572 2263 vel
615 2219 852 2278 personale,
904 2234 983 2263 non
1030 2234 1150 2264 secus
1192 2234 1239 2264 ac
1294 2220 1511 2278 privilegia
1557 2223 1594 2263 in
1649 2232 1816 2277 genere,

186 2296 314 2347 prout
346 2290 478 2333 alicui
508 2291 572 2334 rei
613 2290 804 2334 inhaeret
837 2293 1068 2334 accessorie
1103 2293 1156 2334 ita
1205 2296 1248 2335 ut
1297 2293 1523 2349 possessori
1556 2293 1644 2334 eius
1691 2290 1815 2334 obve-

191 2363 289 2414 niat,
322 2361 386 2404 vel
418 2361 576 2405 directe
608 2365 695 2405 sine
727 2361 903 2405 alicuius
937 2365 993 2405 rei
1030 2362 1303 2418 possidendae
1337 2364 1484 2405 intuitu
1510 2360 1566 2405 ad
1593 2374 1817 2419 personam

190 2437 363 2489 spectat,
398 2433 758 2490 qualitercumque
791 2434 994 2488 originem
1030 2432 1129 2476 illud
1165 2432 1370 2476 habuerit.

308 2501 413 2555 Quia
465 2506 526 2546 ius
558 2505 803 2547 canonicum
846 2505 988 2546 statuit
1026 2505 1126 2546 iuris
1161 2508 1401 2559 patronatus
1434 2504 1741 2546 concessionem
1777 2503 1815 2544 in

192 2575 471 2617 testimonium
507 2574 772 2630 gratitudinis
805 2586 902 2629 erga
937 2573 1094 2629 fideles,
1128 2576 1197 2630 qui
1233 2574 1508 2617 determinata
1553 2572 1658 2617 bona
1691 2572 1817 2616 eccle-

190 2646 261 2686 siis
293 2649 363 2687 aut
398 2644 611 2688 beneficiis
643 2643 919 2699 contulerunt,
953 2657 1003 2687 ex
1049 2644 1195 2687 horum
1232 2644 1434 2688 bonorum
1485 2648 1631 2687 natura
1679 2643 1818 2686 distin-

192 2716 335 2770 guitur
358 2720 494 2758 ortum
519 2716 613 2758 inde
637 2717 698 2758 ius
722 2718 961 2771 patronatus
983 2713 1031 2757 2⁰
1051 2713 1411 2769 Ecclesiasticam,
1433 2712 1602 2767 laicale,
1626 2713 1817 2763 mimam,

189 2789 319 2842 prout
355 2785 518 2835 titulus
556 2798 627 2829 seu
679 2787 881 2828 motivum
931 2786 1203 2841 originarium
1237 2798 1316 2843 quo
1351 2784 1444 2842 qais
1484 2784 1578 2827 iare
1617 2783 1816 2840 singulari

195 2859 451 2911 patronatus
483 2856 648 2913 potitur
682 2857 781 2903 iure,
815 2860 875 2897 est
910 2854 1232 2910 ecclesiasticas,
1255 2854 1318 2898 vel
1342 2854 1526 2906 laicalis,
1543 2854 1607 2897 vel
1637 2846 1819 2904 mioetas;
