1965 3240
571 141 655 175 Tm.
685 140 832 174 XXIV.
862 160 874 166 -
899 140 956 174 De
982 141 1072 184 fidei
1095 141 1336 184 professione
1702 142 1774 177 377

145 261 306 307 citetur,
342 272 591 316 unoquoque
626 262 838 316 proprium
872 272 1020 302 nomen
1057 261 1171 301 initio
1204 265 1450 316 apponente,
1485 274 1532 304 ac
1566 263 1771 305 iusiuran-

144 330 241 373 dum
279 332 315 372 in
351 331 431 372 tine
464 329 702 385 singillatim
736 330 1004 386 adiungente.

264 400 359 443 298.
397 403 716 448 Conditiones
759 415 849 458 pro
891 402 1208 457 adimplenda
1256 403 1562 458 obligatione
1605 417 1770 448 neces·

143 473 322 517 sariae.
359 470 458 516 Can.
485 475 617 514 1407.
656 471 916 528 Obliyationi
948 471 998 514 ad
1035 484 1223 514 normam
1258 485 1346 516 can.
1374 478 1525 528 praec.⁵
1547 473 1644 528 fidei
1674 486 1769 530 pro-

142 542 365 598 fessionem
399 542 631 593 emittendi,
652 547 790 599 utpote
815 542 865 585 de
888 546 981 585 actu
1006 544 1174 584 omnino
1199 543 1416 598 personali,
1436 557 1515 585 mm
1540 543 1771 600 satisfacit7

143 615 194 655 ita
230 617 272 656 ut
305 612 441 656 adhuc
485 617 687 664 tencatur,
722 613 794 670 qui
834 626 925 655 eum
959 612 997 668 3)
1029 625 1107 670 per
1146 618 1465 669 procuratorem
1508 615 1630 656 etiam
1675 627 1769 657 cum

140 682 308 739 speciali
334 683 542 737 mandato,
562 697 661 740 ergo
687 683 724 726 id
751 685 883 739 ipsum
909 683 1140 727 concedere
1164 688 1373 740 nequeunt
1397 680 1685 741 Οι·(1133111,11)
1713 684 1773 726 rel

140 767 279 797 eoram
313 753 437 805 laico,
471 756 537 798 cui
575 755 746 811 proinde
781 756 869 797 ticri
904 756 1046 811 nequit
1079 753 1301 810 delegatio,
1325 753 1491 796 emittit.
1527 753 1642 798 Unde
1675 768 1770 798 con-

139 825 329 868 firmatur
361 824 470 882 quod
505 825 690 867 diximus
725 838 813 868 esse
849 829 1004 868 tantum
1040 824 1206 879 decens,
1241 829 1282 867 ut
1314 824 1509 867 sacerdos
1543 824 1772 881 delegetur,

138 897 234 952 quia
268 900 374 938 esset
406 895 616 939 sufficiens
650 900 691 938 ut
725 895 943 951 delegetur
965 895 1145 939 clericus
1176 897 1265 938 sive
1298 894 1524 938 saecularis
1556 897 1645 938 sive
1680 895 1771 938 reli·

137 968 276 1022 giosus
295 968 332 1009 in
358 966 693 1024 quibuscumque
718 966 882 1010 casibus
905 967 1058 1010 dicitur
1075 967 1277 1009 confessio
1296 966 1391 1009 fidei
1416 966 1640 1009 emittenda
1666 982 1685 1007 <t
1707 966 1770 1010 vel

137 1049 275 1080 coram
311 1039 399 1080 eius
432 1037 679 1094 delegato».

256 1108 353 1151 ‘299-
390 1111 705 1155 Consuetudo
750 1111 797 1153 in
843 1111 1157 1155 contrarium.
1201 1107 1302 1151 Can.
1337 1110 1468 1153 1408.
1508 1107 1774 1167 Reprobalm·

136 1179 343 1237 quaelibet
376 1179 629 1223 consuetudo
669 1196 689 1221 ((
712 1182 802 1223 sive
848 1182 993 1237 vigens
1026 1182 1065 1223 in
1101 1192 1310 1237 praesens,
1345 1179 1439 1224 licet
1471 1182 1522 1223 sit
1556 1183 1770 1223 immemo-

136 1249 277 1294 rabilis
302 1266 343 1306 »,
366 1253 456 1294 sive
491 1252 626 1294 futura
661 1253 783 1294 etiam
825 1264 942 1307 «per
974 1264 1103 1295 annos
1136 1251 1410 1308 quadraginta
1436 1250 1494 1308 (et
1527 1250 1652 1307 ultra)
1675 1264 1770 1294 003-

135 1324 270 1365 tinuos
303 1326 343 1365 et
375 1322 647 1378 completos»
688 1326 868 1375 servata,
888 1327 1035 1365 contra
1068 1336 1247 1365 canones
1281 1321 1406 1364 lenius
1442 1321 1558 1364 tituli
1589 1322 1705 1377 duos,
1732 1324 1769 1365 in

133 1392 307 1449 singulis
342 1394 462 1449 primi
500 1395 701 1448 numeris,
737 1406 966 1450 eorumque
1005 1392 1325 1450 particularibus
1362 1392 1770 1449 praescripitonibus.

137 1462 207 1506 llla
255 1465 363 1506 enim
409 1468 648 1521 «tanquam
701 1465 802 1506 iuris
835 1463 1069 1520 corruptela
1119 1466 1410 1520 cor1·igatur,...
1460 1477 1566 1507 neve
1613 1465 1772 1506 sinatur

135 1537 172 1577 in
218 1539 428 1591 posterum
474 1537 776 1578 reviviscere»
817 1534 925 1592 (can.
961 1534 1018 1591 ὃ),
1054 1534 1155 1578 11300
1200 1548 1299 1578 vero
1338 1551 1356 1574 «
1382 1548 1461 1577 non
1496 1539 1555 1577 est
1595 1537 1772 1577 rationa-

135 1605 227 1649 bilis
250 1621 288 1648 )).

252 1676 348 1722 300.
371 1678 442 1723 De
461 1679 706 1734 sapientia
725 1680 1000 1724 huiusmodi
1029 1681 1198 1725 statuti
1224 1677 1438 1721 catholicis
1456 1678 1607 1721 sufficit
1629 1683 1769 1721 aucto-

133 1749 230 1791 ritas
252 1746 477 1803 Ecclesiae,
503 1761 609 1806 quae
643 1749 796 1805 Spiritu
830 1749 980 1792 Sancto
1016 1751 1173 1805 regitur
1196 1753 1235 1792 et
1258 1749 1308 1792 de
1332 1761 1410 1806 qua
1437 1748 1588 1805 legitur
1611 1749 1765 1792 dictum

132 1830 153 1861 3
198 1817 393 1861 Domino:
434 1817 558 1872 «Qui
607 1833 678 1862 vos
722 1819 850 1875 audit,
893 1833 958 1863 me
1003 1820 1141 1873 audit,
1186 1827 1227 1864 et
1269 1822 1337 1877 qui
1384 1833 1456 1862 vos
1499 1822 1669 1876 spernit,
1703 1833 1768 1863 me

130 1891 330 1946 spernit»
370 1889 485 1947 (Luc.
522 1889 571 1945 X,
612 1889 699 1947 16).
738 1915 790 1921 —
824 1890 902 1934 Sed
948 1891 1170 1934 dicendum
1216 1904 1268 1935 ss.
1317 1903 1496 1934 canones
1536 1906 1554 1931 ((
1579 1891 1629 1934 (10
1673 1891 1767 1934 fidei

131 1960 383 2017 professione
407 1976 427 2002 ))
455 1963 619 2018 sapiens
641 1965 840 2004 statutum
874 1963 1103 2005 continere.
1128 1962 1333 2018 Sapientis
1356 1961 1522 2018 quidem
1548 1966 1605 2004 est
1631 1963 1766 2004 omnia

131 2030 318 2074 ordinate
352 2033 567 2088 peragere,
602 2044 649 2075 ac
683 2032 904 2088 disponere
941 2037 982 2075 ut
1016 2046 1175 2086 eorum,
1209 2045 1314 2089 quac
1349 2031 1641 2089 principaliora
1673 2036 1765 2074 sunt

130 2113 177 2144 ac
212 2101 541 2154 fundamentum,
576 2104 759 2145 firmitati
793 2115 840 2146 ac
874 2103 1089 2146 custodiae
1125 2105 1257 2159 magis
1297 2102 1578 2159 provideatur.
1616 2102 1655 2145 ln
1691 2102 1765 2145 Ec-

130 2170 253 2215 clesia
292 2185 389 2215 vero
423 2171 625 2216 catholica
651 2174 900 2229 principium
930 2186 977 2217 ac
1003 2173 1317 2217 fundamentum
1362 2177 1420 2216 est
1456 2173 1569 2218 tides.
1591 2177 1633 2216 ut
1658 2177 1767 2229 patet

131 2245 168 2285 in
195 2242 302 2286 Petri
326 2244 599 2298 consessione,
623 2248 663 2286 et
685 2246 780 2301 quia
812 2259 831 2285 <‹
851 2246 938 2287 sine
973 2245 1054 2287 tide
1088 2244 1342 2301 impossibile
1366 2248 1426 2287 051
1451 2243 1613 2300 placere
1636 2242 1720 2286 Deo
1743 2260 1757 2279 »

131 2312 302 2361 (Haebr.
347 2313 413 2369 Xl,
459 2313 516 2372 6),
551 2319 589 2358 et
634 2317 744 2372 «qui
790 2328 867 2358 3011
912 2316 1154 2370 crediderit,
1197 2314 1579 2358 condemnabitur»
1619 2314 1760 2371 (Marc.

131 2383 234 2439 XVl,
260 2384 345 2442 16).
365 2385 549 2430 Ecclesia
584 2399 684 2442 ergo
718 2385 861 2429 debuit
896 2386 992 2430 tidei
1028 2388 1240 2430 securitati
1265 2400 1313 2429 30
1335 2385 1546 2429 stabilitati
1581 2387 1760 2428 maxima

128 2468 227 2499 cura
262 2458 514 2512 prospicere.

245 2524 601 2571 Considerandum
640 2532 699 2571 est
742 2532 881 2571 autem
918 2528 1122 2585 triplicem
1170 2540 1437 2585 personarum
1482 2527 1758 2570 conditionem

126 2597 261 2655 quoad
296 2597 371 2641 1100
407 2600 584 2641 inveniri
621 2611 751 2655 posse.
787 2598 997 2653 Imprimis
1030 2599 1222 2643 omnibus
1261 2599 1435 2641 dicitur:
1474 2613 1495 2639 ((
1513 2598 1639 2641 001(Ιο
1672 2611 1759 2641 crc-

126 2668 238 2711 ditur
270 2669 319 2711 ad
356 2670 567 2723 iustitiam,
602 2682 673 2712 ore
707 2674 846 2713 autem
880 2672 1085 2714 consessio
1119 2672 1162 2713 tit
1195 2670 1244 2713 ad
1279 2670 1454 2713 salutem
1476 2684 1496 2709 ›)
1535 2668 1606 2725 (ad
1641 2668 1757 2713 Rom.

127 2738 175 2794 X,
202 2739 286 2797 10).
321 2739 492 2794 Quoties
529 2753 626 2783 vero
662 2744 807 2796 urgeat
842 2742 880 2783 in
919 2744 1001 2784 vita
1036 2741 1112 2784 1100
1145 2741 1334 2784 divinum
1370 2744 1652 2796 praeceptum,
1677 2752 1755 2781 non

124 2814 296 2854 constat.
330 2809 446 2854 Unde
479 2809 531 2854 ab
563 2809 748 2854 Ecclesia
774 2810 812 2854 id
839 2812 911 2854 tuit
936 2811 1322 2855 determinandum:
1358 2813 1394 2853 in
1431 2811 1566 2853 0111010
1598 2809 1754 2863 divino,

123 2880 231 2938 quod
268 2882 433 2923 nomine
467 2879 650 2924 fidelium
687 2880 953 2937 persolvitur,
974 2886 1014 2924 01
1036 2884 1075 2924 13
1103 2882 1232 2936 Missa,
1258 2883 1322 2924 031
1359 2879 1502 2923 tideles
1536 2881 1753 2923 intersunt.
