1965 3240
0 567 2 574 -
0 529 1 534 Α
0 409 9 507 ''er—v.
0 195 17 407 .——v-,.‹-73u,

543 164 627 198 Tm
657 165 729 198 IX.
761 186 772 190 -
800 165 856 200 De
879 168 1087 210 sepnttara
1114 167 1370 201 ecclesiastica
1729 169 1774 202 92}

260 283 396 341 Usque
436 283 516 327 buc
557 289 762 340 protracta
800 284 1057 340 parenthesis
1096 284 1388 337 declaratione,
1424 290 1687 344 prosequitur
1711 302 1775 333 ca-

140 358 257 399 nonis
302 357 603 411 praescriptum
645 370 664 395 ((
691 360 732 397 ut
777 354 924 398 electio
968 355 1169 398 ecclesiae
1202 356 1356 397 funeris
1402 357 1533 400 valeat
1561 373 1603 400 »ς
1638 358 1678 415 c)
1715 359 1776 402 rel

145 426 351 469 «cadat»
402 425 442 467 in
483 424 701 469 ecelesiam
749 424 858 467 ιἰιιηζς
897 430 1169 482 palronalas,
1212 431 1399 481 respectu
1447 429 1573 482 ipsius
1618 433 1772 471 tantum

139 499 298 553 patroni
343 496 549 553 eligentis,
588 496 698 553 qnod
747 498 943 552 exprimit
988 495 1196 539 clausula:
1232 496 1269 538 si
1302 502 1458 552 ιᾳμιίηι·
1495 497 1545 539 ‹le
1579 509 1777 555 patrono,

138 567 182 625 d)
219 567 279 610 vel
312 567 353 610 in
388 567 520 610 allam
554 566 774 610 ecelesiam
803 566 1039 624 funerandi
1065 567 1156 609 iure
1190 572 1358 623 propter
1394 572 1777 624 praescriptionem‚

138 639 270 695 legem
308 638 616 695 particularem,
650 651 720 681 seu
756 637 807 681 ob
844 637 1111 694 privilegium
1143 637 1400 694 praeditam.

256 710 321 753 84.
345 712 641 756 Exercitium
666 711 881 754 validum
906 710 1115 765 duplicis
1138 711 1261 754 iuris
1284 711 1514 766 eligendi.
1538 709 1636 752 l'an.
1663 714 1777 754 1226

137 781 387 824 determinat
419 780 741 837 applicationem
777 780 873 823 hnic
911 777 990 823 iuri
1016 780 1065 823 de
1092 779 1235 836 regula
1262 780 1315 823 68
1342 782 1378 822 in
1405 781 1463 824 60.
1488 780 1661 823 «Potest
1687 784 1778 838 quis

137 865 209 908 per
231 851 374 905 alium,
398 851 507 909 quod
536 856 666 908 potest
693 852 831 894 lacere
859 865 931 907 per
954 864 997 894 se
1022 853 1155 907 ipsum
1183 867 1221 892 )>.
1246 850 1273 907 ξ
1298 854 1330 895 J.
1355 850 1588 894 Ecclesiam
1614 853 1779 908 saneris

136 928 209 965 aa!
233 922 525 966 coemeterimn
548 922 796 980 sepzcllarae
819 923 912 980 ques
935 922 1093 980 eliqere
1113 927 1251 980 polest
1276 922 1325 964 ad
1353 935 1538 965 normam
1570 936 1774 966 canonum

140 994 389 1037 1223-1225
423 993 464 1050 a)
495 1007 573 1051 per
605 1008 663 1047 se,
700 992 743 1050 b)
780 992 841 1036 rel
872 1007 949 1051 per
983 992 1117 1036 aliam
1155 993 1222 1035 em·
1265 992 1495 1049 leyilimam
1542 1007 1589 1035 ex
1636 993 1777 1037 obser-

139 1067 276 1108 vanua
314 1077 528 1108 sacrarum
570 1064 706 1121 legum
748 1064 994 1108 mandatum
1039 1063 1230 1115 (lederil;
1263 1063 1304 1121 a)
1341 1064 1583 1121 [aestumque
1625 1064 1776 1108 alteru-

135 1141 240 1179 tram
269 1149 317 1179 ac
357 1150 429 1192 per
467 1135 712 1179 alterutrum
753 1135 1012 1189 electionem,
1056 1134 1098 1187 b)
1140 1141 1214 1177 aut
1248 1134 1440 1177 mandati
1473 1135 1775 1179 comessionem
1829 1133 1832 1136 ’

135 1206 317 1264 quolibet
349 1207 537 1264 leyilimo
573 1206 691 1250 modo
724 1209 814 1250 sive
854 1207 1106 1250 iudicialiter
1153 1208 1243 1249 sive
1287 1211 1401 1249 extra
1448 1206 1646 1249 iudicium
1678 1220 1776 1264 pra-

135 1277 234 1321 bare
266 1278 376 1323 licet.

251 1349 279 1407 g
309 1352 351 1393 2.
389 1349 434 1393 Si
467 1349 613 1393 electio
648 1350 846 1410 alterutra
873 1349 947 1406 fiat
979 1362 1056 1407 per
1089 1347 1237 1398 aliam,
1277 1347 1344 1390 lm·
1376 1362 1493 1391 saum
1531 1347 1775 1391 mcmslalum

135 1420 365 1477 legitimum
395 1421 446 1464 de
469 1413 685 1470 alterutral
703 1420 906 1464 electione
940 1419 1112 1478 eoeplere
1143 1425 1281 1477 polest
1315 1419 1441 1461 eliam
1473 1424 1568 1475 pos!
1603 1425 1775 1462 mortem

137 1491 396 1540 mandantis,
432 1492 484 1535 ol)
517 1505 640 1550 quam
676 1491 856 1536 dubitari
893 1494 1019 1548 possit
1053 1491 1104 1534 de
1140 1491 1322 1533 mandati
1363 1490 1517 1533 valore.

253 1564 319 1607 85.
358 1565 512 1610 Plena
549 1566 805 1611 electionis
843 1566 1050 1610 libertas
1089 1565 1381 1608 vindicatur.
1417 1561 1651 1604 Bonit'acius
1689 1560 1770 1604 Vlll

133 1637 172 1677 in
205 1647 294 1691 cap.
321 1638 340 1678 1
379 1635 429 1679 de
461 1635 686 1692 sepulturis
709 1634 793 1691 (lll,
821 1634 893 1692 12)
919 1637 957 1677 in
994 1635 1036 1676 6⁰
1072 1636 1227 1691 inquit:
1259 1633 1542 1676 «Animarum
1579 1632 1773 1689 periculis

131 1709 170 1748 et
203 1705 424 1758 scandalis,
459 1719 565 1764 quae
599 1707 839 1763 frequenter
871 1720 920 1749 ex
956 1705 1018 1748 bis
1054 1707 1319 1762 proveniunt,
1354 1703 1527 1747 obviare
1574 1703 1773 1754 volentes,

133 1779 339 1820 universis
374 1777 578 1834 religiosis
616 1783 653 1821 et
692 1776 980 1821 saecularIbus
1002 1776 1183 1830 clericis,
1207 1778 1510 1832 cuiuscumque
1543 1779 1673 1817 status
1710 1773 1770 1817 vel

133 1848 380 1891 conditionis
412 1851 626 1900 exsistant,
651 1850 689 1891 in
728 1851 879 1892 virtute
912 1852 1080 1891 sanctae
1114 1847 1395 1899 obedientiae,
1421 1845 1624 1903 (clausula
1659 1845 1774 1887 dero-

131 1923 225 1975 gata
251 1924 419 1976 propter
436 1919 600 1964 Codicis
623 1919 926 1976 omissionem),
944 1931 991 1962 ac
1009 1918 1085 1962 sub
1107 1919 1444 1961 interminatione
1470 1915 1772 1959 maledictionis

131 1994 338 2045 aeternae,
373 1991 678 2034 districtissime
712 1989 1041 2047 probibemus»,
1067 1994 1106 2033 et
1128 1992 1317 2046 sequitur
1353 1988 1495 2031 iisdem
1536 1985 1673 2029 verbis
1710 1999 1771 2029 re·

132 2063 250 2104 titum
285 2075 374 2105 can.
411 2064 530 2105 1227
565 2063 737 2118 proinde
781 2064 1025 2105 asserentis:
1063 2060 1284 2117 Ηθίῖφίοςί,
1324 2061 1431 2117 «qui
1481 2063 1572 2100 rota
1618 2070 1773 2100 nuncn-

133 2137 282 2188 parunt
314 2135 353 2175 in
388 2133 527 2191 aliqua
561 2133 801 2189 religione»
830 2132 940 2189 (can.
974 2132 1075 2185 488,
1109 2131 1193 2188 70),
1227 2137 1265 2173 el
1303 2129 1446 2173 elerici
1478 2142 1549 2171 sen
1580 2128 1771 2170 «divinis

133 2205 371 2247 ministeriis
405 2218 478 2260 per
511 2206 687 2261 primam
722 2203 866 2247 saltem
903 2208 1114 2246 tonsuram
1143 2203 1409 2257 mancipati»
1434 2205 1541 2249 (can.
1567 2199 1660 2248 108,
1683 2198 1711 2255 g
1734 2198 1770 2249 1)

130 2274 385 2322 saeculares,
429 2288 510 2333 qua
552 2276 867 2330 distinguuntur
899 2288 920 2317 a
957 2274 1185 2330 religiosis:
1232 2272 1431 2329 praedicti
1476 2269 1670 2313 districte
1709 2282 1768 2310 ve-

132 2351 292 2398 latum,
325 2360 425 2401 ergo
460 2346 538 2390 sub
572 2349 691 2403 gravi
730 2351 916 2403 peccato,
948 2360 999 2388 ne
1032 2359 1132 2403 quos
1167 2343 1368 2387 habentes
1402 2341 1552 2397 duplex
1590 2339 1768 2396 eligendi

131 2419 194 2460 ius
225 2417 277 2460 de
309 2431 391 2474 quo
426 2418 543 2472 infra,
578 2416 618 2474 a)
653 2416 710 2459 ad
743 2415 968 2460 vovendam
1001 2417 1187 2472 proprie,
1222 2412 1263 2470 b)
1300 2411 1540 2462 iaramlam,
1571 2410 1769 2453 alterutro

130 2501 280 2545 nempe
313 2493 407 2532 actu
443 2488 668 2545 religionis,
704 2487 744 2545 c)
781 2487 841 2530 vel
875 2487 955 2544 sicle
989 2486 1256 2544 interposita,
1293 2485 1421 2527 idest:
1470 2481 1628 2525 foi·mali
1668 2481 1768 2523 tide-

131 2558 254 2602 litatis
297 2559 549 2615 obligatione
592 2564 801 2615 suscepta,
833 2572 905 2601 sea
939 2557 1080 2606 aliter,
1117 2557 1154 2599 id
1201 2561 1259 2599 est
1304 2554 1548 2610 simpliciter
1588 2551 1767 2609 promil-

131 2629 296 2673 lendam
322 2629 526 2673 inducant
548 2632 754 2684 suasione,
779 2632 917 2684 minis,
944 2630 1192 2685 importunis
1218 2624 1497 2683 petitionibus,
1522 2623 1563 2679 a)
1589 2628 1631 2664 al
1655 2620 1769 2679 apml

130 2714 273 2744 eoram
305 2700 504 2743 ecelesias
535 2700 681 2759 fanus,
705 2701 813 2758 quod
841 2701 1098 2756 frequentius
1122 2699 1294 2741 evenire
1321 2700 1464 2752 potest,
1491 2694 1532 2750 b)
1557 2698 1630 2735 aa!
1654 2691 1768 2749 apud

132 2772 315 2829 ipsorum
355 2772 645 2815 coemeterium
689 2770 951 2828 sepulturam
993 2769 1170 2825 elissam,
1204 2780 1250 2810 ac
1287 2772 1509 2821 utrumque
1554 2764 1764 2807 constituit

129 2845 347 2887 seiunctim
392 2842 600 2886 obiectum
647 2842 862 2886 electionis
905 2855 954 2884 ex
1004 2843 1127 2883 vetita
1175 2839 1428 2892 inductione,
1464 2849 1542 2878 non
1578 2834 1766 2877 obstante

128 2915 238 2972 quod
273 2916 312 2957 in
346 2916 434 2958 cit.⁰
459 2919 565 2970 capf‘
586 2916 787 2970 scriptum
823 2917 932 2956 erat:
963 2927 983 2951 «
1004 2916 1045 2954 ut
1079 2910 1185 2967 apud
1221 2921 1364 2952 eorum
1399 2906 1596 2950 ecclesias
1628 2903 1763 2959 sepul—
