1965 3240
147 125 219 159 336
410 124 495 159 Lm.
521 124 594 158 ΠΙ.
627 144 636 149 -
663 124 774 158 PARS
799 124 865 157 IV.
896 144 907 149 -
933 124 991 158 De
1016 125 1240 168 iiiayisterio
1265 123 1514 157 ecclesiastico

153 243 301 300 vulgo:
337 245 494 298 riviste,
530 255 696 297 revues,
728 244 918 298 revistas,
949 240 1181 299 periodicis
1214 240 1351 298 quoad
1387 238 1677 296 publicationis
1702 239 1773 282 da-

150 318 249 368 tam,
281 311 463 355 seribere
494 311 638 356 saltem
675 312 725 356 ad
763 313 930 355 modum
965 311 1378 367 correspondentium
1402 323 1475 353 seu
1508 307 1776 352 collaborato-

148 397 257 436 rum,
289 385 364 426 etsi
398 385 557 426 ratione
595 382 819 427 verborum
854 385 976 426 etiam
1011 381 1138 424 semel
1174 381 1388 424 videretur
1409 380 1615 434 sufficere,
1633 381 1775 436 sicque

151 454 347 510 ampliato
396 455 653 510 praescripto
686 453 777 496 Litt.
813 452 1052 509 Aplcarum.
1092 467 1112 492 «
1137 451 1333 495 Pascendi
1357 466 1378 492 ))
1417 450 1475 493 Pii
1507 449 1558 493 X.
1597 449 1777 506 Explicit

155 526 325 568 vetitum
358 524 422 582 §¹³
457 523 520 567 vel
553 523 697 567 eadem.
735 524 924 577 «diaria,
959 522 1054 566 folia
1078 538 1098 563 ))
1137 522 1222 579 (vel
1259 521 1419 565 libellos
1467 523 1505 563 in
1559 520 1656 564 Dec.
1681 530 1774 576 gen.

152 595 342 652 omissos)
382 611 402 636 ((
426 595 659 652 periodicos
681 611 702 637 ))
740 594 968 638 moderari.
1002 593 1127 637 idest:
1160 606 1209 636 ne
1232 593 1460 636 directores
1498 594 1579 635 sint
1616 603 1774 645 eorum,

152 667 320 722 proprio
357 665 418 709 vel
453 665 587 709 alieno
621 667 800 709 nomine.
834 664 884 708 Et
916 664 1074 708 addunt
1116 663 1207 707 Litt.
1247 663 1415 720 Aplcae.
1460 678 1480 703 ε(
1504 661 1701 705 Pascendi
1724 676 1772 713 »3

158 751 178 777 <c
201 735 292 789 Qua
324 738 355 779 si
390 738 460 794 qui
496 738 618 780 venia
652 737 882 792 perniciose
916 740 1098 785 utantur,
1123 747 1185 790 ea,
1212 736 1355 777 moniti
1390 735 1586 790 primum,
1608 734 1774 789 priven-

152 812 280 852 tur».
315 806 651 864 Derelinquenda
683 811 744 850 est
776 808 978 850 sententia
1010 805 1238 849 excludens
1280 804 1331 848 ab
1374 804 1451 848 bac
1495 804 1585 861 lege
1616 802 1777 846 libellos

154 878 398 934 periodicos,
433 890 538 932 quae
574 876 796 921 videbatur
828 878 1072 920 contirmata
1107 889 1157 919 ex
1190 875 1308 919 Instr.
1342 876 1379 919 S.
1414 873 1565 932 Congr.
1598 887 1671 931 pro
1704 873 1778 917 Ne-

152 950 274 1004 gotiis
307 948 452 991 eccles.
488 947 699 991 extraord.
725 947 762 992 1:
802 963 823 988 ((
845 947 892 990 lt.
917 947 959 990 ln
983 951 1136 1004 quanto
1160 946 1239 990 alla
1261 946 1501 989 tondazione
1524 959 1546 988 0
1569 945 1777 988 (111·οΖ1030

153 1019 192 1062 (11
228 1019 443 1075 periodici,
477 1021 683 1075 compresi
717 1018 842 1075 quelli
877 1018 916 1061 (11
951 1020 1093 1069 azione
1127 1017 1323 1074 popolare
1366 1018 1576 1070 cristiana,
1609 1015 1634 1058 il
1667 1014 1778 1059 clero

153 1090 259 1133 (leve
292 1090 541 1133 fedelmente
574 1102 792 1133 osservare
826 1094 979 1147 quanto
1014 1091 1136 1132 viene
1169 1091 1386 1145 prescritto
1409 1087 1475 1130 nel
1498 1091 1573 1130 art.
1594 1087 1647 1130 4⁶2
1671 1085 1776 1129 (10113

153 1160 288 1204 Const.
323 1160 466 1217 Aplca.
507 1176 526 1201 ε(
551 1157 794 1205 Officiorum
820 1176 840 1202 )>
879 1160 944 1204 (101
981 1160 1034 1203 ⁰25
1067 1158 1252 1204 Gennaio
1287 1159 1398 1202 1897
1422 1174 1462 1201 ³).

271 1231 458 1288 Rigidior
491 1244 539 1275 ac
572 1231 750 1288 amplior
791 1234 924 1289 quoad
970 1243 1169 1288 personas
1211 1235 1271 1273 est.
1306 1228 1527 1286 prohibitio
1561 1229 1777 1285 desumpta

153 1302 204 1345 de
240 1301 366 1345 verbo
399 1302 448 1345 ad
489 1301 661 1346 verbum
707 1315 757 1345 ex
802 1315 913 1345 num.
949 1302 1002 1345 ,⁶22
1046 1300 1173 1345 Dec.¹²¹
1207 1306 1377 1357 gener.m
1408 1300 1437 1358 ξ
1470 1300 1508 1343 ⁶2.
1541 1298 1590 1342 In
1622 1297 1778 1342 diariis

151 1386 262 1425 vero,
302 1377 442 1429 utpote
487 1376 789 1429 praescriptum
827 1372 1007 1429 speciale
1051 1377 1242 1423 respectu
1284 1371 1322 1425 {¹
1357 1376 1524 1428 praec.⁵‚
1553 1368 1674 1428 foliis
1716 1368 1779 1412 vel

146 1442 309 1487 vlibellis
339 1442 583 1501 periodieis,
618 1448 740 1500 prout
772 1443 874 1487 baec
918 1442 1047 1487 verba
1090 1445 1128 1485 in
1172 1445 1238 1486 cit.
1272 1441 1318 1500 §⁰
1353 1443 1518 1485 fuerunt
1555 1440 1779 1492 declarata,

154 1514 226 1572 qui
257 1514 408 1571 singuli
442 1521 482 1571 a)
512 1513 762 1571 reliqiouem
794 1513 1060 1565 catholicam,
1093 1515 1182 1556 sive
1216 1515 1255 1555 13
1290 1525 1337 1555 eo
1370 1512 1481 1570 quod
1515 1513 1603 1554 0133
1626 1515 1685 1554 031
1709 1523 1776 1567 pe—

146 1585 324 1641 culiare,
357 1587 447 1629 sive
481 1599 578 1629 cum
613 1585 812 1642 religione
845 1585 1022 1628 naturali
1055 1597 1291 1639 commune,
1316 1582 1359 1640 b)
1383 1588 1457 1625 aut
1479 1581 1604 1625 bonos
1630 1594 1778 1637 mores,

155 1657 278 1699 etiam
313 1669 441 1698 unum
476 1655 540 1699 vel
575 1656 751 1699 alterum
788 1661 1054 1712 praeceptum
1089 1655 1299 1712 impetere,
1326 1654 1452 1697 idest:
1487 1652 1644 1695 directe
1668 1653 1777 1695 noxii

154 1731 247 1770 sunt
280 1739 378 1783 erga
412 1726 723 1783 praedictorum
757 1727 949 1781 alterum,
982 1725 1129 1777 solent,
1166 1725 1275 1783 quod
1310 1724 1490 1781 explicat
1526 1722 1652 1766 verba
1680 1722 1777 1766 Dec.

154 1803 277 1853 gen.¹¹¹
315 1797 454 1840 «(1313
487 1809 670 1854 opera».
705 1796 948 1854 Requiritur
980 1810 1081 1853 ergo
1115 1801 1158 1839 ut
1190 1809 1269 1838 non
1293 1795 1420 1838 semel
1447 1794 1508 1838 vel
1536 1797 1683 1837 iterum
1708 1793 1778 1836 secl

155 1869 394 1925 frequenter
426 1867 634 1922 damnosi,
668 1872 711 1910 ut
744 1866 997 1911 declaratum
1033 1871 1107 1916 est,
1140 1865 1332 1909 evadant.
1367 1864 1410 1908 ln
1444 1864 1688 1920 Dec.⁵gen.s
1720 1863 1780 1907 di—

155 1937 347 1982 cebatur:
388 1953 408 1978 <s
432 1951 553 1981 nemo
587 1950 608 1981 e
643 1937 871 1993 catholicis,
897 1939 1140 1994 praesertim
1166 1950 1188 1980 e
1213 1938 1314 1979 viris
1337 1935 1630 1979 ecclesiasticis
1650 1949 1690 1990 »,
1709 1933 1778 1977 sed

156 2010 195 2051 in
229 2021 388 2052 canone
436 2022 532 2052 cum
567 2008 766 2052 relatione
799 2008 849 2051 ad
892 2010 1066 2052 vetitum
1101 2013 1256 2064 111300.Β
1285 2007 1326 2065 §¹
1360 2007 1535 2050 dicitur:
1575 2019 1648 2048 vec
1680 2004 1782 2048 laici

156 2079 368 2132 catholici,
402 2081 553 2138 quibus
600 2086 760 2124 tantum
809 2079 994 2124 Ecclesia
1044 2078 1186 2123 iubere
1231 2083 1374 2134 potest,
1408 2090 1455 2121 ac
1495 2075 1623 2120 verbo
1662 2091 1683 2117 «
1705 2088 1780 2119 nec

157 2150 293 2195 laici»
332 2154 517 2195 innuitur
556 2168 574 2193 <i
599 2152 741 2195 clerici
782 2151 1018 2195 saeculares
1060 2163 1106 2193 ac
1151 2149 1377 2206 religiosi»
1415 2160 1540 2205 supra
1584 2146 1781 2191 declarati

156 2221 233 2265 hac
266 2224 394 2266 teneri
430 2222 696 2279 obligatione,
720 2221 939 2280 quidpiam
962 2220 1226 2265 conseribant
1248 2233 1321 2263 seu
1349 2235 1369 2261 «
1393 2218 1662 2276 publicent»,
1686 2217 1782 2261 hinc

147 2293 569 2350 »comprehenduntur
616 2295 741 2337 etiam
790 2295 902 2349 ipsae
949 2293 1289 2336 denunciationes
1327 2289 1543 2344 librorum,
1578 2288 1642 2331 vel
1675 2300 1784 2332 com-

159 2366 316 2418 mercii,
349 2369 420 2407 aut
450 2363 733 2421 quarumlibet
765 2364 1053 2420 religiosarum
1089 2364 1361 2406 functionum.
1386 2386 1438 2391 —
1463 2359 1566 2404 Cum
1599 2359 1700 2402 haec
1723 2362 1783 2401 ta-

158 2448 251 2478 men
287 2434 508 2492 probibitio
544 2435 740 2478 fundetur
774 2437 812 2477 in
848 2447 976 2491 prava
1011 2435 1317 2490 cooperatione,
1354 2444 1479 2489 quam
1513 2433 1576 2473 ius
1597 2428 1784 2473 naturale

162 2510 284 2560 vetat,
319 2505 530 2561 legislator
562 2519 636 2549 suo
670 2507 798 2549 vetito
831 2507 1097 2561 exceptiones
1128 2504 1339 2547 adiunxit:
1374 2501 1459 2544 nisi
1491 2500 1532 2558 a)
1565 2500 1678 2543 iusta
1710 2512 1784 2543 seu

160 2578 467 2632 proportionata
497 2590 546 2618 ae
577 2574 830 2619 rationabili
862 2575 988 2618 idest:
1025 2576 1172 2618 rationi
1206 2573 1375 2617 fundata
1408 2585 1536 2615 eausa
1569 2569 1782 2625 suadente,

154 2658 264 2703 quae
291 2660 327 2690 v.
347 2660 407 2703 gr.
437 2647 675 2690 verificatur
699 2648 737 2689 in
762 2648 1006 2690 300033113ῐο
1038 2647 1097 2688 310
1121 2643 1369 2688 defendendi
1394 2644 1608 2699 proprium
1631 2640 1784 2684 bonum

154 2730 307 2760 nomen
342 2722 411 2760 aut
444 2719 533 2760 iura
567 2716 791 2769 Ecclesiae,
827 2716 891 2759 vel
927 2715 1173 2772 providendi
1208 2716 1326 2771 gravi
1362 2714 1595 2757 necessitati
1629 2712 1782 2768 proprii

280 2870 291 2890 1
317 2869 361 2903 27
388 2869 472 2903 Ian.
503 2869 605 2902 1902.
