1965 3240
113 206 242 237 uantur
279 201 323 235 ab
366 200 556 237 Ordinario
592 201 710 236 eiusve
737 201 893 246 delegato

111 254 143 284 et
169 249 212 284 ab
251 248 379 300 eodem.
409 253 551 294 possunt
578 248 620 284 ob
647 260 787 293 gravem
816 260 896 284 cau·

111 307 185 331 sam
215 306 394 331 removeri.

157 342 241 378 Cu.
269 342 364 377 1184.
397 362 411 368 -
442 342 637 378 Consilium
661 343 812 379 fabricae
832 354 889 378 cu-

109 401 185 426 rare
227 390 328 425 debet
362 395 491 425 rectam
530 391 698 425 bonorum
726 391 891 427 ecclesiae

108 437 463 478 administrationem,
502 443 637 473 servato
681 439 891 483 praescripto

106 496 183 520 can.
209 483 308 526 1522),
333 483 417 519 1323
435 497 441 525 ;
458 485 516 520 sed
534 485 736 520 nullatenus
751 497 825 521 sese
842 487 890 520 in-

108 537 204 578 gerat
246 533 279 566 in
307 543 348 567 ea
373 532 491 567 omnia
519 543 607 578 quae
632 533 675 567 ad
708 533 890 579 spirituale

110 590 238 615 munus
265 580 451 625 pertinent,
482 580 707 623 praesertim:

161 627 205 662 l.⁰
232 626 266 660 ln
295 627 499 662 exercitium
526 628 641 662 cultus
668 628 702 662 in
720 628 889 669 eeclesia3

155 674 208 708 ‘'2st
234 673 269 708 lu
308 675 448 709 modum
492 680 523 709 et
560 680 698 721 tempus
727 675 888 721 pulsandi

107 732 298 768 campanas
324 727 356 757 et
384 722 419 756 in
450 733 570 757 curam
607 723 726 758 tuendi
755 723 890 758 ordinis

108 769 141 804 in
170 769 316 804 ecclesia
341 773 446 815 atque
478 769 511 803 in
540 770 766 811 coemeteri03

155 817 209 850 3.0
253 817 288 851 ln
333 817 570 852 definiendam
611 817 781 853 rationem
821 829 889 864 qua

106 864 282 901 collectae,
310 864 598 899 denuntiationes
635 865 766 911 aliique
791 871 890 901 actus

106 912 149 946 ad
177 912 338 946 divinum
365 911 497 946 cultum
526 914 760 958 ornatumque
781 914 888 949 ecele-

106 959 177 994 siae
204 970 343 1004 quoquo
371 960 471 994 modo
497 965 695 1006 spectantes
723 961 755 994 iu
785 961 889 996 eccle-

106 1006 155 1041 sia
186 1006 257 1041 fieri
289 1006 445 1052 possint;

154 1052 202 1088 42·
229 1053 265 1088 ln
293 1054 559 1100 dispositionem
590 1055 806 1090 materialem
842 1055 889 1090 al-

104 1101 245 1137 tarium.
278 1112 418 1136 mensae
447 1113 505 1147 pro
525 1102 772 1138 distributione
791 1114 888 1138 sanc-

105 1148 259 1183 tissimae
299 1148 549 1190 Eucharistiae,
590 1150 773 1186 cathedrae
816 1150 888 1185 sive

103 1202 287 1241 suggestus
325 1207 342 1231 e
385 1208 452 1242 quo
494 1198 536 1232 ad
583 1198 750 1244 populum
784 1198 888 1234 verba

105 1243 206 1281 fiunt.
237 1255 462 1288 organorum,
485 1244 546 1279 loci
576 1245 779 1281 cantoribus
805 1246 888 1280 assi-

102 1292 212 1336 gnati,
252 1291 427 1328 sedilium.
462 1303 700 1334 scamnorum,
728 1294 886 1339 capsula-

103 1350 179 1374 rum
208 1339 447 1374 oblationibus
466 1340 689 1386 recipiendis,
718 1341 886 1376 aliarum-

103 1397 170 1432 que
190 1397 304 1421 rerum
325 1398 413 1432 quae
431 1388 472 1421 ad
502 1388 705 1423 exercitium
734 1388 883 1433 religiosi

104 1434 219 1469 cultus
246 1439 427 1479 spectent:

151 1480 204 1515 510
230 1481 265 1515 ln
294 1482 545 1517 admissionem
580 1483 630 1517 vel
660 1483 884 1519 reiectionem

101 1540 278 1564 sacrorum
300 1529 501 1565 utensilium
529 1529 750 1576 aliarumque
769 1542 885 1566 rerum

102 1587 190 1622 quae
229 1577 300 1611 six-e
338 1578 380 1612 ad
422 1588 538 1617 usum,
567 1578 638 1613 sive
663 1579 707 1613 ad
734 1578 882 1619 cultum,

101 1624 172 1659 sive
198 1624 241 1658 ad
270 1629 432 1659 ornatum
461 1625 496 1658 in
523 1625 669 1661 ecclesia
698 1626 747 1661 vel
772 1638 884 1662 sacra-

101 1671 152 1706 rio
178 1671 423 1713 ‹lestinentur;

149 1719 198 1752 iil*
238 1718 272 1753 ln
313 1720 555 1766 scriptionem.
601 1721 882 1767 dispositionem.

100 1766 296 1801 custodiam
325 1767 493 1812 librorum
524 1768 771 1813 paroecialium
800 1769 883 1804 alio-

101 1824 251 1859 rumque
277 1814 566 1850 documentorum
587 1827 675 1861 quae
701 1816 743 1851 ad
771 1817 884 1852 archi-

100 1872 181 1896 vum
211 1862 401 1907 paroeciale
431 1862 644 1908 pertineant.

147 1907 233 1944 CAN.
266 1908 365 1944 1185.
395 1931 418 1936 -
446 1909 612 1951 Sam-isia,
642 1915 814 1953 cantores,
834 1923 884 1947 or-

100 1966 270 2000 ganorum
324 1958 531 1996 moderator.
576 1959 669 2003 pueri
714 1959 884 2002 chorales,

98 2014 291 2050 campanae
319 2005 484 2050 pulsator,
509 2006 749 2051 sepulcrorum
779 2006 885 2042 fosso—

99 2061 166 2095 reS‚
185 2053 360 2098 ceterique
379 2053 610 2088 inservientes
631 2065 651 2089 a
677 2054 749 2089 solo
775 2055 879 2090 eccle—

98 2097 169 2134 siae
196 2104 338 2139 rectore,
364 2100 470 2143 salvis
503 2101 669 2145 legitimis
696 2107 883 2137 consuetu-

97 2145 241 2181 dinibus
258 2152 290 2181 et
317 2148 611 2183 conventionibus
639 2153 671 2183 ct
699 2147 881 2185 Ordinarii

676 84 761 118 ΤιΤ.
791 85 862 119 ΙΧ.
892 106 905 110 -
931 86 988 120 De
1021 87 1189 121 ecclesiis
1707 91 1747 122 ll

966 204 1181 245 auctoritate,
1224 205 1467 241 nominantur.
1507 207 1672 252 pendent,
1702 207 1750 242 di·

969 250 1170 286 mittuntur.

1013 297 1098 333 CAN.
1149 297 1249 333 1186.
1299 319 1314 325 -
1361 299 1474 335 Salvis
1515 301 1748 347 peculiaribus

966 345 1200 391 legitimisque
1215 347 1530 382 consuetudinibus
1548 353 1580 383 et
1599 360 1749 385 conven-

967 392 1134 433 tionibus,
1163 398 1195 428 et
1224 394 1323 429 firma
1353 394 1564 439 obligatione
1591 408 1679 441 quae
1705 398 1746 432 ad

964 439 1117 485 aliquem
1161 445 1291 486 spectet
1333 441 1439 476 etiam
1478 453 1516 478 ex
1560 444 1748 479 constituto

966 487 1051 532 legis
1077 487 1212 522 civilis:

1019 535 1062 569 l.O
1089 533 1190 570 Onus
1217 535 1393 570 reficiendi
1427 537 1608 572 ecclesiam
1637 539 1749 574 cathe-

963 582 1095 617 dralem
1126 582 1299 617 incumbit
1330 583 1451 619 ordine
1478 585 1534 630 qui
1564 586 1745 631 sequitur:

1014 628 1117 664 Bonis
1147 630 1309 666 fabricae.
1349 631 1444 666 salva
1470 642 1510 667 ea
1539 638 1633 677 parte
1660 645 1748 679 quae

966 677 1161 712 necessaria
1187 682 1239 712 est
1266 678 1308 712 ad
1345 679 1477 713 cultum
1506 680 1666 715 divinum
1695 694 1747 716 ce-

965 724 1172 759 lebrandum
1200 730 1233 760 et
1259 726 1301 760 ad
1329 726 1543 761 ordinariam
1581 728 1748 764 eeclesiae

962 772 1309 808 administrationem
1327 785 1334 812 ς

1012 818 1179 865 Episcopo
1205 825 1239 855 et
1265 820 1444 855 canonicis
1486 832 1546 866 pro
1573 827 1644 857 rata
1676 834 1748 868 pro-

965 871 1147 902 ventuum.
1177 867 1342 903 detractis
1358 869 1563 903 necessariis
1577 870 1619 904 ad
1642 870 1746 906 lione-

963 919 1052 949 stam
1080 915 1372 950 sustentationem
1391 928 1397 956 ;

1013 961 1245 999 Dioecesanis.
1275 974 1361 1008 quos
1380 968 1497 998 tamen
1530 964 1745 1000 (lrdinarius

963 1008 1025 1044 loci
1071 1009 1233 1045 suasione
1273 1011 1384 1055 magis
1428 1022 1533 1056 quam
1570 1013 1746 1048 coactione

963 1056 1107 1092 inducat
1144 1058 1188 1092 ad
1228 1062 1389 1103 sumptus
1429 1060 1655 1099 necessarios,
1688 1072 1746 1107 pro

961 1115 1080 1140 eorum
1105 1105 1254 1151 iuribus,
1284 1106 1511 1151 praestandos
1534 1118 1540 1142 2

1009 1151 1063 1186 2„ss
1092 1152 1193 1187 Onus
1220 1152 1398 1188 reficiendi
1416 1153 1598 1189 ecclesiam
1630 1166 1746 1200 paroe-

961 1199 1084 1235 cialem
1114 1199 1287 1235 incumbit
1328 1201 1450 1236 ordine
1477 1202 1535 1247 qui
1563 1203 1743 1247 sequitur:

1012 1246 1114 1281 Bonis
1156 1248 1306 1283 fabricae
1345 1249 1522 1288 ecclesiae,
1554 1254 1589 1283 ut
1620 1262 1745 1296 supra:

1011 1294 1160 1330 Patrono
1178 1308 1184 1334 ς

1009 1341 1052 1376 lis
1091 1343 1149 1388 qui
1189 1344 1320 1378 fructus
1354 1343 1490 1388 aliquos
1525 1356 1564 1379 ex
1601 1345 1745 1380 eeclesia

963 1391 1205 1435 provenientes
1246 1390 1443 1436 percipiunt
1472 1392 1666 1427 secundum
1696 1397 1744 1427 ta-

961 1449 1039 1472 xam
1082 1449 1141 1483 pro
1181 1443 1256 1473 rata
1275 1439 1449 1474 redituum
1479 1439 1523 1474 ab
1554 1439 1745 1475 Ordiuario

961 1486 1184 1520 statuendam
1209 1498 1215 1523 ς

1011 1532 1244 1573 paroecianis,
1275 1544 1360 1578 quos
1388 1539 1503 1569 tamen
1534 1534 1745 1570 ordinarius

961 1579 1037 1619 loci,
1051 1585 1087 1615 ut
1099 1592 1215 1627 supra,
1228 1581 1338 1626 magis
1351 1581 1506 1616 hortetur
1517 1593 1621 1627 quam
1635 1588 1744 1627 cogat:

1006 1628 1057 1664 3.0
1085 1627 1176 1669 Haeo
1193 1640 1273 1663 eum
1294 1629 1412 1664 debita
1433 1630 1655 1675 proportione
1675 1642 1745 1665 ser-

961 1680 1085 1710 ventur
1111 1676 1215 1711 etiam
1245 1677 1334 1722 quod
1354 1676 1480 1711 attinet
1507 1678 1549 1712 ad
1578 1677 1665 1712 alias
1691 1690 1744 1713 cc-

960 1722 1098 1758 clesias.

1007 1769 1091 1806 CAN.
1125 1769 1224 1805 1187.
1256 1792 1297 1796 ——
1327 1770 1361 1806 Si
1391 1783 1459 1816 qua
1478 1772 1625 1807 ecclesia.
1647 1773 1744 1806 nullo

960 1818 1061 1853 modo
1088 1818 1130 1853 ad
1158 1820 1291 1854 cuitum
1320 1818 1479 1854 divinum
1496 1819 1653 1855 adbiberi
1674 1832 1744 1865 pos-

959 1866 1005 1899 sit
1031 1871 1064 1901 et
1090 1877 1213 1901 omnes
1241 1866 1356 1901 aditus
1385 1867 1564 1902 interclusi
1602 1867 1674 1902 siut
1700 1869 1741 1903 ad

958 1924 1034 1948 eam
1074 1913 1314 1952 reficiendam.
1358 1914 1391 1948 in
1423 1926 1525 1949 usum
1555 1915 1741 1961 profanum

959 1971 1028 1996 non
1057 1961 1238 1996 sordidum
1257 1962 1300 1995 ab
1322 1960 1511 1997 Ordinario
1540 1963 1601 1998 loci
1634 1963 1740 2008 redigi

961 2013 1083 2053 potest,
1111 2014 1144 2043 et
1171 2020 1277 2044 onera
1303 2021 1381 2044 cum
1411 2010 1582 2045 reditibus
1602 2010 1741 2045 titulus-

958 2066 1025 2101 que
1071 2057 1258 2102 paroeciae,
1299 2057 1325 2090 si
1367 2057 1513 2093 ecclesia
1548 2058 1591 2092 sit
1628 2069 1744 2103 paroc-

957 2103 1069 2141 etatis.
1111 2104 1146 2138 in
1186 2104 1292 2140 aliam
1333 2104 1515 2140 ecclesiam
1551 2106 1594 2140 ab
1621 2105 1740 2140 eodem

933 2152 936 2153 ⁷
958 2148 1148 2186 Ordinario
1180 2152 1452 2187 transferantur.

184 2252 193 2259 ’
217 2266 255 2310 9.
292 2268 585 2314 Distributio
606 2269 848 2315 Sectionis
883 2271 930 2314 in
957 2272 1142 2316 titulos.
1165 2270 1268 2315 Cum
1301 2287 1319 2311 <‹
1346 2271 1431 2314 loca
1467 2284 1583 2314 sacra
1610 2272 1652 2327 α)
1679 2273 1738 2315 ‹lt-

102 2339 196 2379 vino
230 2337 358 2381 cultui
393 2337 431 2395 b)
469 2339 711 2383 lideliumve
744 2340 984 2397 sepulturae
1018 2342 1335 2398 deputentur».
1367 2343 1650 2399 principaliter
1683 2344 1738 2387 al-

98 2410 254 2450 terutro
297 2422 434 2466 scopo.
470 2409 566 2453 hine
608 2414 776 2468 exurgit
820 2412 1033 2455 titulorum
1080 2413 1305 2459 distinctio,
1349 2416 1381 2455 si
1426 2415 1740 2457 consideremus

98 2490 262 2536 quoque
296 2479 410 2523 illum
447 2481 637 2524 divinum
673 2482 829 2525 cultum
867 2485 971 2526 intra
1006 2483 1197 2527 aedilicia
1232 2497 1347 2527 sacra
1375 2487 1530 2541 peragi,
1550 2498 1597 2528 ae
1623 2499 1738 2541 prac-

98 2551 264 2605 cipuuni
300 2556 437 2594 aetum
473 2551 604 2595 divini
638 2552 774 2596 cultus
806 2567 933 2610 super
966 2553 1147 2611 aliquem
1195 2555 1329 2598 locum
1375 2555 1504 2598 altare
1546 2561 1736 2599 vocatum

97 2620 322 2670 celebrari:
357 2635 501 2666 sacrae
535 2628 674 2666 autem
708 2625 832 2668 aedes
866 2638 945 2667 non
981 2625 1129 2669 eodem
1162 2628 1249 2669 iure
1277 2631 1480 2682 reguntur
1503 2628 1609 2670 sieut
1634 2628 1735 2669 infra

103 2691 278 2746 patel)it;
313 2698 350 2736 et
385 2699 689 2750 consequenter
712 2699 891 2752 quatuor
912 2701 1007 2739 sunt
1026 2695 1149 2739 Tituli
1175 2697 1298 2740 liuius
1321 2698 1538 2751 Sectiouis7
1565 2711 1736 2754 nempe:

101 2759 258 2806 Titulus
292 2763 341 2806 lX
379 2763 437 2807 De
470 2765 668 2811 ecelesiis.
704 2765 863 2810 Titulus
896 2766 930 2810 X
976 2766 1034 2810 De
1069 2770 1274 2819 oratoriis,
1309 2768 1469 2811 Titulus
1503 2768 1553 2811 Xl
1590 2768 1647 2811 De
1680 2758 1736 2811 zil-

103 2831 243 2876 aribus
276 2846 323 2877 ae
358 2835 539 2892 denique
573 2835 736 2880 Titulus
772 2836 843 2880 Xll
878 2841 947 2895 qui
984 2851 1064 2882 non
1102 2840 1346 2883 inscribitur
1379 2839 1430 2882 de
1463 2842 1737 2892 coemeteriis,
