1965 3240
214 91 258 125 34
448 91 532 125 L113.
560 91 631 125 III.
661 111 672 116 —
699 92 809 126 PARS
833 92 884 126 ΙΙ.
913 112 925 117 -
951 92 1008 127 De
1034 93 1126 127 locis
1151 95 1186 127 et
1210 94 1446 137 temporibus
1471 97 1594 129 sacris

217 211 376 261 manda,
409 215 446 253 et
480 216 596 254 extra
629 213 923 254 coemeterium
971 211 1231 254 eiicienda».
1279 211 1328 254 Et
1359 212 1397 254 S.
1446 210 1488 256 C.
1522 211 1600 256 Rit.
1622 212 1636 235 ²
1686 216 1724 256 in
1759 216 1828 258 cit.

213 278 516 335 Carthaginien.
549 283 711 324 statuit:
767 281 911 337 «quod
947 293 1036 324 ossa
1070 286 1109 324 et
1141 281 1348 324 cadavera
1381 281 1706 326 acatholicorum
1748 287 1827 327 iam

213 350 375 393 condita
400 352 437 392 in
472 349 679 405 Ecclesiis,
714 356 1020 406 removeantur,
1054 353 1087 394 si
1121 351 1256 394 adhuc
1289 351 1476 408 dignosci
1512 355 1680 408 possint,
1713 353 1828 398 adhi-

213 421 292 462 bita
324 422 433 463 omni
468 421 741 477 prudentia».
789 421 901 464 Haec
938 423 1077 477 vigent
1111 425 1249 477 utpote
1281 421 1585 478 comprehensa
1628 423 1704 467 sub
1737 438 1828 467 can.

212 493 335 534 1175.
369 490 559 534 Ecclesia
592 492 748 534 riclam
766 492 898 535 solum
922 491 968 534 ob
986 491 1248 545 sepulturam
1270 492 1309 548 a)
1330 493 1679 536 eoecommmzieati
1707 499 1830 550 «post

210 564 453 605 sententiam
487 562 801 605 declaratoriam
841 562 901 606 vel
935 562 1356 606 condemnatoriam»
1396 563 1828 623 (can.1172,§1,4⁰)

212 631 254 689 b)
290 631 350 674 vel
382 631 577 689 infidelis,
613 637 732 689 prout
766 635 803 675 in
841 633 914 676 loc.
949 635 1016 676 cit.
1051 633 1307 676 declaratum
1345 639 1420 688 est,
1452 647 1504 676 tte
1532 634 1830 678 reconcilietur

211 703 260 746 ad
295 708 469 759 tenipus,
503 703 681 747 scilicet:
716 708 941 760 ‹meleq‘zccmt
974 703 1165 754 cadaver,
1199 704 1307 761 quod
1341 705 1415 747 suit
1448 707 1609 748 occasio
1647 705 1830 749 violatio-

211 776 285 828 nis,
320 773 470 816 exinde
502 780 763 817 removeatur
794 775 843 817 ad
880 787 1066 817 normani
1095 786 1184 819 can.
1210 774 1338 828 1214,
1368 790 1387 816 ((
1406 777 1439 818 si
1463 775 1645 819 cadaver
1667 775 1718 819 ab
1740 775 1831 819 aliis

211 843 453 900 corporibus
486 845 664 888 discerni
699 850 877 902 queat»,
928 850 967 888 et
999 845 1036 887 si
1077 845 1253 888 remotio
1285 845 1376 888 sine
1404 845 1530 902 yravi
1572 845 1830 889 incommodo

210 915 303 971 fieri
330 914 478 972 possit,
512 915 621 972 quod
657 915 963 958 incommodum
999 917 1291 973 undecumque
1339 918 1554 972 proveniat
1605 920 1644 959 et
1690 916 1829 974 quale-

210 999 388 1043 cumque
420 987 473 1028 sit
505 985 623 1029 facile
657 987 808 1029 exoriri
845 988 1004 1042 poterit.
1039 986 1079 1029 Si
1115 990 1249 1028 tamen
1284 985 1390 1029 absit
1421 999 1568 1042 grave,
1602 999 1732 1029 canon
1771 994 1832 1030 est

209 1056 449 1099 servandus.

329 1127 395 1169 m26.
429 1129 652 1173 Minister
685 1129 931 1184 legitimus
963 1129 1027 1181 ad
1064 1129 1299 1173 ecclesias
1328 1128 1738 1172 reconciliandas.
1772 1125 1829 1169 De

211 1199 395 1240 ministro
432 1197 774 1241 reconciliationis
808 1211 879 1253 pro
913 1197 1085 1241 ecclesia
1122 1197 1350 1251 benedicta,
1385 1200 1444 1240 sic
1481 1196 1631 1251 legitur
1665 1198 1702 1238 in
1742 1196 1831 1240 loco

209 1266 296 1310 cit.⁰
329 1267 425 1313 Rufi
457 1267 611 1311 Romfi:
653 1268 899 1311 «Ecclesiae
934 1268 1108 1311 violatae
1142 1267 1425 1311 reconciliatio
1465 1280 1536 1323 per
1572 1266 1830 1309 sacerdotem

209 1337 259 1381 ab
292 1337 492 1394 Episcopo
527 1338 761 1395 delegatum
799 1340 867 1382 liat
900 1338 977 1382 hoc
1012 1338 1132 1381 niodo
1155 1354 1194 1381 ».
1238 1338 1354 1392 Quae
1399 1337 1563 1381 rubrica
1599 1336 1830 1392 explicatur

208 1408 307 1465 seq.i
326 1409 363 1452 S.
384 1408 550 1452 Rituum
571 1408 736 1466 Congi·.⁵
759 1409 1038 1453 declaratione
1063 1411 1100 1452 in
1124 1409 1280 1452 Nolana
1300 1407 1314 1429 ²
1337 1408 1387 1451 ad
1412 1407 1616 1461 Dubium,
1657 1411 1829 1450 «utrum

209 1479 385 1535 simplex
417 1481 610 1523 sacerdos
644 1482 768 1536 possit
802 1483 890 1523 iure
922 1494 995 1523 suo
1029 1479 1246 1523 ecclesiam
1283 1478 1559 1533 benedictam,
1585 1476 1652 1521 ubi
1681 1476 1829 1520 violata

209 1551 342 1605 suerit,
380 1551 647 1594 reconciliare
680 1553 767 1594 sine
800 1551 882 1594 ulla
915 1549 1126 1595 Ordinarii
1159 1552 1219 1593 sui
1244 1549 1561 1605 delegatione»,
1587 1560 1829 1603 responsum

209 1622 303 1663 suit:
344 1621 597 1676 «Negative,
631 1627 668 1664 et
702 1627 892 1665 servetur
924 1621 1002 1665 Rit.
1037 1620 1153 1664 Rom.
1190 1623 1247 1663 tit.
1287 1619 1371 1662 Vlll
1406 1633 1444 1663 c.
1482 1619 1591 1661 28».

325 1692 403 1735 Sed
438 1705 546 1735 nunc
580 1692 679 1735 haec
715 1692 777 1734 lex
813 1692 1002 1747 liturgica
1036 1693 1258 1747 corrigitur
1291 1704 1380 1732 can.
1416 1692 1528 1731 1176
1563 1688 1591 1746 ᾗ
1616 1688 1654 1730 1.
1687 1686 1827 1730 Eccle-

209 1762 312 1804 siam
347 1763 606 1806 solummedo
639 1761 895 1805 benedictam
925 1761 1201 1804 reconcilim·e
1230 1765 1378 1818 potest,
1412 1763 1462 1802 'eo
1498 1759 1608 1817 quod
1641 1761 1692 1801 sit
1714 1763 1830 1801 actus

209 1834 364 1877 ordinis
398 1833 707 1890 presbyteralis,
739 1834 811 1876 sed
845 1832 895 1876 ol)
931 1834 1253 1877 reservationem
1287 1830 1327 1887 a)
1355 1836 1495 1873 rector
1518 1828 1715 1882 eiusdem,
1740 1830 1829 1871 sive

210 1905 257 1948 ad
294 1918 480 1948 normam
515 1918 604 1948 cau.
639 1906 735 1959 479,
768 1904 796 1962 ξ
831 1905 868 1959 l,
901 1906 989 1946 sive
1023 1905 1261 1959 primariam
1310 1901 1552 1957 disciplinae
1586 1912 1729 1943 curam
1763 1898 1829 1941 ha-

210 1975 309 2019 bens
343 1978 380 2017 in
415 1975 505 2018 aliis
538 1975 738 2028 ecclesiis,
770 1974 814 2031 b)
850 1973 908 2016 rel
931 1973 1101 2031 qezilibet
1133 1971 1343 2025 sacerdos,
1391 1973 1464 2014 etsi
1512 1971 1561 2014 ad
1610 1969 1828 2013 ecclesiam

212 2059 288 2088 nou
326 2049 545 2102 pertinens,
580 2046 649 2088 sed
684 2045 734 2087 (le
766 2059 965 2087 consensu
998 2044 1146 2086 sallem
1179 2043 1231 2086 ob
1274 2043 1608 2085 circumstantias
1651 2042 1827 2082 rationa-

213 2116 346 2160 biliter
376 2122 645 2174 Jn·11e.s·ump!o
679 2129 749 2159 seu
783 2118 1076 2166 coniecturato,
1111 2115 1291 2157 fortassis
1331 2126 1409 2155 non
1435 2116 1619 2165 extante,
1651 2109 1829 2152 rectoris

211 2192 329 2230 antea
363 2187 574 2230 declarati.

328 2257 384 2300 De
421 2260 604 2301 ministro
639 2257 985 2300 reconciliationis
1019 2268 1090 2311 pro
1138 2254 1312 2297 ecclesia
1360 2256 1600 2296 consecrata
1650 2250 1830 2307 loquitur

210 2342 298 2385 cap.
334 2330 356 2371 9
391 2329 471 2372 cit.i
507 2328 579 2371 tit.i
614 2328 690 2371 hoc
734 2329 877 2370 inodo:
922 2326 1077 2382 «Aqua
1113 2338 1184 2380 per
1217 2326 1453 2380 episcopum
1504 2322 1721 2366 benedicta
1762 2333 1826 2363 ec-

211 2399 375 2442 clesiam
413 2399 668 2442 reconciliari
704 2411 820 2454 posse
856 2410 926 2453 per
958 2396 1081 2439 alium
1119 2394 1364 2450 Episcopum
1400 2394 1594 2450 (nempe:
1644 2393 1713 2448 qni
1747 2403 1825 2433 non

210 2473 261 2514 sit
293 2469 539 2515 (niuniu-ius
572 2469 669 2525 loci)
703 2479 788 2511 non*
815 2480 1027 2523 negamus,
1053 2480 1124 2522 per
1146 2465 1381 2508 sacerdotes
1405 2463 1614 2520 simplices
1639 2462 1716 2504 hoc
1740 2461 1826 2503 fieri

211 2543 261 2585 de
294 2548 430 2585 cetero
464 2541 748 2597 proliibcntes3
798 2552 875 2581 non
910 2537 1095 2581 obstante
1128 2535 1424 2578 consuetudine
1460 2535 1698 2590 provinciae
1731 2531 1824 2573 Bra-

211 2612 420 2655 cliarensis
455 2611 577 2668 (quae
611 2610 784 2653 <licenda
819 2613 875 2652 cst
912 2610 1044 2664 potius
1067 2604 1332 2662 corruptela),
1356 2607 1450 2661 quia
1477 2605 1570 2647 licet
1603 2602 1827 2659 Episcopus

212 2685 468 2725 committere
506 2681 774 2737 valeat,quae
799 2679 1092 2722 iurisdictionis
1124 2678 1327 2719 existunt:
1363 2687 1469 2732 quae
1505 2674 1661 2717 ordinis
1688 2675 1824 2714 tamen

330 2836 338 2856 ¹
366 2834 411 2867 23
438 2835 529 2879 Aps.
563 2833 663 2873 1875,
693 2844 730 2866 n.
760 2832 862 2865 3344.
893 2851 936 2855 -—-
962 2830 975 2851 ²
1000 2830 1023 2863 8
1048 2829 1122 2862 Iul.
1154 2829 1257 2869 1904,
1286 2840 1324 2862 n.
1353 2828 1458 2861 4138.
