1965 3240
349 146 431 180 Tl‘r.
459 145 627 181 XXVII.
658 167 670 172 -
697 147 755 182 De
778 148 888 182 bonis
913 148 1178 182 ecclesiasticis
1204 149 1456 192 acquirendis
1648 149 1718 182 515

88 265 256 319 luntate,
291 278 364 321 pro
396 278 567 308 suorum
606 265 693 309 vult
727 265 911 309 remedio
946 270 1212 321 peccatorum
1244 268 1447 321 conterre,
1482 267 1587 311 hauc
1619 281 1717 311 con-

85 335 243 379 terendi
288 335 463 378 formam
511 348 600 379 esse
644 337 872 392 proponitis
910 335 973 392 (ut
1005 335 1160 378 ibidem
1194 336 1461 391 describitur)
1493 350 1600 394 quae
1633 351 1718 381 sco-

85 407 184 449 tatio
221 395 449 461 vulgariter
482 406 728 462 appellatur.
764 405 1011 449 Discretioni
1038 411 1199 450 vestrae
1231 408 1489 457 mandamus,
1514 413 1718 465 quatenus

85 477 329 520 donationes
362 489 522 531 eorum,
558 490 664 534 quae
697 476 774 521 sub
807 476 976 521 obtentu
1009 477 1322 521 consuetudinis
1355 478 1560 530 claustris,
1585 479 1717 522 eccle-

83 549 168 602 siis,
205 546 267 590 vel
302 546 555 604 quibuslibet
591 547 690 591 locis
725 550 927 607 religiosis
951 550 1016 604 pie
1039 549 1334 602 conteruntur3
1375 549 1436 592 vel
1475 552 1599 592 etiam
1623 555 1717 593 sunt

83 617 246 671 collata,
281 619 442 661 faciatis
478 618 811 662 irrevocabiliter
843 617 1083 662 observari:
1129 631 1224 661 cum
1269 618 1502 662 huiusmodi
1537 622 1717 676 signum,

84 689 193 746 quod
227 690 398 732 scotatio
432 689 599 743 dicitur,
633 703 711 732 non
739 694 820 733 tam
846 691 978 733 iactae
1001 688 1250 741 donationis,
1275 703 1399 747 quam
1427 691 1602 734 traditae
1628 705 1716 747 pos-

83 761 278 803 sessionis
309 761 361 802 sit
393 759 569 803 evidens
602 765 962 816 argumentum».

206 828 333 874 Valde
368 830 594 887 prudenter
630 836 720 886 post
744 831 979 875 libertatem
1006 833 1044 874 in
1066 831 1095 889 ξ
1122 831 1163 875 10
1192 833 1443 876 vindicatam
1469 832 1717 875 donantibus

82 901 190 946 bona
223 914 296 944 sua
327 900 551 956 Ecclesiae,
591 905 731 945 statuit
776 904 962 946 restricte
993 902 1021 960 ξ
1052 906 1095 948 3.
1130 902 1176 945 In
1214 902 1375 946 ultimis
1421 902 1718 954 voluntatibus,

85 984 191 1030 quae
224 985 296 1028 per
328 972 431 1015 alios
463 977 557 1015 sunt
591 973 896 1029 adimplendae,
931 978 1001 1016 aut
1036 976 1130 1016 viva
1170 987 1271 1018 voce
1310 974 1371 1017 vel
1408 973 1554 1017 litteris
1586 976 1720 1029 expri-

84 1048 262 1097 mantur,
295 1045 342 1086 et*
368 1046 556 1100 praecise
593 1043 635 1086 in
669 1043 819 1087 honum
851 1043 1068 1087 Ecclesiae
1100 1045 1235 1102 quoad
1271 1045 1459 1088 diversas
1497 1058 1593 1088 suas
1628 1058 1717 1101 per-

84 1127 205 1157 sonas
254 1114 433 1157 morales
483 1119 553 1158 aut
602 1117 800 1170 instituta,
836 1120 913 1159 ete.
955 1115 1183 1168 ordinatae,
1216 1118 1410 1173 quamvis
1454 1115 1582 1159 libere
1629 1118 1716 1158 lieri

83 1189 237 1242 queant
273 1185 335 1228 vel
373 1188 520 1238 minus,
554 1198 601 1229 ac
634 1189 812 1242 exprimi
845 1186 1029 1244 quolibet
1065 1187 1186 1230 modo
1222 1187 1390 1230 donanti
1416 1186 1518 1230 bene
1547 1189 1648 1238 viso,
1675 1191 1717 1230 ut

83 1255 323 1313 relinquens
375 1259 499 1313 possit
546 1260 814 1300 securItatem
859 1257 1012 1301 habere
1055 1257 1369 1314 adimplementi
1414 1263 1634 1300 serventur
1667 1272 1715 1301 ex

83 1329 338 1383 praescripto
372 1329 540 1370 canonis
575 1327 612 1370 si
646 1328 740 1384 fieri
770 1328 917 1385 possit,
953 1342 1000 1372 eo
1044 1329 1152 1386 quod
1196 1329 1297 1372 tales
1338 1329 1582 1372 donationes
1626 1342 1718 1385 per-

86 1399 300 1441 mittantur
334 1400 372 1441 in
406 1401 620 1455 societate,
655 1412 730 1442 nec
773 1399 878 1442 desit
922 1402 1221 1456 opportunitas,
1256 1399 1563 1443 sollemnitates
1608 1400 1716 1442 iuris

84 1468 221 1511 civilis
270 1473 313 1512 ut
360 1471 418 1513 sic
469 1473 607 1526 urgeri
648 1475 799 1527 queant
836 1469 954 1524 illae3
989 1470 1090 1514 alias
1123 1470 1174 1514 ob
1209 1472 1419 1515 defectum
1455 1471 1716 1515 obedientiae

84 1543 208 1597 atque
251 1540 512 1583 indemnitati
556 1543 906 1584 conscientiarum
950 1542 1169 1585 consulens
1214 1542 1399 1585 Ecclesia
1438 1545 1602 1586 statuit:
1638 1541 1716 1585 hae

89 1610 477 1654 «sollemnitates»
517 1613 725 1667 praefatae
767 1612 805 1655 si
847 1612 1027 1655 omissae
1067 1612 1245 1670 fuerint,
1280 1613 1464 1671 qualibet
1501 1627 1553 1657 ex
1591 1625 1716 1657 causa

83 1682 207 1724 etiam
242 1681 603 1737 impossibilitatis,
639 1681 810 1725 heredes
858 1682 1009 1740 quibus
1054 1683 1157 1727 bona
1209 1683 1471 1727 obvenerunt
1516 1684 1595 1739 illa,
1632 1689 1718 1727 tum

83 1764 132 1794 ex
159 1755 418 1806 testamento,
446 1756 531 1795 tum
565 1752 617 1796 ab
652 1755 857 1807 intestato,
881 1754 1014 1797 solum
1049 1760 1300 1797 'rizoneantur
1335 1754 1491 1810 absque
1524 1768 1572 1798 eo
1605 1755 1716 1812 quod

82 1821 229 1865 saltem
273 1823 312 1864 in
358 1822 445 1865 soro
489 1827 662 1866 externo
708 1823 946 1880 obligentur
980 1829 1025 1866 ut
1064 1824 1281 1867 testatoris
1316 1824 1570 1868 volunlatem
1603 1829 1717 1868 corto

82 1894 291 1949 cognitam
325 1891 601 1950 adimpleant.
637 1894 704 1938 Sic
737 1897 847 1938 enim
874 1900 1115 1951 reposuerat
1140 1895 1177 1939 S.
1205 1895 1526 1939 Poenitentiaria
1557 1896 1608 1938 10
1635 1895 1718 1939 lan.

87 1963 221 2006 1901:
261 1979 282 2004 «
307 1963 469 2006 Praxim
504 1964 627 2008 huius
661 1966 699 2008 S.
735 1965 971 2010 Tribunalis
1014 1969 1051 2009 in
1096 1966 1302 2010 similibus
1342 1967 1506 2010 casibus
1549 1980 1638 2010 esse
1678 1972 1720 2010 ut

84 2036 315 2090 generatim
348 2034 481 2091 legata
517 2037 581 2091 pia
615 2035 847 2080 habeantur
882 2041 923 2079 ut
951 2037 1086 2081 valida
1111 2042 1147 2080 et
1174 2037 1420 2093 obligatoria
1446 2040 1485 2081 in
1510 2040 1597 2082 foro
1620 2053 1719 2082 con-

85 2106 304 2148 scientiae:
341 2104 458 2148 tacile
497 2110 634 2149 autem
675 2107 953 2150 admittuntur
980 2107 1158 2151 heredes
1181 2109 1231 2151 ad
1256 2111 1596 2165 compositionem
1622 2124 1715 2153 cum

86 2174 260 2219 ecclesia
297 2175 360 2219 vel
395 2178 458 2232 pia
493 2189 617 2220 causa
652 2180 717 2220 cui
753 2177 934 2234 legatum
968 2184 1095 2223 est».

203 2246 301 2289 426.
336 2248 568 2294 Perfecta
601 2250 872 2295 voluntatis
910 2252 975 2296 ad
1019 2265 1198 2297 causas
1242 2253 1352 2308 pias
1395 2254 1718 2298 observantia

88 2317 384 2373 praescribitur
417 2321 456 2361 iu
491 2333 583 2361 can.
618 2321 745 2363 1514.
792 2319 1034 2364 Voluntales
1067 2321 1253 2378 fidelium
1296 2322 1418 2366 idest:
1458 2322 1716 2366 voluntariae

85 2388 375 2444 dispositiones
417 2389 734 2447 catholicorum,
774 2393 872 2449 quia
911 2407 930 2440 ς(
956 2394 988 2435 si
1024 2392 1207 2449 legitime
1242 2392 1356 2450 (pars
1396 2393 1594 2450 adversa)
1631 2408 1719 2449 pro-

86 2458 262 2516 baverit,
294 2460 723 2518 archipresbyterum,
757 2475 864 2520 quae
897 2476 1022 2519 super
1062 2463 1204 2506 ultima
1248 2463 1457 2507 voluntate
1492 2467 1716 2520 praemissa

84 2534 192 2582 sunt,
225 2530 403 2575 alienata
439 2536 577 2575 mente
610 2532 789 2576 dixisse:
826 2532 893 2590 (ad
930 2533 1201 2578 obtinendum
1226 2535 1335 2592 quod
1363 2534 1601 2578 intendebat
1624 2548 1717 2578 sen-

85 2603 212 2644 tentia
244 2601 434 2659 teratur),
469 2615 563 2646 cum
598 2603 707 2646 idem
742 2603 1081 2662 archipresbyter
1104 2604 1155 2648 ab
1181 2607 1371 2648 intestato
1395 2605 1619 2648 decesserit
1643 2622 1663 2646 »
1689 2606 1717 2658 ¹,

84 2670 314 2729 s'crcecltates
346 2686 464 2724 suas,
498 2673 624 2716 idest:
659 2673 832 2717 dominii
866 2677 1050 2731 ipsorum
1087 2689 1166 2728 res,
1188 2678 1277 2718 sive
1311 2689 1466 2723 omnes,
1493 2680 1532 2718 ut
1558 2678 1595 2718 in
1623 2690 1715 2731 pro-

85 2744 197 2785 xime
230 2744 297 2786 cit.
332 2755 441 2799 cap,
474 2745 563 2786 sive
599 2744 828 2800 partialiter
863 2745 975 2789 velut
1009 2749 1047 2789 in
1082 2759 1171 2802 cap.
1208 2746 1230 2788 4
1272 2745 1366 2789 «de
1400 2748 1655 2790 testamentis
1678 2751 1717 2789 et

206 2897 216 2918 ¹
245 2894 336 2940 Cap.
365 2896 401 2939 3,
430 2896 495 2930 tit.
525 2895 694 2939 XXVII,
723 2896 807 2931 Lib.
838 2897 912 2938 III,
939 2898 990 2932 X.
