1965 3240
151 105 221 138 440
281 104 367 138 Lm.
395 103 467 137 ΙΙΙ.
497 123 508 129 -
535 103 646 137 PARS
671 102 716 138 V.
744 123 756 128 —
781 103 839 138 Dc
863 102 985 146 benef.
1013 106 1048 138 et
1073 105 1199 138 instit.
1227 104 1353 138 eccles.
1380 114 1459 137 non
1485 104 1616 149 colleg).

152 223 302 279 populo
338 222 402 266 vel
436 222 487 267 ab
520 225 609 266 eius
643 227 978 279 repraesentante
1011 222 1144 275 civili,
1177 236 1215 264 v.
1240 235 1302 279 gr.
1336 235 1358 265 a
1390 225 1617 279 municipio
1640 224 1774 267 factae

150 293 201 337 de
235 293 397 337 clericis
430 293 486 336 ad
517 292 714 349 beneficia
746 292 951 350 simplicia
988 292 1049 336 vel
1085 292 1213 336 etiam
1247 292 1514 351 paroecialia
1550 307 1621 337 seu
1660 310 1680 335 <‹
1705 308 1777 338 cu·

151 368 238 407 rata
261 379 282 405 2>
322 364 431 421 (can.
465 363 593 419 1411,
628 363 687 419 3⁰,
721 363 799 421 5⁰),
832 363 964 407 sicubi
997 363 1048 406 de
1082 364 1187 407 sacto
1220 363 1374 421 viqent,
1406 366 1501 421 quia
1526 366 1564 407 in
1597 366 1685 408 iure
1707 377 1778 408 an-

151 436 263 492 tiquo
298 448 377 478 non
411 434 618 489 fundatae,
655 433 834 478 tolerari
866 439 1028 477 tantum
1058 439 1250 491 possunt,
1282 436 1379 492 quin
1420 434 1715 491 approbentur,
1739 435 1778 478 si

145 504 330 563 populas
353 518 427 562 per
447 518 491 548 se
515 504 580 548 vel
605 507 694 548 eius
731 509 1089 560 repraesentantes
1121 504 1318 547 clericam
1357 505 1463 561 (can.
1489 505 1592 563 118)
1624 505 1777 563 seliqat

151 578 335 619 taxative
367 576 480 618 inter
512 580 597 618 tres
629 575 679 618 ab
722 574 955 619 Ordinario
995 574 1077 618 loci
1116 574 1360 632 desiqnatos
1404 578 1586 632 praevie,
1622 590 1700 620 non
1737 579 1774 620 in

151 648 300 690 minori
335 659 521 691 numero.
557 645 750 704 Alioquin
787 645 879 689 11136
913 645 1112 702 implicite
1145 645 1443 702 reprobantur:
1471 647 1580 690 unde
1613 648 1779 691 311613-

150 720 241 759 ctae
273 716 324 760 de
356 716 508 760 clerico
543 729 621 759 non
656 716 885 772 designato,
920 720 962 758 ut
994 728 1132 772 supra,
1166 718 1256 759 sive
1289 716 1340 759 de
1375 730 1482 759 novo
1516 717 1775 761 inducendae

152 790 509 842 praetexerentur.

270 856 366 901 357.
402 858 681 904 Subiectum
715 859 833 904 iuris
871 861 1165 914 patronatus
1199 870 1271 914 pro
1305 857 1428 901 huius
1461 858 1702 902 diversitate
1736 861 1775 902 in

156 942 176 967 <c
202 927 311 970 reale
344 931 414 970 aut
447 927 662 984 personale
686 943 706 969 J>
730 929 834 983 (can.
857 927 982 983 1449,
1010 927 1068 983 1⁰>
1087 928 1388 971 determinatur
1410 929 1638 972 secundum
1665 942 1778 986 prae-

150 998 366 1041 cedentem
400 998 660 1054 disciplinam
696 1000 734 1041 10
770 1012 859 1043 can.
896 999 1028 1043 1453.
1053 1005 1079 1053 g·
1103 1001 1138 1041 1.
1164 997 1234 1041 Ias
1264 1003 1520 1056 patronatus
1549 1000 1777 1057 personale

149 1068 276 1112 semel
310 1068 522 1113 obtentum
559 1068 793 1112 transmitti
827 1071 915 1112 inre
952 1069 1014 1112 vel
1049 1073 1264 1113 contractu
1303 1083 1339 1114 v.
1364 1083 1425 1126 gr.
1451 1070 1684 1114 donationis
1708 1085 1775 1114 oa-

150 1138 236 1182 tide
267 1139 424 1197 nequit,
458 1152 506 1182 60
538 1139 648 1197 quod
684 1139 885 1183 inhabiles
919 1140 1018 1183 fiant
1050 1145 1274 1197 sequentes
1308 1153 1520 1196 personae,
1545 1146 1585 1184 61
1607 1142 1775 1199 quidem

150 1209 464 1265 rationabiliter,
483 1211 578 1268 quia
605 1209 703 1253 illud
743 1225 765 1251 ‹<
787 1223 837 1253 ex
863 1209 1073 1254 Ecclesiae
1097 1212 1364 1254 concessione
1387 1214 1583 1268 competit
1605 1228 1626 1253 )>
1655 1218 1779 1270 atque

151 1285 295 1324 natura
345 1294 417 1324 sua
467 1285 528 1324 est
573 1281 788 1337 spirituale
832 1281 976 1324 saltem
1022 1281 1158 1339 quoad
1204 1270 1471 1338 praecipuum
1508 1282 1773 1340 privilegium

156 1366 176 1392 «ι
199 1351 488 1408 praesentandi
533 1351 776 1395 clericum»
818 1351 925 1408 (can.
963 1351 1089 1407 1455,
1132 1351 1208 1409 1⁰).
1248 1350 1486 1410 «Nequit»
1523 1366 1622 1410 ergo
1665 1354 1774 1398 deri-

154 1423 240 1465 vari
275 1420 316 1478 a)
340 1421 396 1464 ad
418 1421 623 1478 infideles,
647 1426 732 1465 tum
757 1424 845 1466 sine
874 1437 894 1463 «
918 1421 1163 1478 baptismate
1187 1438 1226 1478 ›>,
1252 1427 1338 1466 tum
1363 1424 1402 1465 in
1426 1422 1576 1481 quibus
1604 1424 1776 1469 «obstet

149 1492 270 1549 obex,
303 1492 609 1536 ecclesiasticae
642 1495 947 1536 communionis
983 1493 1193 1537 vinculum
1229 1494 1461 1550 impediens
1483 1510 1503 1535 ))
1542 1495 1651 1552 (630.
1687 1496 1776 1554 87),

146 1563 311 1621 publice
343 1563 395 1607 ob
428 1564 757 1621 divulgationem
792 1563 937 1607 saltem
971 1565 1150 1608 futuram
1187 1564 1304 1608 facile
1336 1566 1471 1622 quoad
1496 1566 1682 1622 singulos
1705 1568 1775 1611 de-

149 1634 382 1692 linquentes
416 1634 458 1692 b)
492 1640 727 1692 apostatas,
762 1635 802 1691 c)
839 1633 1086 1686 haereticos,
1118 1635 1163 1691 d)
1195 1634 1485 1679 schismaticos
1524 1640 1688 1694 proprie
1734 1643 1776 1682 01

150 1705 404 1748 definiuntur
437 1707 474 1748 in
509 1718 598 1749 can.
636 1705 764 1758 1325,
795 1705 823 1763 ξ
857 1706 894 1760 2,
929 1705 969 1762 e)
1003 1704 1240 1763 adscriptos
1273 1705 1325 1749 ob
1359 1720 1507 1750 nomen
1540 1707 1684 1751 saltem
1719 1709 1777 1752 fa-

149 1778 224 1819 ctis
256 1776 397 1819 datum
432 1775 701 1819 societatibus
736 1780 904 1832 propter
941 1775 1213 1819 voluntariam
1254 1776 1514 1821 coalitionem
1560 1778 1773 1823 hominum

148 1849 187 1889 in
222 1846 402 1904 aliquem
439 1848 577 1900 finem,
610 1847 872 1890 solummodo
905 1847 1076 1890 seeretis
1109 1847 1253 1890 saltem
1288 1848 1423 1905 quoad
1449 1861 1591 1892 earum
1628 1863 1776 1906 praxes

148 1917 198 1960 ab
229 1917 420 1961 Ecclesia
453 1917 669 1961 damnatis
706 1918 767 1961 vel
793 1917 1061 1974 singulariter
1096 1918 1160 1961 vel
1196 1921 1301 1962 inter
1324 1919 1425 1962 alias
1448 1920 1776 1976 comprehensis,

148 2002 222 2031 nec
245 1988 277 2046 f)
300 1988 355 2032 ad
377 1988 581 2047 quoslibet
615 1989 740 2032 idest:
775 1988 961 2046 qualibet
993 1989 1044 2032 de
1077 2002 1201 2032 causa
1234 1990 1613 2034 coecommnnicatos
1635 2003 1657 2035 a
1685 1994 1774 2036 iure

149 2059 214 2103 vel
249 2059 300 2103 ab
335 2059 501 2103 bomine
531 2060 602 2103 sed
634 2065 730 2118 post
761 2059 1014 2102 sententiam
1046 2059 1377 2103 declarator-iam
1420 2060 1483 2104 vel
1525 2061 1773 2106 condemna-

151 2129 304 2173 toriam
337 2132 375 2172 in
408 2129 593 2186 singulos
626 2134 856 2186 postremos
879 2129 1018 2185 latam,
1041 2143 1148 2188 quae
1172 2132 1211 2173 in
1236 2130 1320 2175 Lib.
1350 2129 1378 2173 V
1402 2133 1480 2174 erit
1512 2132 1770 2188 explicanda.

148 2199 209 2242 llli
233 2213 332 2256 ergo
355 2199 431 2244 sub
455 2200 601 2244 litteris
636 2199 727 2257 b)-f)
760 2205 854 2243 sunt
892 2200 1094 2244 inhabiles
1116 2201 1165 2244 ad
1192 2203 1254 2244 ius
1286 2206 1526 2258 patronatus
1549 2202 1647 2246 dun]
1673 2203 1773 2247 tales

148 2275 254 2326 sunt,
290 2284 361 2314 seu
397 2283 527 2328 usque
559 2271 609 2314 ad
644 2273 960 2315 conversionem
990 2272 1212 2327 perfectam
1241 2271 1301 2315 vel
1327 2275 1772 2317 excommunicationis

149 2340 374 2397 legitimam
416 2340 731 2384 absolutionem.

269 2412 308 2454 10
353 2411 637 2455 Decretalibus
678 2410 803 2468 Greg.
837 2410 891 2454 lx
923 2411 1133 2455 dictim-1:
1166 2427 1194 2455 ⁴«
1218 2411 1363 2455 Nullus
1402 2412 1529 2456 laicus
1571 2414 1772 2471 decimas,

148 2486 219 2525 301
250 2481 484 2537 6661631310,
517 2487 587 2525 301
619 2482 821 2539 quidquid
854 2481 1122 2525 ecclesiastici
1158 2485 1258 2525 iuris
1291 2487 1364 2536 est,
1388 2483 1479 2525 sine
1511 2484 1774 2527 concessione

147 2552 215 2595 sni
250 2550 476 2608 Pontificis,
502 2555 761 2595 monasteriis
788 2551 849 2596 vel
875 2555 1086 2596 canonicis
1118 2554 1306 2596 conferat
1323 2568 1362 2594 )).
1387 2553 1522 2611 Atque
1544 2553 1695 2598 Lucius
1719 2554 1770 2597 lll

148 2625 305 2666 sanxit:
345 2622 631 2666 «Contractus
673 2636 839 2680 quoque
878 2623 1112 2666 huiusmodi
1149 2623 1349 2678 (scilicet:
1392 2624 1669 2668 «donationis
1707 2625 1769 2668 vel

146 2695 366 2749 emptionis
415 2693 545 2746 titulo,
583 2693 757 2750 aliisque
793 2707 870 2747 pro
907 2707 986 2736 sna
1023 2693 1238 2737 voluntate
1281 2695 1562 2739 contractibus
1584 2696 1772 2753 »)·quos

267 2846 277 2867 ¹
306 2844 395 2890 Cap.
428 2845 482 2887 17,
509 2845 574 2879 tit.
603 2844 833 2889 XXXVIII,
862 2845 947 2880 Lib.
977 2846 1050 2880 III.
