1965 3240
259 110 303 144 56
492 108 574 142 Lus.
602 107 673 141 111.
703 127 714 133 -
741 107 851 141 PARS
876 107 926 140 II.
958 126 968 132 —
996 107 1052 140 De
1078 107 1170 140 Iocis
1196 108 1230 140 et
1256 107 1492 150 temporibus
1517 108 1641 141 sacris

260 241 418 272 cessum
444 232 503 270 est
526 226 796 270 Auditoribus
815 226 953 273 Rotae,
979 225 1171 281 idemque
1194 225 1484 267 confirmatum
1504 229 1564 267 est
1583 223 1691 267 Motu
1711 226 1884 281 proprio

263 299 318 341 Pii
358 297 388 339 X
426 314 446 336 «
473 296 580 339 luter
613 296 902 352 multiplices»
941 295 953 316 ¹
990 296 1280 351 protonotariis
1302 296 1390 337 sive
1415 294 1773 351 participantibus,
1791 296 1881 337 sive

259 370 648 424 supranumerariis,
700 370 788 410 sive
841 367 889 409 ad
946 368 1072 408 instar
1127 367 1476 421 participantium.
1524 365 1581 408 En
1632 365 1880 408 Documenti

261 444 416 482 textus:
457 442 597 482 ((11...
636 438 927 480 l'rotonotariis
970 435 1330 492 participantibus,
1370 438 1440 492 qui
1473 448 1495 478 a
1530 436 1713 479 locorum
1754 433 1879 480 Ordi-

259 511 384 552 nariis
417 514 510 552 sunt
543 512 739 564 exempti,
772 513 807 550 et
843 509 940 564 ipsis
974 506 1203 550 Abbatibus
1237 507 1504 562 praecedunt,
1549 507 1785 550 facultatem
1823 507 1878 548 fa-

259 582 391 623 cimus
423 579 661 622 declarandi
695 578 885 621 omnibus
926 580 994 635 qui
1038 576 1183 619 Missae
1227 579 1407 632 ipsorum
1454 579 1698 629 intererunt,
1744 576 1883 620 ubivis

259 649 549 702 celebrandae,
580 652 667 691 sire
703 651 739 690 in
775 651 964 691 oratoriis
997 649 1182 704 privatis,
1217 649 1306 690 sive
1350 649 1387 689 in
1422 647 1539 690 altari
1581 647 1772 703 portatili⁷
1809 660 1882 703 per

259 721 443 764 eiusdem
479 720 623 763 Missae
657 720 908 762 auditionem
944 719 1024 762 (liei
1068 720 1156 760 testi
1200 722 1419 774 praecepto
1465 720 1538 760 rite
1582 718 1784 775 planeque
1818 729 1883 759 sa·

258 793 414 835 tislieri.

383 861 818 917 «22.(P1·010notarii
867 861 998 917 Aplci.
1043 861 1433 916 Supranumerarii).
1476 858 1666 904 Gaudent
1715 858 1874 902 lndulto

259 930 438 976 Oratorii
474 934 623 988 privati
659 932 768 974 domi
804 934 986 988 rurique,
1026 930 1077 973 ab
1125 928 1347 974 Ordinario
1396 930 1474 974 loci
1526 930 1716 973 visitandi
1756 934 1879 986 atque

259 1002 530 1059 approbandi,
566 1004 603 1044 in
637 1015 733 1059 quo,
759 1004 881 1045 etiam
906 1001 1225 1044 solemnioribus
1248 1000 1394 1043 diebus
1418 1000 1622 1057 (exceptis
1658 999 1879 1052 l'ascliatiS,

261 1074 530 1125 Pentecostes,
566 1073 868 1129 Assumptiouis
904 1072 941 1116 Β.
979 1076 1029 1116 Μ.
1057 1071 1184 1128 Vir-g„
1217 1072 1283 1115 SS.
1319 1071 1505 1127 Aplrum.
1544 1072 1648 1114 Petri
1682 1076 1721 1113 et
1754 1069 1879 1124 Pauli,

259 1157 334 1187 nec
367 1156 446 1186 non
480 1143 556 1186 loci
592 1143 752 1186 Patroni
798 1143 1034 1199 principalis
1078 1143 1203 1197 testis)
1242 1141 1453 1185 celebrare
1497 1143 1572 1197 ipsi
1611 1140 1773 1184 Missam
1810 1154 1881 1196 po-

259 1219 407 1269 terunt,
446 1214 508 1258 vel
543 1213 646 1256 alius
678 1214 892 1267 Sacerdos,
917 1216 955 1256 in
981 1216 1204 1269 propriam,
1228 1214 1643 1268 consanguineoru1n‚
1679 1211 1881 1259 affinium,

259 1286 522 1329 familiarium
558 1290 596 1327 et
630 1284 955 1327 cohabitantium
990 1284 1340 1337 commoditatem,
1370 1286 1492 1326 etiam
1527 1283 1576 1325 ad
1613 1286 1879 1338 praeceptum

260 1356 530 1412 implendum.
586 1354 806 1410 l'rivilegio
848 1359 983 1397 autem
1034 1354 1173 1397 altaris
1222 1353 1422 1410 portatilis
1461 1355 1628 1395 omnino
1661 1365 1803 1395 carere
1836 1364 1879 1394 se

260 1429 402 1470 sciant.

385 1514 403 1538 (t
428 1498 495 1540 4⁴5.
531 1498 817 1553 tl'rotonotarii
837 1498 885 1540 ad
907 1497 1064 1554 instar).
1090 1497 1238 1541 lisdem
1266 1496 1423 1540 iuribus
1446 1495 1698 1552 gaudebunt,
1721 1507 1885 1551 praece-

261 1568 437 1623 dentiae,
472 1571 620 1624 privati
656 1571 837 1622 oratorii,
871 1568 1115 1611 conticiendi
1149 1573 1239 1611 acta
1282 1567 1600 1610 Beatiticationis
1635 1571 1674 1609 et
1707 1564 1882 1609 Canoni-

260 1641 484 1689 zationis....
520 1644 560 1681 ut
595 1652 718 1694 supra
753 1652 819 1680 nn.
846 1639 912 1686 21,
940 1639 1005 1692 22,
1033 1639 1144 1691 Ἦν..
1172 1651 1219 1681 ac
1244 1638 1386 1680 iisdem
1412 1636 1488 1680 sub
1511 1635 1817 1679 conditionilms
1842 1651 1879 1678 )>.

380 1709 445 1751 48.
496 1712 571 1755 lus
615 1713 676 1754 de
723 1712 954 1755 oratoriis
1002 1711 1285 1755 domesticis
1334 1710 1411 1750 iuri
1466 1707 1615 1763 praec.i
1660 1720 1730 1749 sen
1766 1705 1886 1748 Dec.⁰‘

260 1778 386 1824 Clem.
422 1779 474 1822 'xl
510 1781 523 1802 ‘³
557 1793 791 1836 congruens
829 1779 1049 1823 exhibetur
1088 1782 1125 1821 in
1165 1793 1253 1821 esm.
1300 1781 1424 1821 1105.
1467 1781 1491 1831 g
1530 1779 1563 1819 l.
1597 1776 1644 1819 111
1678 1776 1881 1819 oratoriis

261 1850 499 1893 domesticis
532 1863 653 1906 supra
687 1851 867 1893 delinitis
900 1853 939 1893 in
972 1863 1060 1893 can.
1112 1850 1234 1903 1188,
1277 1849 1305 1906 ξ
1339 1850 1378 1903 ἐξ,
1421 1848 1479 1903 30,
1514 1862 1591 1891 non
1627 1850 1788 1904 privato
1822 1859 1884 1889 ar·

264 1920 383 1964 bitrio
417 1923 578 1971 erectis,
611 1921 680 1963 sed
715 1935 765 1963 eas
797 1920 961 1963 'indulto
985 1923 1218 1964 necessario
1242 1933 1289 1963 ac
1312 1919 1596 1963 tantummodo
1619 1917 1886 1976 Apostolicde

264 1991 382 2035 Sedis
416 2006 487 2048 per
521 1994 558 2034 S.
592 1992 770 2048 Congu-,¹³³
819 1993 869 2035 de
916 1991 1130 2048 disciplina
1181 1993 1542 2034 sacramentorum
1591 1989 1640 2032 ad
1690 2001 1877 2031 normam

263 2076 351 2107 can.
387 2064 426 2115 7,
461 2064 542 2105 ³249
579 2070 604 2117 ξ
640 2064 674 2107 2.
711 2068 830 2119 prout
862 2067 1035 2105 cavetur
1078 2065 1116 2105 in
1157 2061 1363 2104 «ΝΜ-11115
1407 2060 1728 2117 peculiaribus»
1766 2058 1781 2080 ³
1816 2059 1878 2101 his

268 2133 426 2177 verbis:
467 2150 485 2174 c(
512 2134 777 2177 Peculiariter
812 2147 909 2176 vero
943 2134 991 2176 ad
1027 2146 1117 2176 eam
1153 2134 1328 2188 pertinet
1366 2131 1438 2174 lias
1480 2131 1709 2174 concedere
1755 2129 1885 2172 facul-

264 2209 430 2248 tates:...
465 2204 502 2252 b)
534 2204 769 2247 celebrandi
804 2205 973 2246 Sacrum
1011 2206 1048 2245 in
1083 2203 1244 2246 sacellis
1292 2204 1477 2258 privatis,
1520 2206 1559 2244 et
1607 2206 1768 2244 caetera
1807 2200 1883 2243 lar-

265 2275 402 2330 giendi
437 2274 652 2330 privilegia
687 2286 792 2331 quae
826 2276 864 2315 in
900 2273 975 2316 liac
999 2286 1042 2316 re
1065 2273 1236 2316 concedi
1259 2272 1404 2324 solent,
1430 2274 1556 2327 ipsius
1580 2272 1718 2314 decori
1743 2269 1881 2314 sacelli

264 2346 555 2401 advigilans».
590 2345 672 2388 Noc
705 2357 833 2388 canon
871 2346 1036 2397 respicit
1080 2358 1151 2400 per
1195 2342 1367 2386 verbum
1407 2358 1426 2383 ((
1452 2342 1608 2385 indulto
1633 2358 1652 2382 »
1693 2342 1879 2398 (proprie

263 2416 504 2472 accipiendo
552 2416 601 2458 ad
649 2420 822 2471 tempus,
873 2420 1011 2471 utpote
1057 2414 1258 2469 personali
1297 2413 1357 2456 rel
1408 2412 1616 2469 familiari)
1667 2411 1883 2468 privilegia

263 2486 511 2542 generaliter
544 2498 739 2528 concessa
773 2488 861 2527 sive
898 2487 934 2526 in
968 2484 1118 2527 Codice
1166 2486 1255 2526 sive
1299 2488 1414 2526 extra
1465 2483 1592 2537 illum,
1639 2482 1739 2525 haec
1773 2483 1881 2524 enim

271 2572 290 2596 «
313 2570 362 2599 ex
400 2559 722 2612 uniuscuiusque
756 2561 896 2598 tenore
929 2555 1183 2597 aestimanda
1221 2553 1326 2607 sunt,
1354 2568 1427 2597 nec
1452 2554 1544 2596 licet
1569 2553 1634 2595 illa
1659 2551 1882 2595 extendere

264 2632 333 2670 aut
353 2629 599 2682 restringere
623 2626 730 2682 (cau.
758 2626 843 2682 (Π),
869 2639 915 2669 ac
942 2626 1245 2681 interpretanda
1270 2630 1364 2667 sunt
1387 2625 1436 2667 ad
1463 2637 1648 2667 normam
1669 2634 1756 2665 can.
1784 2621 1835 2663 ‘50
1857 2636 1876 2661 »

268 2697 376 2753 (can.
412 2698 495 2753 458).
536 2696 577 2738 Vi
613 2711 711 2752 ergo
744 2710 866 2752 supra
901 2696 1097 2739 declarati
1134 2697 1292 2745 indulti,
1328 2695 1410 2737 nisi
1453 2693 1573 2737 aliud
1610 2694 1823 2736 diversum
1857 2702 1880 2732 a

386 2804 393 2824 ¹
423 2804 465 2835 21
495 2803 581 2835 Feb.
624 2803 726 2840 1905,
768 2803 867 2835 Acta
905 2802 940 2836 S.
968 2801 1078 2835 Sedis
1105 2801 1307 2844 XXXVII,
1336 2802 1416 2835 491.
1456 2820 1497 2825 —
1537 2801 1550 2821 ¹⁸³
1587 2800 1628 2833 15
1655 2798 1746 2832 Dec.
1776 2796 1878 2832 1703.

268 2871 309 2875 —
337 2851 350 2871 ³
378 2850 467 2894 Cap.
501 2850 582 2889 VH,
612 2851 696 2883 Art.
725 2850 795 2889 ΙΙΙ,
822 2861 860 2883 n.
897 2849 965 2882 1110.
