1965 3240
218 148 264 180 ‘22
453 144 536 176 Liss.
566 142 636 176 ΙΙΙ.
666 162 678 167 -
708 141 814 176 PARS
840 141 890 175 Π.
921 161 932 166 -
960 140 1016 175 De
1041 142 1134 175 locis
1161 143 1196 174 et
1221 141 1458 184 temporibus
1475 143 1599 175 sacris

218 265 421 308 Ecclesiae
454 261 708 305 (lalliffllralis
730 274 777 304 ac
801 261 850 304 de
874 261 1170 303 Anniversario
1207 258 1482 302 Dedicationis
1506 259 1833 313 Archibasilicae

217 335 495 377 lateranensis
526 332 669 375 eadetn
708 334 843 387 vigent
877 330 1010 388 quoad
1047 343 1188 373 eorum
1224 329 1558 384 celebrationem,
1584 342 1690 387 quae
1729 331 1831 373 infra

213 407 401 447 dicentur
435 404 661 459 respective
705 402 755 444 de
789 401 1027 444 earumdem
1063 400 1332 443 ecclesiarum
1378 399 1495 443 Festo
1534 400 1688 443 titulari
1728 400 1832 444 cele-

220 475 387 519 brando.

333 544 544 599 Quaedam
581 546 825 586 mutationes
860 544 1083 598 practicam
1121 540 1320 584 habentes
1363 541 1578 585 utilitatem
1623 546 1718 584 sunt
1760 541 1836 584 hoc

217 618 253 658 in
289 615 376 658 loco
411 614 651 657 inserendae
685 628 732 655 ex
768 612 885 655 Dec.0
919 613 957 656 S.
994 611 1038 655 R.
1072 611 1113 654 C.
1149 625 1274 670 super
1308 615 1358 655 M.
1395 625 1454 667 pr.
1494 611 1695 655 «Abhinc
1734 612 1836 655 duos

216 699 342 729 annos
361 701 379 725 ))
407 686 431 727 ¹.
461 683 655 727 Videlicet
679 682 754 726 sub
775 683 832 725 n.⁰
852 682 910 725 De
930 682 1155 725 Dominicis
1175 687 1213 725 et
1233 681 1360 725 Festis
1378 681 1592 739 hucusque
1614 681 1836 726 Dominicis

217 755 361 799 diebus
405 756 549 805 atlixis,
582 756 792 811 sequentia
834 753 1048 809 leguntur:
1086 753 1152 794 1...
1193 756 1228 804 e)
1258 752 1640 795 «Anniversarium
1676 753 1838 796 declica-

219 829 338 868 tionis
356 825 552 868 ecclesiae
571 824 833 877 cathedralis,
853 823 960 880 quod
981 824 1152 866 seorsim
1174 822 1224 866 ab
1242 822 1540 866 Annirersario
1560 822 1837 867 Dedicationis

217 896 388 939 aliarum
414 895 678 938 ecclesiarum
704 895 904 937 dioecesis
939 897 976 936 in
1011 898 1092 937 tota
1127 894 1306 937 dioecesi
1342 895 1408 937 die
1443 896 1528 950 ipsa
1552 896 1836 937 anniversaria

217 966 506 1018 celebrabitur,
529 968 560 1008 si
586 978 632 1008 ea
659 968 908 1008 innotescat:
943 978 1061 1008 secus
1094 964 1172 1008 alia
1206 965 1272 1007 die
1306 966 1385 1008 lixa
1419 964 1589 1008 arbitrio
1630 964 1835 1021 Episcopi,

217 1037 354 1079 audito
386 1041 518 1079 tamen
548 1035 734 1091 Capitulo
768 1035 1009 1088 cathedrali,
1043 1035 1168 1078 semel
1206 1048 1277 1090 pro
1311 1048 1474 1091 semper
1506 1035 1776 1091 designanda.

335 1109 370 1163 t')
404 1108 744 1149 Anniversarium
780 1106 1051 1149 dedicationis
1087 1108 1278 1162 propriae
1303 1105 1644 1164 ccclesiae,quod
1671 1109 1837 1162 pariter,

217 1180 248 1219 si
276 1177 485 1233 bucusque
508 1190 579 1220 sua
606 1179 768 1233 propria
793 1177 859 1219 die
883 1189 903 1219 a
928 1176 1100 1232 singulis
1133 1177 1334 1219 dioecesis
1366 1176 1552 1219 ecclesiis
1584 1176 1836 1219 celebratum

219 1252 290 1297 est,
317 1250 398 1303 ipsa
434 1248 498 1289 die
532 1247 731 1290 celebrari
768 1252 933 1303 pergat:
969 1249 1001 1289 si
1039 1261 1135 1289 vero
1171 1249 1207 1289 in
1242 1251 1323 1289 tota
1359 1246 1535 1290 dioecesi
1562 1246 1626 1290 vel
1652 1246 1838 1290 instituto

221 1319 336 1359 unica
381 1317 445 1359 die
491 1317 615 1359 recoli
659 1319 875 1359 consuevit
910 1316 1121 1360 Dedicatio
1155 1319 1337 1359 omnium
1374 1316 1642 1359 ecclesiarum
1678 1317 1838 1360 dioece-

217 1400 317 1434 seos,
363 1387 462 1430 llaec
506 1396 620 1430 extra
665 1387 881 1430 ecclesiam
927 1386 1232 1441 Catbedraleim
1278 1389 1315 1429 in
1361 1386 1547 1430 ecclesus
1589 1390 1839 1431 consecratis

219 1461 390 1509 tantum,
424 1471 500 1500 non
539 1472 635 1500 vero
671 1460 708 1500 in
743 1457 833 1500 aliis
868 1457 990 1500 recoli
1029 1458 1275 1513 poterit,die
1298 1457 1349 1500 ab
1373 1455 1610 1511 Ordinario,
1636 1464 1838 1514 utsupra.

218 1527 485 1583 designanda,
509 1542 614 1585 quae
649 1534 783 1571 tamen
817 1528 895 1571 alia
929 1531 978 1571 sit
1013 1542 1032 1571 a
1068 1529 1134 1571 die
1169 1529 1418 1571 dedicationi
1458 1528 1667 1571 Ecclesiae
1700 1528 1838 1572 calbe-

217 1598 342 1640 dralis
378 1598 618 1641 recolendae
652 1601 870 1655 assignata.
907 1599 1023 1653 Quae
1048 1602 1141 1641 item
1168 1599 1443 1642 observentur
1471 1599 1838 1642 ‹leAnniversario

217 1667 494 1711 Dedicationis
537 1672 719 1712 ‹unnium
764 1669 1034 1712 ecclesiarum
1080 1669 1255 1712 alicuius
1287 1667 1457 1713 Ordinis
1498 1683 1569 1712 seu
1603 1668 1837 1726 Congrega-

218 1741 349 1787 tionis,
384 1740 490 1796 quod
527 1740 740 1797 bucusque
775 1743 812 1782 in
849 1740 1061 1783 Dominica
1096 1740 1297 1783 celebrari
1333 1742 1605 1783 consuevit».

333 1810 390 1852 Ac
425 1810 590 1853 domuin
626 1824 674 1853 cx
712 1810 827 1854 ὓθο.υ
862 1812 901 1854 S.
936 1811 982 1854 R.
1016 1811 1057 1855 C.
1092 1811 1333 1867 generali&
1365 1807 1835 1854 c<lllſjAnniversarinm

218 1878 492 1922 Dedicationis
526 1880 733 1924 Ecclesiae
767 1881 911 1924 codem
947 1880 1023 1924 sub
1057 1883 1134 1923 ritu
1160 1880 1211 1924 ab
1235 1883 1344 1923 omni
1379 1880 1489 1923 clero
1525 1880 1745 1933 recolatur,
1768 1883 1836 1938 qui

218 1950 265 1992 ad
299 1951 468 1993 eandem
497 1950 735 1999 Ecclesiam,
758 1951 842 2007 (aut
869 1953 1027 1994 ratione
1054 1951 1254 1998 beneficii,
1280 1956 1350 1994 aut
1375 1953 1531 1994 ratione
1553 1951 1838 2007 subiectionis)

220 2026 355 2075 utpote
391 2024 595 2077 propriam
632 2025 818 2077 pertinet.
853 2022 970 2077 Quod
996 2025 1027 2065 si
1053 2022 1174 2066 alicui
1202 2021 1387 2065 Dioecesi
1426 2022 1487 2064 vel
1525 2022 1709 2065 lnstituto
1743 2035 1836 2065 con-

219 2104 376 2133 cessum
412 2094 462 2135 sit
501 2093 840 2136 Auunci-sarium
884 2093 1162 2136 Dedicationis
1205 2095 1387 2135 omnium
1433 2092 1712 2136 Ecclesiarum
1758 2106 1838 2135 uno

219 2162 447 2218 codemque
479 2163 546 2205 die
570 2163 795 2217 celebrare,
820 2177 963 2207 omnes
994 2169 1031 2206 et
1066 2163 1216 2219 singuli
1252 2163 1302 2206 de
1337 2163 1510 2206 relativo
1534 2162 1664 2210 Clero,
1690 2162 1839 2220 quibus

221 2231 420 2274 indultum
457 2234 579 2287 taxet„
614 2234 768 2276 dictum
805 2233 966 2277 Festum
1001 2234 1126 2277 semel
1167 2233 1495 2287 celebrabunt,...
1529 2235 1617 2276 sive
1656 2233 1836 2277 Ecclesia

221 2304 381 2357 propriu
416 2308 669 2357 consecrata,
691 2306 779 2346 sive
803 2303 1019 2347 benedicta
1055 2308 1211 2347 tantum
1250 2305 1385 2356 luerit,
1419 2306 1718 2360 cuiuscumque
1753 2312 1839 2360 pai·-

219 2371 402 2413 ticularis
435 2372 602 2415 alterius
635 2372 845 2416 Ecclesiae
879 2374 1158 2417 Dedicationis
1191 2373 1308 2417 Festo
1341 2376 1490 2416 omisso
1510 2389 1547 2417 )).

338 2442 400 2483 18.
438 2444 508 2488 De
551 2445 714 2489 Titulo
759 2447 1020 2490 Ecclesiae.
1062 2444 1101 2486 ln
1145 2436 1224 2486 una
1259 2444 1298 2487 S.
1332 2443 1524 2487 Alberti³
1563 2446 1836 2501 «quael-itur:

220 2511 279 2554 An
317 2511 539 2567 Episcopus
584 2516 745 2569 proprio
790 2517 876 2557 iure
921 2516 1046 2571 possit
1090 2514 1310 2557 Pati-onum
1355 2515 1476 2558 alicui
1512 2514 1720 2558 Ecclesiae
1757 2519 1836 2556 sta-

219 2586 331 2623 tuere
345 2584 363 2623 ζ)
397 2587 433 2624 et
467 2585 502 2625 S.
532 2583 573 2627 ll.
609 2584 755 2639 (Iongr.
778 2584 1005 2627 rescribere
1039 2589 1125 2627 rata
1159 2589 1239 2628 est:
1275 2585 1335 2627 Ad
1374 2585 1383 2627 Ι
1415 2584 1698 2628 Allirmative:
1735 2584 1835 2626 idest

224 2666 340 2707 posse
375 2651 619 2707 Episcopum
656 2656 692 2695 in
728 2656 936 2709 erigendis
968 2655 1164 2699 Ecclesiis
1195 2656 1260 2699 SS.
1296 2655 1499 2698 Titulares
1531 2657 1590 2698 eis
1626 2655 1836 2709 assignare

222 2735 314 2764 cuni
350 2722 539 2764 omnibus
573 2727 872 2779 praerogativis
905 2725 971 2781 (eo
1005 2724 1124 2782 ipso)7
1157 2738 1263 2783 quae
1296 2739 1344 2768 ex
1381 2728 1468 2768 iure
1501 2724 1566 2768 SS.
1592 2723 1834 2766 Titularium

225 2871 312 2905 let—‘3
339 2827 346 2847 ¹
377 2827 533 2904 ,Ξὸςᾞξῖῂ
568 2830 668 2869 1913,
699 2828 773 2862 CO.
805 2829 848 2867 V,
876 2831 957 2864 457.
981 2850 1023 2855 -
1050 2831 1063 2852 2
1090 2831 1110 2864 9
1137 2831 1211 2865 Iul.
1244 2831 1346 2872 1895,
1375 2843 1413 2865 n.
1442 2830 1547 2865 3863.
1569 2829 1644 2854 —3
1669 2829 1713 2862 ⁴21
1743 2829 1833 2873 Apr.

276 2883 324 2908 ts..
356 2884 391 2905 n.
423 2882 481 2905 :Vl-2
506 2888 524 2906 1.
