1965 3240
489 157 574 190 Ti'r.
601 157 728 191 XXV.
757 177 770 182 -
796 157 852 192 De
877 158 1068 202 beneficiis
1094 158 1360 192 ecelesiasticis
1668 159 1743 194 425

105 277 187 318 sint
218 275 457 318 sacerdotes
492 278 715 333 iniicuique
749 277 965 330 paroeciae
999 278 1167 332 proprii,
1192 279 1452 320 committere
1488 279 1642 333 possint
1665 280 1733 321 uni

107 345 327 402 eidemque
359 346 565 389 sacerdoti
599 359 742 390 curam
777 346 954 389 duarum
993 346 1054 389 vel
1091 349 1213 389 etiam
1259 349 1381 389 trium
1433 349 1734 403 paroeciarum,

107 420 145 458 et
181 417 403 459 transferre
438 416 640 473 parochos
662 429 683 460 a
710 419 899 473 paroecia
933 429 1005 460 sua
1035 417 1084 460 ad
1120 417 1241 460 aliam
1278 420 1410 473 magis
1433 417 1657 461 centralem
1683 432 1733 462 ex

106 498 184 542 qua
210 485 370 529 facilius
391 499 639 530 succurrere
675 489 827 543 possint
851 486 1043 530 tidelibus
1076 489 1257 543 ipsorum
1283 501 1407 531 curae
1445 491 1731 532 commissis».

226 555 324 599 341.
361 558 647 603 Prohibitae
680 559 908 604 beneficii
941 560 1318 604 deminutiones.
1352 557 1530 601 Rubi-ica
1565 557 1640 603 Tit.
1678 559 1730 601 12

106 627 143 668 in
179 625 264 670 Lib.
300 626 349 669 lll
383 626 662 671 Decretalium
697 627 933 672 continebat
966 627 1071 671 hanc
1107 628 1254 684 legem,
1283 642 1389 685 quae
1425 631 1461 671 in
1497 643 1586 671 eun.
1618 631 1731 671 1140

105 696 299 740 translata
334 703 416 741 est:
456 698 547 742 «Ut
583 698 778 755 beneficia
813 698 1097 742 ecelesiastica
1141 699 1232 741 sine
1279 698 1565 742 deminutione
1597 701 1733 757 eonse-

104 773 315 823 rantur»,
353 768 479 812 verbo
512 775 677 826 sumpto
712 772 823 813 iuxta
860 772 1169 826 inscriptionem
1205 770 1326 813 huius
1350 770 1515 825 Capitis.
1554 770 1736 828 ideoque

103 837 168 882 bic
207 852 295 882 «ex
335 842 486 883 veteris
520 842 620 883 iuris
652 843 912 895 anctoritate,
935 846 1058 898 atque
1093 840 1184 884 ideo
1208 854 1257 884 ex
1295 843 1472 897 receptis
1494 841 1601 898 apud
1639 856 1730 897 pro-

103 908 218 953 batos
250 915 442 954 auctores
476 911 886 967 interpretationibus
919 916 979 955 est
1011 912 1356 955 aestimandus».

222 979 457 1025 Deminutio
506 981 695 1026 beneticii
747 982 922 1026 habetur
961 983 1355 1041 «quandocumque
1405 983 1503 1026 utile
1546 985 1732 1027 aufertur

101 1051 316 1107 beneticio,
356 1053 416 1096 vel
452 1066 555 1096 onus
589 1053 801 1110 quodlibet
835 1053 1001 1096 additur
1038 1053 1099 1097 vel
1134 1059 1404 1110 aggravatur,
1438 1057 1489 1097 ita
1527 1060 1567 1098 ut
1608 1055 1729 1098 bene-

102 1124 239 1166 ticium
274 1125 325 1166 sit
360 1126 494 1167 minus
517 1124 800 1180 appetibile».
838 1124 919 1167 lam
949 1125 1128 1168 vidimus
1163 1119 1459 1181 prohibitiones
1493 1125 1728 1169 huiusmodi

98 1197 271 1237 statutas
303 1194 426 1238 tuisse
461 1208 533 1250 per
566 1195 688 1238 huius
711 1194 865 1251 Capitis
897 1208 1089 1239 canones.
1125 1196 1201 1239 Sed
1238 1198 1274 1238 in
1312 1199 1514 1252 praesenti
1541 1197 1727 1241 conside-

100 1269 241 1308 rantur
275 1265 443 1308 eaedem
480 1279 559 1308 non
595 1271 794 1322 perpetuo
828 1268 971 1315 factae,
995 1267 1066 1310 sed
1101 1270 1319 1310 occasione
1342 1267 1572 1311 collationis
1608 1268 1728 1312 bene-

74 1324 178 1378 'ficii
204 1340 244 1379 et
270 1343 495 1392 gravantes
520 1336 629 1380 hunc
659 1336 719 1380 vel
747 1336 921 1380 alterum
949 1337 1258 1381 beneficiarium
1287 1338 1313 1379 ¹.
1353 1354 1371 1379 «
1399 1339 1558 1382 Primus
1583 1340 1730 1383 modus

96 1408 222 1462 igitur
256 1411 330 1461 est,
364 1409 395 1450 si
444 1407 704 1451 manentibus
740 1422 811 1464 pro
845 1408 998 1452 clerico
1046 1408 1190 1451 iisdem
1238 1408 1409 1460 iuribus,
1443 1415 1480 1453 et
1525 1409 1728 1454 reditibus

96 1476 300 1528 beneticii,
336 1491 441 1521 nova
487 1478 692 1535 quaedam
727 1492 853 1522 onera
903 1481 1168 1535 imponantur
1201 1494 1264 1523 ex.
1299 1494 1358 1536 gr.
1394 1483 1425 1523 si
1462 1480 1727 1525 beneficiario

96 1551 319 1604 possessori
367 1549 619 1592 instituendo
653 1548 850 1606 obligatio
895 1553 1131 1606 imponatur
1180 1550 1341 1608 legendi
1390 1554 1640 1608 scripturam
1687 1555 1724 1595 in

93 1619 292 1675 Ecclesia,
330 1620 391 1663 vel
437 1619 600 1663 Missam
636 1620 874 1664 celebrandi
910 1621 1056 1665 diebus
1089 1626 1127 1665 et
1174 1623 1284 1665 horis
1326 1625 1550 1666 statutis».
1595 1623 1641 1666 Et
1686 1625 1725 1667 S.

91 1688 240 1747 Congr.
273 1689 397 1736 Conc.
433 1691 643 1747 respondit
681 1693 720 1734 in
758 1693 987 1736 Pisaurensi
1014 1693 1051 1736 2;
1091 1709 1112 1734 «
1228 1698 1433 1737 oratorem
1469 1694 1722 1738 obtinentem

92 1759 338 1805 beneficium
373 1761 594 1818 simplex...
629 1776 723 1805 cum
759 1776 884 1806 onere
917 1763 1155 1807 celebrandi
1206 1763 1350 1807 Missas
1383 1764 1545 1808 duobus
1577 1765 1724 1809 diebus

89 1831 311 1876 cuiuslibet
343 1831 646 1889 hebdomadae,
670 1838 708 1876 et
733 1833 942 1891 aliquibus
975 1834 1122 1878 diebus
1146 1836 1270 1884 festis,
1291 1849 1369 1878 non
1407 1849 1524 1892 posse
1556 1839 1646 1893 cogi
1672 1836 1723 1881 ab

89 1901 293 1958 Episcopo
342 1905 570 1960 pisaurensi
622 1903 775 1947 ibidem
808 1904 1023 1948 celebrare
1056 1894 1123 1949 ⁷vel
1157 1906 1370 1950 celebrare
1420 1908 1556 1951 facere
1599 1910 1724 1951 certis

89 1972 235 2017 diebus
268 1978 307 2017 et
340 1973 452 2017 horis
487 1987 559 2031 per
592 1975 787 2018 eumdem
822 1975 1072 2033 Episcopum
1109 1979 1390 2033 pisaurensem
1433 1981 1719 2035 praescriptis:

88 2044 158 2087 sed
194 2045 481 2088 tantummodo
516 2058 633 2102 posse
667 2045 782 2089 illum
818 2045 971 2090 hortari
1008 2052 1047 2090 ut
1093 2048 1275 2092 celebret
1311 2049 1372 2092 vet
1408 2049 1620 2093 celebrare
1665 2052 1719 2093 t'a-

88 2116 232 2158 ciat».
266 2115 306 2158 ln
342 2115 577 2160 Florentina
601 2117 615 2138 ³
650 2117 841 2160 eamdem
875 2118 988 2161 dedit
1024 2122 1347 2176 responsionem.
1374 2146 1425 2150 —
1461 2121 1720 2164 «Secundus

91 2184 236 2228 modus
269 2190 343 2242 est,
376 2188 407 2229 si
458 2188 496 2229 in
544 2186 763 2231 collatione
795 2188 945 2232 solutio
979 2189 1116 2247 aliqua
1150 2203 1221 2233 seu
1268 2193 1489 2247 praestatio
1523 2194 1716 2248 exigatur

90 2268 162 2311 pro
197 2268 275 2300 una
312 2259 402 2301 vice
439 2257 502 2301 vel
536 2257 586 2301 ad
619 2257 786 2316 aliquod
837 2264 1064 2316 tempus».
1097 2260 1189 2304 Huc
1237 2264 1413 2318 pertinet
1463 2261 1558 2306 Dec.
1592 2261 1714 2307 Conc.

87 2324 213 2371 Trid.¹
246 2328 284 2370 in
319 2340 407 2384 cap.
437 2328 503 2377 14,
537 2342 636 2373 sess.
661 2328 792 2372 XXlV
826 2330 877 2373 de
911 2330 1024 2375 Rei:
1064 2348 1086 2373 «
1110 2332 1151 2375 ln
1188 2332 1375 2388 pluribus
1407 2333 1607 2386 ecclesiis,
1634 2339 1717 2377 tam

86 2396 408 2450 cathedralibus,
441 2412 566 2457 quam
600 2399 830 2457 collegiatis
864 2406 904 2445 et
937 2402 1258 2458 parochialibus
1292 2417 1342 2447 ex
1378 2416 1520 2447 earum
1565 2407 1714 2448 consti-

86 2467 326 2524 tutionibus,
360 2473 430 2512 aut
462 2482 513 2513 ex
548 2482 676 2526 prava
709 2472 1009 2516 consuetudine
1042 2473 1256 2517 observari
1292 2474 1558 2530 intelligitur,
1595 2480 1635 2518 ut
1677 2477 1713 2517 in

85 2536 300 2593 electione,
343 2543 687 2596 praesentatione,
731 2544 1026 2596 nominatione,
1072 2546 1339 2588 institutione.
1383 2547 1716 2599 confirmatione,

85 2608 317 2654 collatione,
365 2610 428 2653 vel
472 2610 551 2654 alia
597 2613 846 2667 provisione,
890 2616 980 2657 sive
1023 2615 1275 2658 admissione
1318 2615 1367 2659 ad
1414 2619 1711 2671 possessionem
1748 2647 1750 2649 -

84 2678 302 2724 alicuius...
339 2680 542 2735 benet'icii,
567 2687 644 2727 etc.
679 2687 817 2726 certae
850 2684 1121 2740 conditiones,
1155 2700 1226 2729 seu
1261 2686 1531 2730 deductiones
1554 2701 1601 2729 ex
1630 2689 1711 2730 t'ru-

83 2749 231 2803 ctibus,
263 2749 500 2804 solutiones,
535 2754 841 2809 promissiones,
875 2759 1290 2812 compensationesre
1334 2756 1543 2800 illicitae...
1589 2759 1714 2799 inter-

201 2857 210 2878 ¹
239 2855 372 2891 Santi:
392 2857 683 2892 praelectiones
702 2857 801 2892 iuris
819 2870 904 2893 can.
925 2859 1012 2895 Lib.
1034 2861 1106 2905 ΠΙ,
1128 2862 1206 2896 Tit.
1229 2862 1319 2903 XII,
1340 2874 1377 2896 n.
1407 2863 1438 2895 2.
1470 2883 1508 2886 —
1538 2862 1550 2883 ²
1577 2862 1597 2895 6
1617 2863 1712 2906 Apr.

82 2901 186 2944 1647,
212 2903 280 2937 lib.
310 2904 466 2939 Deeret.
498 2905 553 2947 18,
583 2916 670 2950 pag.
704 2905 787 2940 231.
816 2927 860 2930 —
887 2907 901 2929 ³
928 2907 972 2942 18
998 2908 1091 2953 Apr.
1122 2909 1225 2944 1863.
