1965 3240
610 179 694 214 Trr.
722 179 831 214 XXI.

858 200 870 205 -
901 180 954 215 Dc
979 181 1212 215 Scotzinariis

1657 186 1676 217 Ιυ

1679 185 1725 219 ῖέ

726 423 960 461 TITULUS
991 423 1101 460 XXI.

656 522 729 564 De
777 521 1161 565 Seminariis.

142 660 223 697 CAN.
254 660 356 697 1352.
387 683 403 687 -
434 661 603 697 Ecclesiae
628 666 679 697 est
706 662 758 697 ius
795 673 869 708 pro-

69 733 73 737 ι
96 709 208 755 prium
228 714 260 744 et
277 709 491 745 exclusivum
511 720 567 747 eos
589 709 792 744 instituendi
812 709 870 755 qui

93 756 336 792 ecclesiasticis
376 756 580 792 ministeriis
607 767 680 792 sese
706 757 873 792 devovere

95 803 256 849 cupiunt.

141 850 226 887 CAN.
262 849 360 886 1353.
393 872 409 875 -
439 850 528 885 Dent
553 862 693 897 operam
715 851 872 886 sacerdo—

94 903 156 942 tes,
186 898 388 943 praesertim
419 898 572 944 parochi.
592 903 628 933 ut
656 909 791 944 puerOS,
813 898 870 944 qui

94 945 224 981 indicia
251 945 441 992 praebeant
458 945 711 981 ecclesiasticae
730 946 873 981 vocatio-

94 993 162 1035 nis,
192 992 426 1039 peculiaribus
453 993 545 1028 curis
563 1004 582 1028 a
602 993 730 1028 saeculi
759 998 871 1028 conta-

93 1040 160 1085 giis
195 1045 350 1082 arceant
378 1040 421 1075 ad
462 1040 625 1086 pietatem
665 1040 870 1081 informent,

95 1087 217 1134 primis
244 1088 439 1123 litterarum
474 1087 599 1123 studiis
635 1087 795 1122 imbuant
822 1088 871 1123 di-

94 1146 264 1181 vinaeque
291 1135 327 1170 in
354 1135 403 1171 eis
431 1135 619 1170 vocationis
645 1146 787 1179 germen
825 1135 871 1170 fo-

93 1186 207 1218 veant

139 1229 224 1266 CAN.
257 1227 359 1264 1354.
382 1250 405 1256 -
424 1233 443 1272 ξ
470 1228 500 1265 1.
520 1229 755 1275 Unaquaeque
781 1229 873 1265 dioe-

93 1277 180 1313 cesis
206 1277 242 1312 in
271 1276 344 1313 loco
377 1277 600 1312 convenienti
636 1277 680 1312 ab
708 1276 873 1323 Episcopo

92 1324 199 1360 electo
234 1324 471 1360 Seminarium
507 1336 566 1360 seu
602 1324 784 1369 collegium
813 1324 873 1359 ha-

94 1372 172 1407 beat
198 1371 233 1406 in
262 1383 342 1417 quo,
374 1383 433 1417 pro
468 1372 569 1407 modo
611 1372 813 1407 facultatum
840 1377 873 1407 et

92 1419 259 1455 dioecesis
276 1419 523 1465 amplitudine.
541 1424 655 1455 certus
672 1419 872 1455 adolescen-

95 1467 180 1502 tium
222 1478 390 1502 numerus
428 1467 471 1502 ad
509 1471 638 1502 statum
677 1467 871 1502 clericalem

98 1514 315 1548 instituatur.

141 1565 160 1604 §
178 1561 211 1598 2.
230 1560 434 1597 Curandum
455 1566 491 1596 ut
510 1561 545 1596 in
567 1561 757 1596 maioribus
777 1572 872 1607 prae-

93 1609 212 1644 sertim
240 1608 457 1644 dioecesibus
495 1609 576 1643 bina
614 1609 874 1644 constituantur

94 1654 312 1691 Seminaria:
344 1656 474 1698 minus,
504 1656 646 1692 scilicet.
673 1666 731 1702 pro
759 1656 874 1702 pueris

96 1703 288 1738 litterarum
328 1703 475 1739 scientia
513 1703 725 1745 imbuendis,
761 1704 873 1738 maius

95 1762 155 1797 pro
179 1750 337 1786 alumnis
365 1751 606 1797 philosophiae
623 1762 662 1786 ac
683 1751 873 1796 theologiae

98 1797 316 1833 vacantibus.

141 1849 160 1887 ξ
188 1845 219 1880 3.
246 1844 280 1881 Si
309 1845 472 1881 constitui
494 1844 730 1881 Seminarium
747 1845 876 1881 dioece-

96 1903 221 1928 sanum
258 1897 419 1938 nequeat,
449 1898 509 1928 aut
537 1893 571 1927 in
600 1893 788 1928 constituto
815 1892 873 1928 Se-

95 1939 246 1975 minario
271 1940 484 1976 conveniens
511 1940 698 1981 institutio
723 1952 873 1986 praeser-

94 1987 157 2022 tim
174 1987 207 2022 in
225 1987 474 2033 philosophicis
492 1998 530 2023 ac
550 1970 752 2033 theologicis
770 1988 873 2023 disci-

96 2034 213 2087 plinis,
239 2034 466 2076 desideretur,
496 2035 687 2082 Episcopus
712 2035 874 2070 alumnos

95 2081 129 2116 in
149 2081 303 2117 alienum
324 2080 560 2118 Seminarium
583 2083 708 2121 mittat
728 2083 795 2117 nisi
817 2082 874 2118 Se-

97 2129 284 2164 minarium
320 2129 657 2165 interdioeeesanum
687 2130 738 2165 vel
766 2132 874 2175 regio-

97 2178 187 2258 pale.
207 2177 413 2213 auctoritate
430 2177 629 2223 apostolica,
644 2178 872 2213 constitutum

111 2224 212 2259 uerit.

122 2270 227 2306 «(ΣΑΝ.
259 2269 372 2306 1355.’
392 2292 416 2297 -
444 2271 506 2307 Pro
540 2272 789 2308 constitutione
816 2271 873 2308 Se-

97 2318 236 2354 minarii
258 2323 291 2354 et
308 2319 533 2354 alumnorum
561 2320 827 2363 sustentatione,
847 2320 874 2354 si

97 2365 373 2411 propriireditus
399 2366 575 2408 deficiant,
604 2366 791 2413 Episcopus
819 2378 876 2413 po-

96 2417 161 2448 test
179 2425 186 2448 :

194 2459 229 2494 10
262 2459 430 2495 Parochos
476 2461 605 2496 aliosve
650 2461 875 2497 ecelesiarum

96 2506 200 2542 etiam
235 2512 474 2553 exemptarum
510 2512 657 2544 rectores
692 2509 813 2544 iubere
841 2513 877 2543 ut

97 2554 196 2589 statis
231 2554 445 2600 temporibus
471 2555 508 2590 in
534 2556 679 2591 ecclesia
708 2555 750 2590 ad
782 2555 876 2591 hunc

99 2601 204 2637 finem
232 2602 358 2647 stipem
384 2603 590 2648 exquirant;

192 2648 230 2682 '2⁰
258 2648 442 2684 Tributum
485 2661 547 2685 seu
590 2657 702 2686 tamam
744 2650 779 2684 in
815 2661 877 2685 sua

99 2695 245 2731 dioecesi
275 2696 465 2742 imperare;

195 2743 233 2777 3⁰
261 2743 296 2778 Si
334 2744 418 2779 haec
452 2754 522 2778 non
559 2744 746 2786 sufficiant,
779 2744 876 2779 attri-

100 2789 207 2871 bpere
233 2789 431 2827 Seminario
456 2791 574 2836 aliqua
601 2791 769 2827 beneficia
796 2791 878 2826 sim-

103 2848 123 2883 p
142 2847 219 2872 icta.

149 2883 233 2920 CAN.
266 2883 369 2919 1356.
396 2905 416 2911 -
444 2889 462 2927 ξ
490 2884 520 2919 1.
548 2884 692 2921 Tributo
726 2896 786 2931 pro
821 2885 880 2921 Se-

102 2931 251 2967 minario
276 2932 427 2967 obnoxia
452 2937 548 2973 sunt,
576 2932 699 2978 quavis
727 2933 880 2979 appella—

944 661 1036 697 tione
1064 666 1207 697 remota
1237 663 1417 707 reprobata
1453 664 1605 709 qualibet
1643 676 1721 699 con-

947 708 1053 744 traria
1071 709 1322 744 consuetudine
1340 715 1372 745 et
1390 710 1553 755 abrogato
1571 712 1721 756 quolibet

946 755 1120 791 contrario
1148 756 1290 802 privileg„
1281 757 1338 797 io
1358 769 1477 792 nunsa
1502 758 1720 804 episcopalis

946 803 1065 838 omnia
1105 803 1272 838 beneficia
1311 804 1414 839 etiam
1455 805 1624 849 reguliria
1663 811 1721 840 iut

947 851 1252 896 jurispatronatus,
1289 852 1465 903 paroeciae
1507 857 1565 887 aut
1608 854 1722 898 quasi-

948 898 1140 944 paroffliae,
1154 909 1314 943 quamtis
1329 899 1414 934 alios
1430 899 1571 940 reditus,
1591 905 1723 945 praeter

948 945 1102 980 fidelium
1137 945 1342 988 oblationes
1373 958 1440 980 non
1478 946 1639 988 babeant
1665 948 1722 982 do—

947 1004 1024 1027 mus
1052 992 1233 1039 hospitalis
1259 993 1462 1028 auctoritate
1492 994 1723 1029 ecclesiastica

945 1044 1071 1081 erecta,
1089 1040 1289 1076 sodalitates
1303 1041 1469 1076 canonice
1483 1047 1614 1077 erectae
1629 1047 1658 1077 et
1681 1042 1725 1077 sa·

947 1087 1061 1122 bricae
1086 1087 1326 1131 ecclesiarum,
1347 1088 1375 1122 si
1403 1099 1482 1123 suos
1509 1089 1638 1124 reditus
1666 1089 1723 1124 lia

948 1135 1064 1175 beant
1094 1135 1269 1181 quaelibet
1307 1135 1468 1180 religiosa
1505 1137 1640 1177 domus,
1654 1137 1721 1191 etsi

945 1187 1118 1235 exempta,
1148 1194 1213 1216 nist
1254 1182 1335 1217 solis
1373 1183 1603 1219 01901110511115
1634 1171 1723 1219 ruat

946 1234 1006 1264 aut
1032 1229 1067 1263 in
1095 1241 1134 1265 ea
1161 1229 1344 1274 ‹ollegium
1371 1221 1579 1265 discentium
1600 1231 1648 1265 iel
1670 1232 1724 1266 do-

946 1277 1099 1312 centium
1127 1277 1170 1312 ad
1197 1277 1568 1313 communeEcclesiae
1594 1277 1723 1313 bonum

948 1324 1221 1370 promovendum
1249 1330 1326 1360 actu
1354 1325 1534 1360 habeatur.

993 1375 1012 1413 ξ
1039 1372 1072 1406 ⁶2.
1102 1371 1173 1407 Hoc
1200 1372 1368 1407 tributum
1397 1372 1496 1407 debet
1523 1383 1597 1407 esse
1622 1383 1723 1417 gene-

947 1419 1019 1454 rale
1044 1419 1269 1465 eiusdemque
1291 1420 1520 1465 proportionis
1540 1431 1599 1465 pro
1617 1421 1724 1455 omni·

947 1466 1024 1506 bus,
1047 1466 1159 1501 maius
1185 1467 1236 1502 vel
1265 1467 1382 1501 minus
1408 1467 1598 1502 secundum
1619 1466 1725 1502 Semi-

948 1514 1036 1549 narii
1054 1514 1306 1555 necessitatem,
1323 1515 1379 1549 sed
1396 1515 1522 1560 quinas
1537 1515 1725 1560 quotannis

946 1561 1155 1597 centesimas
1184 1566 1296 1607 partes
1324 1561 1358 1603 (¹5
1383 1564 1442 1608 (70)
1469 1562 1600 1597 reditus
1626 1562 1726 1597 vecti

946 1608 1034 1653 galis
1061 1621 1130 1644 non
1158 1610 1340 1651 excedens
1368 1609 1597 1644 minuendum
1624 1614 1724 1655 prout

947 1656 1078 1691 reditus
1105 1655 1290 1691 Seminarii
1318 1662 1502 1700 augentur.

995 1707 1014 1745 ἓ
1041 1703 1073 1739 3.
1102 1703 1242 1739 Reditus
1269 1703 1398 1738 tributo
1423 1704 1593 1739 obnoxius
1621 1704 1648 1738 is
1675 1708 1723 1738 est

947 1752 1020 1796 qui.
1055 1751 1212 1786 deductis
1250 1751 1414 1786 oneribus
1452 1756 1484 1786 et
1524 1751 1726 1786 necessariis

947 1798 1121 1844 expensis,
1151 1799 1301 1844 supersit
1329 1799 1362 1832 in
1390 1810 1505 1834 anno:
1536 1809 1598 1833 nec
1627 1798 1660 1832 in
1688 1808 1727 1832 eo

948 1846 1058 1881 reditu
1087 1847 1279 1892 computari
1307 1846 1434 1881 debent
1464 1846 1726 1881 distributiones

948 1894 1182 1939 quotidianae,
1206 1894 1270 1929 vel.
1292 1893 1317 1927 si
1337 1904 1458 1928 omnes
1486 1893 1641 1928 beneficii
1663 1893 1726 1927 sru-

948 1946 1022 1976 ctus
1065 1941 1371 1975 ‹listritmtionitms
1414 1945 1585 1983 constent,
1627 1940 1727 1975 tertia

948 1989 1137 2023 earundem
1156 2000 1252 2034 pars;
1277 2000 1337 2023 nec
1355 1988 1506 2023 tidelium
1523 1987 1726 2025 oblationes,

949 2046 1025 2075 nec,
1059 2036 1084 2069 si
1114 2047 1235 2070 omncs
1262 2035 1437 2080 paroeciae
1463 2035 1593 2069 reditus
1619 2034 1728 2069 coale-

949 2087 1047 2118 scant
1064 2082 1215 2118 fidelium
1232 2082 1480 2118 oblationibus.
1494 2083 1592 2117 tertia
1607 2093 1727 2117 carun-

948 2131 1025 2165 dem
1057 2142 1146 2176 pars.

997 2177 1079 2213 cm.
1116 2176 1215 2211 1357.
1236 2198 1251 2202 --
1273 2181 1292 2219 ξ
1316 2177 1342 2211 l.
1368 2176 1521 2222 Episcopi
1541 2181 1591 2211 est
1609 2175 1725 2211 omnia

949 2229 981 2260 et
1007 2225 1146 2269 singula
1177 2235 1265 2270 quae
1297 2224 1337 2258 ad
1375 2229 1503 2258 rectam
1540 2223 1724 2258 Seminarii

949 2272 1143 2307 dioeces-ini
1172 2271 1526 2311 administritione,m
1556 2270 1723 2313 reoimeu

952 2320 1140 2365 protectum
1179 2319 1372 2354 necessaria
1400 2323 1431 2353 et
1458 2323 1651 2363 opportuna
1681 2317 1727 2351 11-

950 2367 1109 2402 (leantur
1141 2367 1334 2405 decerne,re
1362 2377 1470 2410 eaque
1509 2370 1543 2399 ut
1585 2364 1728 2399 tideliter

950 2414 1342 2458 obse1ientur,‹·urar‚e
1362 2412 1466 2447 saliis
1495 2412 1728 2457 piaescriptio-

952 2461 1056 2496 nibus
1074 2473 1092 2496 a
1113 2460 1239 2496 Sancta
1261 2460 1347 2495 Sede
1376 2471 1435 2505 pro
1463 2459 1601 2494 casibus
1630 2470 1728 2504 pecu-

952 2509 1097 2543 liaribus
1126 2508 1215 2543 latis.

999 2560 1017 2598 g
1045 2555 1077 2592 “).
1111 2555 1333 2590 Potissimum
1371 2553 1504 2588 studeat
1546 2552 1731 2604 Episcopus

953 2603 1151 2656 frequenter
1171 2601 1406 2637 Seminarium
1438 2601 1509 2646 ipse
1538 2612 1595 2645 per
1621 2611 1656 2635 se
1685 2611 1730 2633 11-

951 2650 1066 2689 sitari
1096 2650 1128 2684 in
1164 2649 1420 2684 institutionem
1457 2659 1544 2692 quae
1578 2647 1732 2681 alumnis

952 2678 1101 2732 traditur
1127 2697 1198 2732 sixe
1231 2696 1385 2731 litterari·
1387 2706 1432 2729 1111
1453 2700 1483 2730 et
1503 2694 1730 2728 s‹ientiticam

951 2745 1023 2780 sive
1041 2743 1309 2779 ecclesiasticam
1331 2741 1448 2777 sedulo
1469 2741 1622 2785 vigilare,
1640 2746 1670 2776 et
1691 2742 1731 2776 de

951 2792 1175 2827 alumnorum
1213 2790 1338 2825 indole.
1380 2789 1515 2834 pietate,
1554 2789 1730 2823 vocatione

952 2850 992 2874 ae
1021 2839 1172 2884 prosectu
1206 2837 1394 2883 pleniorem
1431 2836 1496 2869 sibi
1531 2846 1730 2881 comparare

954 2886 1128 2928 notitiam,
1159 2885 1308 2920 maxime
1342 2884 1520 2919 occasione
1551 2893 1726 2917 sacrarum

953 2933 1228 2967 ordinationum.
