1965 3240
182 112 250 146 456
323 110 408 143 Lus.
436 109 507 143 III.
534 129 546 135 -
572 108 683 142 PARS
709 108 754 142 V.
784 128 794 134 -
821 108 879 143 De
902 107 1025 150 benef.
1053 110 1088 142 et
1113 109 1238 142 instit.
1266 108 1392 142 eccles.
1420 117 1502 141 non
1527 107 1659 151 colley.

181 229 443 281 clericorum,
481 226 544 270 vel
578 227 778 270 laicorum
827 228 1018 281 existant,
1068 227 1106 268 in
1157 227 1421 281 perceptione
1453 226 1676 278 fructuum,
1711 239 1803 282 pro-

185 303 395 352 ventuum,
430 297 727 341 obventionum
763 309 1125 354 quorumcumque
1160 294 1471 350 beneficiorum,
1510 297 1669 339 etiamsi
1706 309 1805 339 vere

180 370 231 413 de
265 370 354 411 iure
389 372 629 424 patronatus
663 370 844 424 ipsorum
879 381 927 411 ex
961 367 1201 410 fundatione
1234 371 1273 409 et
1305 366 1514 410 dotatione
1546 371 1695 422 essent,
1720 366 1807 410 nul-

181 440 353 494 latenus,
387 438 555 482 nullave
588 451 711 482 causa
750 438 812 481 vel
846 440 1064 482 occasione
1111 451 1155 480 se
1203 439 1405 493 ingerant,
1447 437 1518 480 sed
1553 437 1642 481 illos
1675 437 1804 481 libere

181 511 328 553 rectori
362 522 435 552 scu
461 508 720 560 beneficiato,
744 522 822 551 non
848 508 1035 552 obstante
1059 509 1180 550 etiam
1206 519 1470 565 quacumque
1493 507 1804 563 consuetudine,

180 579 487 623 distribuendos
525 579 797 623 dimittant».

298 650 332 693 A
365 650 520 693 fortiori
569 650 777 706 praedicta
827 649 1011 693 exclusio
1046 654 1105 692 est
1137 648 1405 705 intelligenda
1444 648 1495 692 de
1527 648 1804 705 spiritualium

179 721 536 764 administratione
568 725 705 777 atque,
740 724 783 763 ut
817 722 1027 763 innuimus
1060 732 1198 776 supra,
1218 719 1269 762 de
1303 720 1569 776 inquisitione
1602 723 1672 762 aut
1706 721 1802 762 visi-

178 793 345 847 tatione,
381 796 500 847 prout
548 796 669 834 cavet
716 791 824 834 idem
873 791 995 835 Conc.
1044 793 1081 833 iu
1122 803 1211 846 cap.
1247 789 1270 832 3
1304 803 1403 834 sess.
1439 788 1569 832 XXIV
1601 789 1652 833 de
1683 789 1802 834 Ref.:

183 861 390 904 «Patroni
428 874 526 904 vero
561 863 599 904 in
634 863 696 915 iis,
744 874 850 918 quae
897 860 946 904 ad
997 864 1352 904 sacramentorum
1402 859 1802 903 administrationem

177 936 376 988 spectant,
410 931 645 975 nullatenus
677 945 719 974 se
754 936 1021 988 praesumant
1062 933 1268 987 ingerere,
1306 943 1440 988 neque
1487 932 1709 973 visitationi
1743 943 1804 973 or-

177 1007 465 1045 namentorum
500 1001 725 1054 Ecclesiae,
758 1007 828 1045 aut
862 1002 1065 1045 bonorum
1099 1000 1308 1045 stabilium
1342 1014 1414 1044 seu
1440 999 1690 1044 fabricarum
1716 1014 1803 1057 pro-

179 1072 370 1116 ventibus
403 1075 685 1126 immisceant3
720 1075 796 1116 nisi
831 1077 1035 1130 quatenus
1080 1072 1118 1115 id
1164 1074 1223 1115 eis
1255 1085 1305 1115 ex
1351 1073 1606 1115 institutione
1637 1084 1684 1115 ac
1718 1073 1804 1115 fun-

177 1144 342 1188 datione
377 1149 595 1200 competat.

294 1212 410 1259 Onus
444 1217 700 1271 recognitum
736 1217 775 1258 in
809 1214 931 1259 Conc.
965 1215 1075 1258 Trid.
1113 1215 1124 1236 ¹
1160 1220 1199 1258 et
1233 1215 1327 1257 inde
1360 1214 1603 1258 translatum
1638 1217 1676 1257 in
1712 1227 1802 1258 can.

177 1286 302 1341 1186,
337 1285 584 1342 explanatur
618 1287 683 1329 hic
716 1285 804 1329 sub.
840 1287 898 1328 n.⁰
932 1286 997 1328 30
1029 1285 1266 1342 Aedificare
1300 1287 1479 1341 propriis
1500 1284 1733 1341 sumptibus
1755 1297 1803 1328 ac

175 1356 308 1400 denno
341 1356 558 1399 ecclesiam
589 1359 650 1400 sui
685 1359 785 1400 iuris
819 1361 1059 1413 patronatus
1092 1356 1322 1414 collapsam
1346 1362 1433 1408 aut,
1459 1358 1491 1399 si
1526 1356 1691 1413 quando
1713 1360 1801 1399 tan-

175 1432 260 1470 tum
286 1441 364 1470 non
390 1418 601 1482 defecerit,
626 1427 920 1484 *reparationes
945 1427 1067 1479 illius,
1089 1426 1246 1470 iudicio
1275 1426 1515 1481 Ordinarii,
1539 1429 1605 1470 cui
1631 1427 1802 1483 proinde

174 1502 235 1541 est
266 1498 552 1552 deferendum,
585 1498 848 1541 necessarias
892 1498 933 1541 in
979 1498 1123 1541 eadem
1165 1498 1322 1556 facere,
1367 1511 1446 1541 non
1492 1500 1570 1541 iam
1606 1500 1644 1540 in
1679 1498 1802 1540 domo

174 1569 413 1626 parochiali,
448 1569 612 1626 quando
648 1571 684 1612 in
712 1569 778 1612 illa
805 1582 904 1612 cura
938 1571 1170 1612 animarum
1204 1571 1362 1612 existat.
1400 1567 1487 1612 Hoc
1519 1581 1622 1611 onus
1640 1573 1801 1624 gravat,

173 1640 211 1683 si
242 1639 282 1697 a)
317 1654 367 1682 eat
396 1639 518 1683 tilulo
552 1639 861 1696 aedificationis
894 1640 961 1683 ias
991 1645 1245 1697 patronatus
1270 1639 1469 1683 ecclesiae
1494 1638 1686 1692 habeant,
1720 1652 1800 1682 non

173 1714 282 1755 enim
317 1712 438 1754 decet
469 1724 539 1754 eos
572 1716 615 1754 ut
648 1711 796 1754 domus
830 1711 901 1755 Dei
943 1714 979 1754 in
1027 1713 1186 1754 ruinam
1239 1715 1398 1767 vergat,
1433 1716 1471 1752 et
1506 1710 1548 1766 b)
1582 1710 1668 1753 nisi
1698 1724 1802 1754 onas

174 1781 463 1838 aedificandae
505 1781 639 1824 denuo
683 1781 747 1824 ‘cel
788 1781 1060 1839 reparandae
1105 1773 1319 1836 ecclesiae,
1354 1786 1395 1824 ut
1428 1793 1567 1837 supra,
1607 1780 1708 1824 aliis
1739 1780 1801 1823 in-

173 1852 335 1896 cumbat
368 1855 407 1895 in
440 1852 585 1895 ordine
633 1852 754 1895 huius
802 1852 1093 1909 adimplendae
1141 1851 1407 1908 obligationis
1457 1851 1802 1907 praecedentibus

173 1925 228 1966 ad
261 1937 450 1967 normam
484 1937 573 1966 can.
608 1925 721 1966 1186
756 1923 911 1967 ibidem
947 1923 1229 1968 declaratam:

293 1994 492 2038 Patronus
526 1994 630 2038 liber
661 2006 683 2037 a
718 2007 854 2051 praec.
879 1994 1145 2050 obligatione,
1169 1993 1413 2037 subiicietur
1452 1993 1634 2037 fortassis
1671 1995 1800 2044 oneri,

172 2065 280 2123 quod
315 2067 373 2108 sic
406 2067 655 2121 exprimitur
685 2065 749 2107 3⁰
783 2065 988 2122 Sappierc
1033 2065 1210 2120 redimis,
1244 2068 1334 2108 sive
1368 2064 1406 2107 hi
1443 2069 1713 2120 permaneant
1749 2077 1798 2107 ex

172 2138 395 2193 originaria
429 2136 651 2190 dotatione,
676 2138 766 2179 sive
799 2136 1125 2179 deminutionem
1160 2139 1240 2179 sint
1273 2137 1378 2192 passi
1413 2134 1463 2178 ob
1486 2135 1674 2178 diversas
1697 2140 1797 2179 tem-

172 2220 317 2264 porum
355 2207 674 2262 vicissitudines,
722 2207 792 2249 sed
837 2206 968 2249 solum
1013 2207 1053 2263 a)
1087 2207 1124 2249 si
1158 2221 1208 2249 ea:
1242 2206 1365 2250 {italo
1403 2206 1635 2250 dotationis
1668 2205 1796 2261 expli·
1825 2218 1827 2221 ’

171 2283 262 2321 cato
309 2278 358 2321 ad
393 2290 482 2321 can.
518 2277 645 2327 1448,
679 2276 788 2319 illius
821 2277 887 2319 ias
917 2283 1173 2334 palronatas
1198 2278 1439 2335 proveniat,
1481 2276 1523 2333 b)
1559 2290 1649 2319 cani
1672 2275 1796 2319 eccle-

171 2348 260 2391 siae
292 2347 354 2390 vei
387 2347 573 2403 beneficii
604 2346 767 2390 reditas
800 2347 863 2390 ita
895 2346 1126 2405 defecerint
1160 2351 1196 2390 in
1231 2361 1274 2391 se
1311 2348 1373 2391 vel
1408 2361 1457 2391 ex
1477 2348 1798 2391 circumstantiis

171 2421 365 2474 externis,
386 2424 429 2461 nt
463 2423 639 2475 nequeat
671 2417 854 2476 amplias
888 2418 1147 2474 alterutrum,
1168 2419 1229 2461 vel
1247 2418 1383 2462 cedias
1402 2418 1596 2462 decenter
1627 2422 1798 2461 naturae

172 2493 299 2547 ipsius
332 2490 375 2532 in
403 2489 576 2532 ecclesia
612 2493 825 2545 patronata
859 2490 1062 2543 exerceri,
1090 2489 1149 2532 rel
1171 2489 1410 2546 beneficiam
1436 2492 1536 2533 iuris
1559 2493 1799 2546 patronatus

171 2561 370 2619 conferri,
405 2574 452 2603 eo
485 2560 594 2617 quod
630 2559 681 2602 ob
715 2559 824 2603 illam
876 2573 1041 2603 causam
1093 2574 1170 2603 non
1222 2563 1459 2604 inveniatur
1507 2562 1798 2615 acceptaturus

170 2632 358 2676 clericus.

288 2703 552 2747 Considerata
589 2705 933 2759 iurispatronatus
966 2705 1139 2758 origine,
1184 2702 1328 2758 plenus
1360 2703 1568 2759 aequitate
1600 2700 1797 2744 suadetur

290 2856 297 2876 ¹
327 2854 417 2898 Cap.
450 2857 468 2888 7
496 2866 588 2888 sess.
619 2855 715 2889 XXI
742 2854 787 2887 de
814 2853 898 2888 Res.
