1965 3240
856 223 1054 248 ADDENDA
1699 211 1767 246 605

135 337 280 371 Dnum,
322 334 574 369 ordinarium
614 335 703 375 loci,
744 334 812 379 qui
850 338 961 368 curet
987 344 1037 367 ne
1063 334 1205 368 calices
1234 345 1256 367 a
1280 332 1416 367 formis
1444 331 1768 366 traditionalibus

133 393 333 435 differant,
361 393 410 427 ob
436 394 656 438 periculum
683 392 911 428 effundendi
938 404 1066 427 sacras
1094 393 1242 437 species
1281 397 1322 427 et
1359 391 1565 426 excitandi
1604 391 1767 425 admira-

136 455 284 489 tionem
305 468 340 487 »-

230 512 290 546 Ad
324 523 412 556 pag.
449 511 518 544 241
553 519 646 544 ante
683 522 791 545 num.
823 510 902 544 199.
933 529 975 535 —
1002 510 1091 544 Huc
1119 512 1325 555 pertinent
1350 510 1451 544 duae
1476 515 1687 555 sequentes
1713 520 1768 544 re—

133 571 369 617 sponsiones
386 581 393 604 :
812 612 814 614 v

229 630 257 664 Ι.
286 628 491 674 Proposito
518 629 657 663 dubio:
689 630 699 651 1
733 644 746 658 «
767 629 913 664 Utrum
940 629 1206 663 instructione
1226 628 1346 662 huius
1364 628 1538 662 eiusdem
1560 628 1770 672 Supremae

135 690 274 724 Sacrae
313 689 661 734 Congregationis,
703 688 807 722 latae
846 688 908 722 die
945 689 987 722 16
1023 688 1129 732 Sept.
1162 688 1263 729 1864,
1294 688 1397 721 circa
1423 688 1770 732 participationem

132 748 421 783 catholicorum
448 747 604 782 cuidam
631 747 814 781 societati
840 746 1012 781 Londini
1039 751 1192 781 erectae
1219 746 1267 780 ad
1288 747 1601 791 procurandam,
1631 751 1677 780 ut
1698 747 1772 780 aie-

134 808 244 848 bant,
264 809 571 842 christianitatis
590 809 797 846 unitatem,
828 806 1081 851 applicandae
1109 806 1205 846 sint,
1234 810 1273 839 et
1299 817 1320 839 a
1346 805 1532 839 fidelibus
1557 804 1771 839 servandae

136 867 256 901 etiam
283 866 409 911 quoad
435 865 647 900 eorundem
673 866 1019 910 participationem
1048 864 1313 900 conventibus
1348 864 1674 909 quibuscumque,
1712 876 1771 898 co-

134 925 339 970 mitiisque
378 925 548 970 publicis
587 925 650 959 vel
688 925 856 969 privatis
895 924 942 958 ab
981 924 1213 958 acatholicis
1252 924 1428 966 indictis,
1457 924 1524 968 qui
1552 926 1669 957 finem
1695 923 1772 958 sibi

135 985 410 1029 praestituunt
436 985 624 1018 unionem
650 983 886 1029 procurandi
904 984 1081 1017 omnium
1099 990 1283 1017 coetuum
1301 983 1607 1017 christianorum
1627 994 1771 1016 nomen

132 1043 212 1091 sibj
249 1043 598 1084 vindicantium»;
638 1043 738 1077 Emi.
776 1054 820 1076 ac
858 1042 991 1076 Rdmi.
1028 1043 1120 1076 Dni.
1150 1042 1424 1076 Cardinales...
1454 1041 1772 1086 respondendum

136 1103 393 1137 mandarunt:
429 1119 442 1133 α
465 1104 717 1148 Affirmatz've,
746 1106 786 1136 et
814 1102 959 1136 iterum
986 1101 1232 1146 evulgandas
1258 1113 1342 1135 esse
1369 1101 1411 1135 in
1437 1100 1685 1146 ephemeride
1719 1100 1772 1135 of—

135 1162 256 1197 ficiali
277 1165 445 1197 &anctae
465 1163 577 1197 Sedis
596 1174 713 1208 supra
730 1168 964 1196 memoratas
983 1162 1153 1204 litteras,
1182 1172 1263 1195 una
1290 1172 1378 1195 cum
1396 1160 1488 1194 aliis
1512 1160 1560 1194 ad
1586 1160 1772 1205 quosdam

137 1222 340 1256 Puseistas
366 1223 544 1267 anglicos
571 1222 686 1264 datis,
713 1222 774 1256 die
801 1222 823 1256 S
850 1221 947 1256 Nov.
980 1221 1072 1255 1865
1091 1237 1124 1255 ».

231 1281 282 1315 Π.
311 1282 324 1303 2
350 1281 396 1315 In
425 1281 597 1326 plenario
624 1286 826 1316 conventu
852 1280 989 1314 habito
1016 1280 1062 1314 ab
1089 1279 1212 1313 Emis.
1241 1291 1285 1313 ac
1312 1278 1464 1313 Rdmis.
1484 1278 1665 1312 Dominis
1685 1278 1771 1312 Car-

133 1340 337 1375 dinalibus
358 1341 398 1374 in
419 1340 537 1375 rebus
563 1340 656 1375 fidei
682 1345 724 1375 et
751 1352 902 1374 morum
928 1339 1243 1385 Inquisitoribus
1271 1337 1546 1382 Generalibus,
1575 1338 1774 1382 proposito

134 1399 275 1434 dubio:
311 1416 324 1430 ‹
344 1400 406 1434 An
434 1399 649 1441 doctrinae,
679 1411 775 1445 quas
800 1399 921 1433 hodie
947 1399 1226 1443 theosophicas
1245 1397 1398 1441 dicunt,
1420 1397 1599 1442 componi
1619 1397 1774 1442 possint

132 1471 226 1494 cum
245 1459 423 1493 doctrina
442 1459 659 1503 catholica,
681 1459 850 1504 ideoque
876 1471 926 1492 an
952 1458 1071 1492 liceat
1097 1469 1239 1492 nomen
1267 1457 1358 1491 dare
1385 1456 1644 1491 societatibus
1670 1456 1773 1490 theo-

133 1518 322 1564 sophicis,
348 1530 484 1552 earum
510 1518 777 1553 conventibus
804 1519 1010 1563 interesse,
1041 1518 1292 1563 ipsarumque
1319 1516 1453 1557 libros,
1490 1516 1769 1560 ephemerides,

133 1577 274 1619 diaria,
303 1580 451 1620 scripta
468 1578 599 1623 legere
619 1594 651 1612 ».
682 1598 723 1603 -
753 1578 877 1611 Iidem
900 1578 1001 1611 Emi.
1023 1589 1067 1611 ac
1085 1577 1218 1611 Rdmi.
1241 1576 1415 1611 Domini.
1436 1575 1668 1620 praehabito
1685 1575 1769 1609 DD.

139 1637 422 1672 Consultorum
448 1642 555 1681 voto,
584 1637 900 1682 respondendum
928 1637 1210 1671 decreverunt:
1239 1652 1251 1666 c<
1271 1636 1458 1680 Neqcztzve
1476 1638 1518 1669 z'n
1536 1636 1717 1669 omnibus
1738 1651 1770 1669 ι».

234 1696 293 1730 Ad
320 1708 408 1741 pag.
436 1696 520 1740 266,
549 1703 638 1741 post
664 1699 708 1739 {m
737 1699 785 1730 1¹¹1
812 1704 916 1730 can.S
946 1697 1164 1730 1341.-Hoc
1186 1696 1475 1741 praescriptum
1501 1695 1682 1728 continet
1708 1694 1772 1728 im-

138 1756 274 1800 plicite
300 1755 460 1790 declar.S
488 1763 586 1801 seq.S
614 1756 650 1790 S.
678 1755 842 1800 Congr.S
862 1755 1182 1790 Consistorialis:
1204 1755 1218 1776 3
1242 1770 1255 1784 α
1275 1754 1324 1788 X.
1348 1757 1410 1788 An
1429 1753 1614 1798 Episcopi
1633 1759 1673 1787 et
1694 1754 1772 1786 Mo-

133 1814 340 1848 -deratores
374 1814 616 1860 regularium
649 1815 804 1859 possint
830 1814 1186 1848 commendationis
1212 1813 1370 1846 litteras
1396 1812 1540 1856 absque
1567 1816 1661 1845 nota
1686 1823 1773 1845 con-

139 1873 271 1908 cedere
298 1874 381 1907 suis
407 1873 592 1915 subditis,
622 1874 689 1918 qui
716 1873 863 1907 alicubi
897 1885 919 1907 a
948 1873 1242 1918 praedicatione
1280 1872 1430 1906 fuerint
1468 1871 1690 1916 prohibiti?
1728 1891 1772 1895 —

134 1933 209 1969 XI.
235 1934 297 1966 An
324 1933 492 1967 invitari
518 1934 673 1977 possint
699 1933 799 1967 sacri
826 1933 1011 1967 Oratores
1039 1933 1106 1977 qui
1133 1933 1174 1966 in
1200 1931 1333 1976 aliquo
1359 1931 1509 1965 fuerint
1535 1928 1773 1974 improbati?

140 2013 184 2017 —
211 1992 359 2026 Ssmus.
396 1992 509 2026 Dom.
539 1993 683 2027 Noster
708 1993 822 2037 (Pius
849 1992 901 2037 X)
929 1991 1246 2037 respondendum
1270 1990 1495 2025 mandavit:
1527 2009 1568 2014 —
1595 1989 1643 2023 ad
1669 1989 1707 2022 X
1733 1997 1772 2023 et

138 2049 198 2084 XI
224 2051 412 2096 negative
431 2066 464 2085 ».

233 2110 294 2144 Ad
312 2104 402 2155 pag'
421 2111 491 2146 275
509 2115 598 2155 post
624 2122 709 2144 can.
745 2110 843 2145 [347.
875 2112 1094 2154 Frequens
1122 2112 1373 2145 assistentia
1401 2110 1684 2143 concionibus
1711 2113 1771 2142 est

132 2169 448 2204 commendanda
474 2169 671 2213 fidelibus,
701 2169 838 2204 habito
864 2175 1047 2214 respectu
1073 2169 1119 2203 ad
1147 2169 1209 2203 ius
1236 2168 1352 2203 Cone.
1387 2167 1613 2202 Tridentini
1639 2169 1665 2209 ⁴,
1704 2167 1772 2201 ubi

131 2228 303 2262 dicitur:
334 2244 347 2258 α
363 2229 601 2273 Moneatque
621 2229 827 2274 episcopus
845 2229 1034 2274 populum
1054 2229 1284 2274 diligenter,
1305 2228 1433 2262 teneri
1451 2237 1772 2271 unumquemque

138 2287 344 2332 parochiae
372 2299 464 2322 suae
491 2288 696 2331 interesse,
734 2288 801 2322 ubi
840 2288 1039 2322 commode
1074 2288 1113 2321 id
1147 2287 1231 2321 fieri
1264 2291 1411 2332 potest,
1447 2286 1494 2320 ad
1529 2285 1771 2320 audiendum

139 2347 303 2381 verbum
337 2347 408 2380 Dei
429 2362 462 2383 ι,
499 2347 740 2381 Huiusmodi
774 2352 972 2381 statutum
1009 2347 1086 2381 fere
1113 2346 1161 2381 ad
1188 2346 1351 2382 verbum
1378 2345 1618 2380 translatum
1644 2351 1704 2379 est
1730 2345 1771 2378 in

134 2413 257 2440 -can.1¹²
282 2406 350 2442 467
378 2406 450 2440 sub
479 2407 514 2448 §0
540 2407 578 2440 20
605 2406 737 2451 ibique
764 2407 1020 2441 commentati
1047 2418 1194 2447 sumus,
1222 2405 1289 2440 sed
1316 2406 1408 2451 quia
1443 2405 1590 2438 nostris
1626 2409 1772 2449 tempo-

140 2464 248 2499 ribus
266 2465 384 2499 multi
404 2465 538 2499 fideles
557 2465 604 2499 ob
623 2465 810 2499 adiuncta
828 2465 1003 2499 locorum
1022 2477 1066 2499 ac
1092 2476 1345 2510 personarum
1373 2464 1489 2498 aliter
1515 2468 1655 2508 agunt,
1685 2474 1771 2496 con—

141 2523 249 2558 ditus
275 2529 335 2559 est
361 2536 447 2559 can.
473 2527 583 2560 1348.
613 2526 803 2560 sssonendi
828 2528 862 2560 et
887 2526 1128 2560 adhortandi·
1155 2524 1203 2559 ad
1229 2535 1426 2558 summum
1454 2523 1566 2557 velut
1592 2522 1638 2556 ad
1659 2522 1772 2556 valde

140 2583 282 2617 utilem
303 2584 469 2628 praxim,
491 2589 531 2618 et
550 2584 782 2629 quandoque
805 2584 1082 2629 obligatoriam
1109 2588 1154 2617 ut
1182 2583 1408 2628 ignorantia
1435 2582 1525 2616 fidei
1553 2581 1774 2626 depellatur

134 2645 182 2675 -et
208 2642 291 2676 vita
316 2642 535 2677 christiana
560 2648 829 2686 conservetur,
858 2654 902 2676 ac
927 2643 1089 2687 proinde
1119 2643 1326 2687 diligenter
1353 2647 1469 2686 capta
1494 2641 1696 2674 occasione
1729 2640 1771 2684 fi-

239 2815 247 2837 l
274 2817 355 2845 Deo.
379 2817 408 2846 S.
434 2817 464 2845 S.
490 2817 613 2854 Congr.
639 2817 670 2846 S.
695 2817 814 2846 Officii.
838 2818 857 2845 4
879 2817 943 2845 Iul.
971 2817 1061 2845 1919.
1089 2817 1157 2847 CO.
1181 2816 1239 2852 XI,
1264 2817 1338 2851 309,

235 2868 249 2889 2
274 2869 424 2898 Dubium
449 2870 491 2898 de
514 2870 789 2907 Theosophismo.
815 2871 852 2898 16
877 2869 940 2898 lul.
966 2870 1056 2899 1919.
1081 2870 1148 2900 CO.
1174 2868 1233 2906 XI,
1258 2870 1328 2898 317.

236 2921 250 2943 3
273 2924 311 2951 25
335 2922 427 2959 Sept.
451 2922 540 2952 1910.
566 2922 636 2952 CO.
662 2923 707 2959 ΙΙ,
731 2923 800 2951 741.

237 2976 249 2996 ⁴
275 2977 357 3013 Cap.
383 2978 412 3013 4,
436 2985 519 3005 sess.
543 2975 655 3005 XXIV
679 2976 722 3005 de
746 2976 821 3004 Ref.
