1965 3240
66 796 70 799 “
123 801 225 843 (can.

478 181 564 214 Tl'r.
594 181 686 215 XX.
712 201 722 206 -
750 181 807 216 De
833 183 934 216 verbi
962 183 1088 216 (licini
1111 185 1401 227 praedicatione
1684 188 1753 222 257

125 300 234 358 (can.
268 300 397 355 1327,
429 300 458 358 ἓ
493 300 531 355 1)
564 300 606 343 in
635 300 873 343 christiana
897 300 1093 344 doen-ina
1119 302 1419 346 instituemlnm
1446 319 1517 361 pro
1541 320 1751 349 sacrorum

123 383 328 415 canonum
355 370 476 414 huius
498 370 652 427 Capitis
675 370 1000 427 adiinpleniento
1023 378 1234 429 spectent:
1259 374 1435 431 mdequc
1459 375 1750 431 obligationem

124 443 262 484 enasci
307 443 571 498 prosequitur
614 454 744 485 canon
789 442 954 485 dicens:
989 447 1027 484 et
1061 443 1202 489 eliam,
1241 447 1334 500 qnia
1369 449 1492 488 ceteri
1533 446 1671 489 clerici
1705 460 1752 490 ac

125 511 236 566 laici,
273 512 512 569 religiosive
555 512 708 559 subditi
752 512 1134 569 subintelliguntur,
1180 514 1219 569 a)
1252 514 1445 572 reliqz'osi
1477 517 1657 574 ezempti
1688 518 1754 560 de-

122 583 267 628 clarati
302 582 380 626 sub
427 595 517 627 can.
554 583 681 637 1334,
725 582 763 636 b)
790 583 967 641 >quoties
1006 597 1085 626 non
1126 590 1336 642 esemplos
1369 585 1529 639 docent,
1567 587 1753 630 subditos

123 667 272 710 nempe
306 653 513 710 Episcopi,
537 668 584 697 ac
608 660 666 697 est
703 654 930 709 prudenter
953 653 1030 698 hoc
1054 654 1211 697 dictum
1259 661 1424 712 propter
1463 672 1481 696 «
1506 657 1752 701 christianae

122 723 351 768 catechesis
384 723 617 767 habendam
654 727 966 768 instructionem
1004 738 1075 781 pro
1110 727 1324 768 conversis
1363 731 1399 769 et
1436 727 1748 771 familiaribus»

280 795 362 838 509
395 796 423 852 ς’
458 793 513 851 ΞΖ),
563 808 686 852 quam
745 801 933 839 «curent
981 796 1226 852 Superiores
1276 796 1486 840 locales».
1530 801 1566 850 c)
1597 798 1753 850 eadem,

121 879 229 924 quae
263 863 512 910 Ordinarius
548 865 623 909 loci
658 866 849 915 edixerit,
885 871 927 909 ut
961 879 1100 923 supra,
1134 880 1303 909 serrare
1338 873 1532 910 tenentur
1559 868 1609 912 ob
1634 868 1754 912 huius

124 939 295 980 canonis
330 938 646 993 praescriptum.
683 935 818 994 Atque
857 939 939 979 <cin
977 937 1038 980 his
1085 937 1264 994 religiosi
1319 944 1485 994 possunt
1524 938 1574 982 ab
1608 941 1751 982 eodem

119 1010 245 1051 etiam
289 1009 430 1064 poenis
473 1010 702 1051 coerceri»
753 1007 861 1065 (can.
899 1007 1016 1065 619),
1062 1011 1256 1065 quamvis
1291 1011 1327 1051 in
1366 1022 1461 1052 casu
1505 1009 1616 1053 locus
1650 1015 1753 1053 esset

123 1082 284 1121 tantum
321 1079 582 1134 poenitentiis
615 1083 653 1121 et
688 1079 883 1122 remediis
917 1078 1172 1135 poenalibus.

826 1255 972 1292 CAPUT
998 1256 1033 1292 ll.

695 1351 746 1386 De
773 1351 895 1386 sacris
921 1352 1183 1387 concionibus.

170 1467 254 1504 CAN.
292 1466 393 1502 1337.
431 1489 447 1493 -
475 1466 563 1503 Tum
600 1468 734 1504 clericis
766 1479 784 1504 e
813 1469 904 1504 clero
978 1469 1149 1504 universis
1167 1469 1290 1503 domus
1309 1469 1488 1514 religiosae
1509 1470 1754 1512 sacerdotibus,

121 1515 304 1556 saeculari,
333 1520 406 1550 tum
434 1515 604 1560 religiosis
639 1527 708 1551 non
735 1516 904 1562 exemptis
980 1517 1079 1551 firmo
1105 1521 1221 1551 tamen
1253 1517 1461 1562 praescripto
1480 1528 1556 1552 can.
1589 1515 1687 1551 1340.

123 1563 321 1598 facultatem
356 1562 587 1598 concionandi
623 1574 682 1609 pro
716 1574 777 1598 suo
803 1563 901 1598 terri·
1021 1567 1040 1609 g
1066 1563 1098 1598 2
1130 1563 1442 1599 (oncionatoribus
1458 1564 1638 1608 religiosis
1658 1565 1753 1600 utfa-

121 1610 208 1645 torio
233 1610 326 1645 solus
352 1609 510 1646 concedit
536 1610 598 1645 loci
631 1609 853 1645 ordinarius.
974 1611 1100 1646 cultate
1126 1616 1263 1656 recepta
1289 1611 1336 1645 uti
1354 1611 1464 1649 liceat
1483 1622 1569 1657 opus
1591 1616 1641 1647 est
1662 1623 1755 1658 prae-

168 1655 452 1699 Cis.1338.-§
480 1657 508 1692 l
531 1656 565 1692 Si
593 1658 713 1693 concio
742 1658 901 1693 habenda
974 1664 1066 1694 terea
1092 1670 1143 1693 Sul
1173 1657 1368 1724 Superioris
1396 1658 1549 1693 licentia.

121 1704 165 1738 sit
180 1709 317 1740 tantum
331 1705 375 1740 ad
387 1705 564 1749 religiosos
578 1709 754 1751 exemptos
773 1706 901 1740 aliosve

120 1752 162 1786 de
188 1752 315 1798 quibus
342 1753 378 1787 in
405 1763 482 1787 can.
509 1750 589 1790 514
611 1757 630 1794 ἓ
654 1752 679 1793 l,
701 1752 900 1788 facultatem

120 1799 351 1835 concionandi
381 1799 416 1833 in
452 1799 619 1844 religione
657 1800 807 1835 clericali
842 1800 901 1835 dat

120 1857 239 1882 eorum
267 1845 430 1900 Superior
456 1848 648 1882 secundum
683 1858 766 1882 cons
770 1847 902 1882 titutio-

121 1904 204 1936 nes;
233 1905 290 1940 qui
320 1895 355 1928 in
382 1905 463 1930 casu
485 1899 593 1940 potest
611 1905 687 1930 eam
713 1895 902 1930 concedere

121 1941 226 1976 etiam
254 1952 296 1975 ns
323 1941 381 1987 qui
408 1942 450 1977 de
476 1941 566 1977 clero
593 1942 760 1977 saeculari
790 1942 841 1978 vel
860 1943 901 1977 de

120 1988 189 2024 alia
224 1988 391 2035 religione
423 1994 519 2030 sunt,
559 1989 746 2025 dummodo
775 2001 795 2024 a
827 2001 900 2036 pro-

124 2036 197 2081 prio
235 2034 425 2072 Ordinatio
459 2037 510 2072 vel
550 2035 733 2083 Superiore
774 2037 902 2073 fuerint

122 2083 237 2118 idonei
266 2083 421 2118 indicati.

167 2134 187 2173 ἓ
213 2130 246 2164 2.
276 2129 311 2165 Si
338 2131 458 2166 concio
485 2130 646 2166 habenda
672 2131 716 2166 sit
741 2132 785 2167 ad
802 2132 902 2173 alios,

121 2177 174 2213 xel
200 2179 303 2213 etiam
330 2178 372 2213 ad
402 2178 571 2214 moniales
589 2179 806 2223 regularibus
825 2179 902 2214 sub-

122 2224 239 2269 iectas,
293 2225 492 2261 facultatem
542 2226 714 2269 religiosis
765 2237 902 2279 quoque

121 2271 290 2319 exemptis
318 2271 483 2325 impertit
522 2271 733 2309 Ordinarius
773 2274 835 2308 loci
865 2274 899 2308 iu

122 2330 191 2366 quo
227 2319 348 2355 concio
386 2320 466 2362 fiet;
508 2321 732 2356 coniionator
768 2326 898 2364 autem,

122 2367 226 2402 verba
253 2367 407 2402 facturus
435 2368 647 2403 monialibus
665 2369 848 2414 exemptis,
867 2368 904 2403 li-

122 2414 237 2449 centia
255 2413 451 2461 Superioris
468 2415 638 2460 regularis
658 2420 833 2461 praeterea
852 2416 905 2450 in-

122 2461 154 2496 di
159 2465 227 2506 g.et

159 2473 189 2551 gg
227 2507 260 2543 3.
299 2507 509 2545 Facultatem
549 2521 628 2546 vero
669 2509 899 2545 concionandi

120 2556 213 2608 apud
240 2555 374 2591 sodales
399 2557 578 2601 religionis
605 2557 748 2597 laicalis,
780 2568 902 2601 quam—

123 2614 174 2637 vis
200 2607 390 2649 exemptae,
416 2604 476 2639 dat
502 2604 565 2640 loci
586 2604 821 2645 Ordinarius;
842 2604 901 2639 sed

122 2651 345 2686 concionator
360 2651 480 2697 nequit
499 2651 661 2687 facultate
679 2652 726 2687 uti
747 2651 822 2687 sine
841 2650 904 2686 Su·

125 2697 267 2744 pel-ioris
292 2697 444 2743 religiosi
471 2709 630 2735 assensu.

170 2744 255 2780 CAN.
278 2744 378 2780 1339
411 2767 428 2771 -
447 2746 520 2788 §1
550 2744 900 2782 Ordinariilocorum

123 2791 292 2837 religiosis
310 2792 368 2838 qui
387 2803 408 2828 a
434 2793 571 2839 proprio
598 2792 782 2839 Superiore
807 2792 901 2828 exhi-

124 2838 285 2883 beantur,
322 2840 520 2876 facultatem
552 2840 796 2880 concionandi,
826 2840 902 2875 sine

123 2886 219 2930 gravi
245 2897 360 2928 causa,
394 2898 438 2923 ne
470 2887 655 2932 denegent.
688 2898 904 2922 concessam-

125 2944 191 2979 que
216 2945 262 2970 ne
286 2939 459 2976 revocent,
486 2935 688 2981 praesertim
708 2945 778 2970 una
796 2934 901 2969 simul

222 3012 320 3041 BLAT
342 3028 362 3035 -
387 3013 510 3042 Gomon.
536 3013 614 3041 Text
637 3012 711 3041 Cod.
736 3012 810 3041 [nr.
835 3012 915 3041 Can.

1021 1706 1104 1742 Cn
1137 1703 1234 1740 134⁰.
1265 1726 1282 1731 -
1311 1710 1329 1747 ξ
1360 1705 1575 1741 1.(1ι3ι11ιι·
1608 1711 1749 1741 onerata

973 1765 1092 1789 eorum
1120 1753 1346 1794 conscientia,
1376 1753 1437 1788 loci
1471 1752 1681 1789 Ordinarins
1704 1754 1754 1789 vel

975 1800 1139 1847 Superior
1157 1800 1338 1845 religiosus
1359 1800 1556 1835 facultatem
1578 1800 1628 1835 xel
1650 1801 1753 1835 liren-

975 1849 1058 1883 tiam
1098 1848 1329 1883 concionandi
1370 1848 1532 1893 cuiquam
1569 1859 1612 1883 ne
1639 1859 1754 1883 conce-

974 1896 1072 1936 dant,
1102 1895 1168 1930 nisi
1199 1896 1293 1941 prius
1319 1900 1451 1930 constet
1486 1895 1526 1930 de
1553 1897 1626 1930 eius
1654 1895 1754 1930 bonis

975 1943 1130 1978 moribus
1156 1947 1188 1977 et
1221 1943 1262 1977 de
1292 1942 1474 1978 sullicienti
1510 1942 1668 1977 doctrina
1696 1953 1754 1988 per

974 2001 1119 2026 examen
1147 1990 1189 2025 ad
1218 2001 1377 2024 normam
1409 2001 1488 2025 can.
1518 1988 1598 2030 877,
1626 1992 1644 2031 ξ
1677 1991 1704 2023 ἰ.

1022 2042 1040 2080 5
1069 2037 1101 2072 2.
1130 2036 1179 2079 Si,
1208 2048 1371 2072 concessa
1400 2037 1560 2072 facultate
1580 2036 1629 2071 vel
1651 2036 1754 2071 liren-

974 2085 1034 2129 tia‚
1052 2085 1283 2130 compererint
1299 2084 1509 2119 necessarias
1524 2084 1620 2118 dotes
1633 2084 1665 2117 in
1679 2094 1756 2119 con-

974 2133 1149 2167 cionatore
1176 2131 1377 2171 desiderari,
1404 2131 1531 2166 debent
1557 2142 1632 2165 eam
1663 2142 1758 2166 revo-

974 2190 1075 2223 care;
1107 2179 1140 2213 in
1168 2179 1273 2213 dubio
1291 2179 1332 2213 de
1352 2179 1520 2217 doctrina,
1539 2178 1665 2213 debent
1684 2190 1754 2213 cer-

974 2227 1018 2261 tis
1044 2227 1260 2271 argumentis
1295 2226 1547 2260 dubitationem
1582 2230 1751 2261 excutere.

973 2285 1062 2309 novo
1089 2274 1193 2308 etiarn
1221 2273 1394 2311 examine,
1423 2273 1450 2307 si
1479 2284 1565 2318 opus
1593 2272 1706 2307 fuerit.

1022 2325 1040 2363 ἓ
1068 2320 1100 2355 3.
1131 2320 1185 2356 Ob
1214 2326 1406 2355 revocatam
1446 2319 1675 2355 concionandi
1707 2320 1753 2354 fa-

974 2369 1137 2403 cultatem
1167 2369 1219 2403 xci
1249 2367 1438 2408 licentiam,
1464 2367 1566 2401 datur
1585 2377 1753 2405 recursus,

974 2416 1032 2451 sed
1060 2427 1129 2450 non
1161 2415 1193 2448 in
1227 2415 1445 2461 suspensixo.

1022 2462 1106 2498 Cis.
1137 2460 1235 2496 12141.
1316 2466 1334 2504 ἓ
1366 2462 1393 2496 1.
1422 2461 1623 2496 Sacerdotes
1648 2465 1754 2495 extra-

974 2510 1168 2545 dioccesani
1198 2509 1269 2545 sive
1296 2508 1488 2544 saeculares
1515 2508 1586 2542 sive
1602 2508 1751 2552 religiosi

974 2558 1016 2592 ad
1044 2557 1325 2592 concionandum
1367 2567 1409 2590 ne
1450 2555 1653 2591 imitentur
1685 2555 1751 2588 nisi

976 2605 1072 2656 prius
1098 2604 1237 2639 licentia
1264 2604 1307 2639 31)
1335 2602 1521 2637 (lrdinario
1548 2602 1608 2636 loci
1631 2602 1665 2635 in
1687 2613 1754 2647 quo

973 2663 1093 2687 concio
1121 2651 1280 2686 bibendi
1298 2651 1353 2686 sit
1376 2650 1517 2685 obtenta
1537 2649 1664 2683 fuerit:
1701 2648 1753 2683 hic

973 2703 1100 2735 autem
1130 2698 1194 2732 nisi
1223 2709 1339 2733 eornm
1361 2697 1583 2732 idoneitatem
1613 2696 1754 2730 aliunde

973 2751 1184 2797 compertam
1216 2746 1351 2781 habeat
1382 2743 1557 2779 li<entiam
1577 2753 1618 2777 ne
1638 2753 1752 2777 conc-e

973 2794 1044 2831 dat
1075 2793 1140 2827 nisi
1170 2793 1266 2838 prin<
1294 2792 1421 2826 bonnm
1445 2790 1680 2824 1ι511ιιιοιιίιιιιι
1701 2801 1752 2824 su·

975 2851 1035 2886 per
1060 2840 1312 2875 conci0112·111›1is
1333 2838 1500 2875 doctrin-1,
1530 2838 1662 2882 pietzwi,
1684 2848 1751 2871 mo-

975 2887 1070 2922 ribus
1096 2899 1116 2921 a
1138 2887 1274 2938 proprio
1301 2886 1453 2921 eiusdem
1482 2883 1669 2920 teudinum
1695 2884 1751 2918 111-

974 2934 1109 2975 buerit;
1137 2945 1209 2979 qui,
1239 2933 1389 2977 graxiter
1415 2936 1557 2967 onerata
1580 2942 1661 2966 cons
1665 2931 1753 2965 cien-

1632 3008 1667 3036 17
