1965 3240
141 151 212 186 528
330 150 416 183 LIB.
444 148 515 182 III.
545 168 557 173 —
584 147 695 182 PARS
719 147 788 181 VI.
817 167 829 172 -
857 147 915 191 De
939 147 1049 181 bonis
1075 146 1269 180 Ecclesiae
1299 131 1581 189 temporalibus

143 273 321 326 potestas
353 279 571 324 supremae
606 269 864 310 auctoritatis
896 265 1034 310 civilis
1072 265 1122 308 ad
1168 269 1354 308 coactam
1388 265 1770 320 expropriationem

143 342 181 382 in
215 338 379 382 civibus
411 337 686 392 statuendam,
724 336 789 398 vel
824 341 885 379 est
917 336 1097 379 diversa.
1131 334 1171 377 Si
1206 336 1399 390 primum,
1425 332 1536 376 illius
1559 335 1771 390 potestatis

142 416 259 454 actus
291 411 477 465 exigeret
510 421 560 451 ex
596 411 711 464 parte
743 408 901 451 Summi
939 406 1146 449 Pontificis
1189 406 1569 461 compensationem
1613 404 1664 447 ad
1703 417 1770 447 ae-

141 479 277 538 quale,
312 492 362 522 ne
396 480 548 522 iustitia
583 477 820 521 laederetur
852 490 950 534 erga
985 477 1198 520 dominum
1234 474 1438 518 bonorum
1473 474 1773 517 ecclesiastico-

144 564 249 604 rum,
286 563 361 593 nec
395 549 485 592 talis
518 549 803 604 compensatio
837 547 1024 591 facienda
1059 550 1165 589 esset
1215 559 1287 602 per
1335 546 1489 601 gratias
1521 544 1768 600 spirituales,

141 623 237 678 quia
272 624 380 664 esset
411 621 586 663 simonia
619 621 719 662 iuris
752 618 897 662 divini.
922 618 962 661 Si
986 617 1178 672 alterum,
1202 615 1366 659 videtur
1388 615 1497 672 quod
1523 617 1770 658 exercitium

143 691 252 735 illius
284 703 506 748 supremae
539 690 910 733 administrationis
934 692 1041 731 esset
1063 691 1205 731 contra
1231 688 1294 729 ius
1317 691 1503 741 naturae,
1523 686 1632 743 quod
1661 690 1771 729 vetat

143 776 193 806 ne
227 776 291 806 res
324 762 493 817 domini,
530 764 617 817 ipso
652 762 795 815 invito,
831 759 1001 803 alterius
1035 758 1146 801 fiant.
1182 783 1236 788 —
1271 756 1535 813 Respondeo:
1576 769 1671 800 cum
1694 755 1769 800 Ec-

141 834 266 878 clesia
299 835 350 876 sit
381 834 556 876 societas
591 832 789 888 perlecta,
824 844 902 874 non
937 834 997 873 est
1031 828 1220 885 neganda
1265 832 1444 884 potestas
1475 829 1664 883 ‘supremi
1697 840 1770 870 seu

142 905 299 948 altioris
332 904 519 958 dominii,
554 902 664 960 quod
699 905 738 944 in
771 913 966 958 suprema
1010 899 1123 944 civili
1168 901 1414 943 auctoritate
1453 898 1685 941 admittitur
1718 898 1768 942 ad

140 980 326 1019 coactam
362 976 756 1030 exproprianonem,
788 972 954 1030 quando
989 972 1081 1014 linis
1115 970 1325 1014 Ecclesiae
1359 970 1536 1025 idipsum
1576 974 1769 1025 expostu-

142 1046 258 1101 laret,
292 1059 363 1089 seu
399 1046 708 1101 proportionata
743 1056 867 1087 causa
901 1043 1055 1086 iudicio
1084 1041 1271 1085 eiusdem
1306 1040 1344 1084 S.
1378 1040 1509 1094 Sedis,
1533 1039 1605 1083 sed
1629 1038 1707 1083 hoc
1731 1041 1769 1082 in

142 1129 238 1160 casu
273 1130 322 1160 ex
359 1117 512 1159 iustitia
546 1119 653 1158 esset
686 1115 854 1157 domino
889 1113 998 1156 illius
1042 1112 1137 1155 boni
1181 1111 1381 1155 tradenda
1416 1112 1698 1167 compensatio
1730 1112 1770 1153 in

143 1187 442 1244 temporalibus
475 1187 524 1229 ad
562 1184 873 1242 aequalitatem.
908 1210 964 1215 ——
1001 1182 1296 1227 Verumtamen
1330 1184 1406 1237 ius,
1440 1182 1492 1225 de
1524 1194 1606 1239 quo
1639 1193 1771 1224 canon

144 1258 324 1315 loquitur
357 1261 415 1300 est
449 1256 500 1300 ab
535 1256 600 1299 illa
638 1260 838 1312 potestate
872 1255 1103 1307 diversum,
1136 1258 1175 1296 et
1207 1255 1351 1296 nititur
1377 1254 1562 1308 potestati
1591 1253 1771 1295 vicariae

145 1328 317 1372 Romani
353 1328 575 1381 Pontificis‚
609 1339 717 1384 quae
751 1330 918 1382 propter
951 1326 1075 1368 finem
1100 1323 1312 1367 Ecclesiae
1337 1322 1686 1380 prosequendum,
1718 1324 1772 1365 ita

142 1401 178 1442 ei
213 1412 455 1442 concessum
491 1403 551 1441 est
584 1410 606 1441 a
641 1397 930 1449 lesu-Christo,
966 1401 1009 1439 ut
1042 1398 1230 1451 attingat,
1263 1407 1356 1438 cum
1402 1395 1507 1437 iusta
1549 1404 1674 1436 causa
1707 1405 1773 1435 ne-

141 1472 320 1514 cessaria
353 1470 403 1512 ad
439 1474 555 1512 actus
591 1468 861 1521 validitatem,
897 1467 964 1510 illa
1010 1469 1132 1510 etiam
1174 1477 1279 1523 quae
1324 1467 1413 1507 iure
1456 1464 1599 1508 divino
1636 1468 1772 1506 essent

141 1540 420 1593 observanda,
455 1540 621 1597 quando
656 1540 1004 1595 praesupponitur
1052 1543 1169 1580 actus
1217 1535 1424 1579 humanae
1457 1534 1694 1589 voluntatis,
1728 1537 1772 1576 ut

143 1611 241 1655 illud
279 1614 428 1667 vigeat.
465 1610 553 1654 Hoc
586 1623 713 1653 censu
747 1611 858 1652 venit
891 1609 1122 1651 dominium
1152 1607 1355 1651 bonorum
1379 1605 1770 1658 ecclesiasticorum,

142 1683 251 1740 quod
285 1685 479 1739 supponit
512 1686 629 1725 actus
660 1682 918 1724 auctoritatis
952 1678 1257 1722 ecclesiasticae
1281 1679 1412 1733 ipsam
1436 1688 1654 1733 personam
1691 1688 1772 1718 mo-

145 1753 271 1797 ralem
306 1755 517 1810 erigentis,
552 1755 617 1796 cui
653 1754 716 1795 ius
749 1751 920 1794 dominii
955 1751 1143 1807 sequitur
1185 1748 1391 1804 huiusque
1434 1747 1633 1790 exercitio
1665 1744 1771 1790 bona

144 1824 212 1867 illa
245 1826 444 1879 acquisita
479 1828 586 1866 sunt.
620 1821 782 1865 Exinde
815 1821 982 1877 profluit
1016 1819 1084 1862 illa
1119 1821 1283 1875 saepius
1318 1820 1356 1860 in
1391 1818 1553 1874 praxim
1592 1816 1772 1860 deducta

143 1895 314 1938 facultas
346 1894 463 1937 Sedis
495 1893 758 1950 Apostolicae
791 1891 1036 1935 admittendi
1077 1890 1126 1933 ad
1166 1890 1510 1945 compositionem
1548 1887 1772 1942 depraeda-

143 1971 253 2009 tores
286 1965 487 2009 bonorum
521 1964 916 2016 ecclesiasticorum,
953 1961 1015 2005 vel
1057 1963 1206 2004 iniuste
1250 1958 1488 2003 huiusmodi
1530 1957 1635 2002 bona
1667 1957 1770 2001 deti—

144 2041 287 2080 nentes
319 2035 504 2093 qualibet
535 2049 585 2078 ex
619 2047 758 2078 causa.

263 2107 360 2151 433.
395 2110 504 2152 lura
536 2107 784 2153 Ordinarii
821 2107 915 2151 loci
964 2116 1182 2148 recensere
1224 2104 1369 2158 incipit
1411 2115 1502 2145 can.
1546 2102 1672 2143 1519.
1718 2124 1770 2130 —-

143 2179 171 2237 ἓ
202 2181 237 2221 1.
272 2176 371 2221 Loci
407 2177 633 2221 Ordinarii
666 2176 775 2234 (can.
810 2176 950 2231 1985
975 2174 1017 2232 2)
1051 2180 1128 2229 esc,
1159 2187 1232 2218 seu
1265 2173 1316 2217 ad
1350 2175 1484 2229 ipsum
1517 2175 1675 2227 spectat
1708 2183 1770 2214 ra-

144 2252 255 2292 tione
288 2249 411 2291 officii
443 2247 587 2291 sedulo
621 2245 860 2304 advigilare
891 2246 1116 2289 efficaciter
1162 2241 1531 2287 administrationi
1563 2243 1676 2284 iuxta
1709 2252 1772 2284 ca-

145 2332 273 2362 nones
305 2331 352 2362 ac
386 2321 473 2374 pias
507 2318 768 2361 fundationes
801 2318 877 2359 rite
911 2316 1128 2359 ducendae
1154 2313 1339 2357 oninium
1362 2311 1560 2356 bonorum
1583 2310 1773 2354 ecclesia-

145 2389 347 2433 stieorum
380 2391 418 2431 in
453 2401 541 2432 can.
579 2388 709 2443 1497,
730 2387 759 2446 ἓ
783 2387 803 2429 1
830 2387 1162 2446 designatorum,v
1184 2398 1290 2442 quae
1313 2384 1352 2440 a)
1373 2383 1418 2426 in
1440 2395 1515 2425 suo
1541 2380 1773 2433 territorio,

145 2460 196 2503 ad
230 2459 338 2517 quod
373 2472 522 2515 nempe
555 2471 628 2502 sua
661 2458 899 2502 extenditur
933 2457 1176 2511 iurisdictio,
1210 2457 1286 2498 sita
1319 2454 1405 2497 sint
1440 2452 1482 2510 b)
1518 2466 1590 2495 nec
1611 2466 1662 2495 ex
1683 2451 1773 2494 eius

145 2529 453 2581 iurisdictione,
485 2542 566 2587 qua
600 2532 844 2585 potestatem
877 2527 1254 2571 administrativam
1287 2524 1479 2578 habente,
1501 2522 1664 2582 fuerint
1686 2521 1774 2565 sub-

147 2600 287 2652 ducta,
309 2602 405 2657 quia
428 2599 504 2643 sub
527 2599 697 2643 alterius
722 2597 897 2642 Praelati
929 2598 993 2641 vel
1027 2596 1333 2641 ecclesiasticae
1367 2605 1566 2651 personae
1598 2592 1684 2636 sola
1716 2594 1774 2635 iu-

147 2671 386 2714 risdictione
409 2672 489 2713 sint
511 2672 640 2726 posita
665 2669 872 2726 legitime3
896 2668 967 2711 sed
991 2668 1041 2711 ad
1067 2669 1203 2710 minus
1231 2666 1386 2710 dictum
1422 2667 1484 2708 ius
1516 2662 1655 2718 habet,
1678 2664 1774 2720 quia

148 2740 412 2797 intelligenda
445 2742 615 2784 canonis
647 2752 816 2783 norma:
865 2738 995 2781 salvis
1028 2740 1196 2794 insuper
1238 2735 1440 2793 legitimis
1469 2732 1772 2793 praescriptio-

147 2810 282 2861 nibus,
315 2815 518 2867 quatenus
551 2809 628 2853 hae
662 2811 918 2853 constituunt
952 2808 1119 2851 modum
1153 2805 1397 2864 acquirendi
1432 2807 1507 2860 ius,
1555 2808 1679 2861 atque
1711 2804 1771 2845 in-

149 2881 277 2938 telligi
309 2894 474 2938 quoque
509 2885 677 2938 possunt
709 2880 761 2923 de
783 2881 945 2932 statutis
978 2881 1054 2922 rite
1086 2877 1263 2922 conditis
1296 2877 1431 2920 lorsan
1464 2888 1537 2932 per
1567 2873 1769 2917 fundatio-
