1965 3240
93 166 99 173 .
147 119 211 151 124
380 120 462 152 LIB.
489 119 560 154 III.
587 140 600 144 -
629 119 740 154 PARS
764 119 817 154 II.
854 139 859 145 ·
884 122 942 155 De
968 121 1061 155 locis
1087 123 1122 155 et
1147 122 1383 166 temporibus
1408 123 1532 156 sacris

143 238 262 292 cipue
296 237 555 293 dispensatis,
589 237 628 293 c)
661 243 787 295 atque
817 237 861 280 in
893 251 968 281 suo
1002 238 1235 291 territorio,
1253 252 1424 295 nempe:
1459 241 1689 296 paroeciae,
1722 238 1770 297 d)

142 306 269 349 eliam
296 306 560 364 peregrinos,
594 307 774 352 scilicet:
799 323 820 349 «
839 310 871 351 si
894 312 1112 352 versentur
1144 313 1258 352 extra
1284 309 1541 353 domicilium
1565 315 1605 353 et
1626 311 1762 367 quasi-

142 376 397 420 domicilium
431 378 540 435 quod
580 378 716 422 adhuc
755 381 976 422 retinent»
1013 380 1119 433 (can.
1154 379 1241 436 91),
1275 393 1299 422 α
1333 379 1422 437 [696
1454 380 1660 423 communi
1694 392 1770 435 pro

142 446 333 490 omnibus
376 447 582 503 fidelibus,
615 461 722 506 quae
759 451 993 492 continetur
1031 452 1070 492 in
1109 449 1186 493 bac
1223 450 1425 506 Sectione,
1469 450 1510 508 a)
1543 449 1594 493 cle
1630 449 1769 493 obser-

141 517 286 560 vantia
317 517 523 575 festorum
547 521 585 561 in
610 518 684 562 Tit.
720 518 811 562 Xlll
845 519 980 576 quoad
1017 524 1239 578 utrumque
1274 526 1555 577 praeceptum,
1581 520 1622 578 b)
1644 520 1762 562 item-

140 603 217 646 que
249 588 300 632 de
332 588 598 632 observantia
640 589 922 633 abstinentiae
963 595 1003 633 et
1045 590 1198 634 ieiunii
1235 592 1488 647 alterutrius,
1526 592 1590 635 vel
1631 591 1759 634 etiam

142 660 361 717 utriusque
392 660 512 704 simul
549 661 599 704 de
641 661 793 718 quibus
836 666 896 704 est
929 660 1005 706 Tit.
1038 660 1145 716 XlV,
1178 661 1426 720 dispensare
1457 676 1529 706 seu
1569 678 1589 703 ((
1629 662 1760 718 legem

140 730 373 774 relaxare»
413 731 521 788 (can.
558 732 642 785 80).

258 801 352 845 Dec.
388 802 426 845 S.
459 801 501 846 C.
536 804 574 845 S.
609 800 744 847 Officii
772 804 783 825 1
824 819 844 843 ((
868 801 970 847 Cum
1005 808 1193 847 recenter
1226 820 1245 845 ))
1284 805 1441 848 editum
1475 810 1535 848 est
1567 804 1618 848 ob
1652 817 1767 848 com-

141 871 318 927 plurium
355 872 653 929 Episcoporum
690 876 918 929 petitiones,
960 889 980 915 ((
1013 887 1191 931 quorum
1227 888 1341 918 mens
1363 879 1463 929 erat,
1488 875 1767 919 abstinentiae

140 943 271 999 legem
306 942 357 985 de
381 955 462 1000 qua
490 942 608 986 valde
631 943 794 986 solliciti
819 949 930 999 sunt,
955 946 1116 1000 magnis
1139 947 1176 987 in
1202 945 1449 1001 populorum
1478 945 1761 998 concursibus,

138 1025 262 1069 aegre
302 1013 528 1056 admodum
573 1026 620 1056 ac
660 1014 883 1058 difficulter
920 1017 1045 1058 variis
1087 1015 1138 1058 de
1180 1018 1316 1059 causis
1349 1029 1466 1072 posse
1510 1018 1684 1069 servari,
1724 1020 1762 1059 et

139 1084 290 1127 damno
324 1086 458 1140 potius
491 1086 723 1128 animarum
759 1098 883 1142 quam
917 1085 1038 1129 saluti
1074 1085 1274 1142 praebere
1307 1089 1581 1131 occasionem.
1604 1103 1623 1127 »
1646 1086 1764 1130 Eius-

137 1154 231 1197 dem
265 1155 479 1211 dispositio
511 1154 813 1212 aliquantulum
850 1161 1006 1200 mutata
1039 1159 1275 1200 continetur
1305 1157 1381 1201 sub
1414 1160 1438 1212 ἓ
1469 1160 1513 1201 2.
1538 1156 1766 1201 Ordinarii

145 1241 164 1265 ε(
190 1225 373 1269 locorum
401 1241 420 1266 ))
450 1225 558 1283 (can.
589 1226 683 1281 198,
705 1227 733 1285 ἓ
763 1226 808 1284 2)
836 1232 1003 1284 propter
1035 1233 1290 1284 contextum,
1322 1228 1363 1286 a)
1397 1242 1449 1271 eoe
1485 1242 1613 1271 causa
1644 1241 1764 1285 pecu-

137 1295 254 1343 liari,
290 1296 418 1339 idest:
451 1297 725 1340 determinata
759 1300 947 1355 sequenti
973 1298 1169 1342 alterutra
1193 1299 1338 1356 nzayni
1357 1299 1505 1357 populi
1537 1312 1761 1342 concursus

139 1371 178 1409 ut
205 1369 242 1408 in
268 1365 385 1411 Dec.⁰
419 1367 521 1422 cit.⁰,
561 1381 597 1412 v.
622 1382 682 1424 gr.
724 1369 814 1412 «ob
837 1370 1022 1412 solemne
1044 1369 1209 1427 aliquod
1235 1370 1383 1413 sestum
1408 1369 1761 1415 celebrandum».

140 1437 202 1480 vel
232 1453 251 1477 «
279 1451 352 1493 pro
375 1437 522 1481 diebus
545 1438 695 1496 quibus
719 1440 929 1483 nundinae
961 1440 1317 1484 extraordinariae
1350 1440 1581 1484 habeantur
1614 1457 1654 1495 >›,
1688 1445 1762 1483 aut

137 1507 242 1552 ultra
276 1507 386 1552 Deci.
421 1521 567 1552 causas
595 1509 792 1567 publicae
822 1510 1080 1554 valetudinis
1115 1525 1151 1555 v.
1187 1525 1264 1568 gr.,
1297 1511 1473 1555 alicuius
1506 1511 1763 1568 pestilentiae

135 1581 208 1621 etsi
244 1592 322 1621 non
359 1579 532 1631 lethalis,
565 1587 741 1637 possunt
774 1582 881 1626 ultra
907 1582 1058 1625 limites
1091 1583 1131 1637 §¹
1156 1595 1292 1639 praec.
1318 1588 1448 1626 totam
1471 1596 1631 1640 quoque
1652 1581 1764 1625 dioe-

135 1649 273 1702 cesim,
304 1665 322 1690 «
342 1652 460 1693 cuius
483 1652 651 1695 nomine
678 1655 790 1695 venit
810 1666 975 1710 quoque
1003 1653 1167 1697 abbatia
1194 1653 1257 1697 vel
1291 1653 1525 1710 praelatura
1549 1653 1762 1706 nullius»,

136 1719 243 1768 (can.
280 1721 375 1775 ¹215,
409 1721 437 1779 g
471 1722 530 1777 ⁶2),
562 1736 634 1765 seu
669 1722 802 1766 locum
835 1723 1015 1767 scilicet:
1052 1724 1358 1767 Praefecturam
1405 1723 1469 1767 vel
1508 1722 1757 1767 Vicat-iatum

135 1791 431 1847 Apostolicum,
467 1792 717 1851 illarumque
749 1797 931 1837 omnium
972 1800 1145 1851 partem,
1180 1808 1273 1838 nam
1308 1795 1537 1838 secundum
1571 1807 1657 1850 reg.
1682 1796 1759 1836 iur.

135 1863 188 1905 80
224 1864 261 1905 in
298 1863 364 1906 60:
405 1879 425 1904 ((
449 1863 491 1906 ln
525 1869 608 1907 toto
633 1870 790 1916 partem
826 1879 904 1908 non
943 1870 1003 1909 est
1035 1865 1442 1909 dubium'contine'ri
1466 1881 1507 1920 >),
1541 1865 1581 1922 a)
1607 1879 1631 1907 α
1655 1865 1760 1907 ieiu-

136 1933 203 1976 nio
228 1932 270 1990 h)
295 1939 334 1976 et
357 1934 406 1977 ab
429 1934 687 1978 abstinentia
710 1936 749 1993 c)
773 1935 836 1978 vel
858 1936 986 1979 eliam
1010 1935 1059 1979 ab
1083 1942 1262 1994 utraque
1283 1936 1411 1979 simul
1432 1936 1522 1993 [eye
1555 1941 1597 1980 ut
1635 1948 1758 1993 supra

139 2007 418 2047 «communi»
441 2004 702 2063 dispensare,
726 2020 798 2050 seu
823 2007 932 2050 illam
959 2007 1159 2062 relaxare,
1178 2010 1266 2051 sine
1284 2009 1542 2064 exceptione,
1561 2007 1758 2063 derogata

134 2074 231 2118 Dec.
263 2075 470 2119 clausula:
525 2092 545 2117 «
564 2081 739 2133 excepto
777 2082 964 2134 tempore
1000 2079 1358 2136 quadragesimae,
1395 2078 1541 2122 diebus
1583 2082 1760 2135 quatuor

134 2150 366 2201 temporum
391 2151 430 2189 et
455 2146 608 2203 vigiliis
647 2161 718 2203 per
740 2160 894 2191 annum
920 2150 1072 2191 ieiunio
1095 2151 1347 2192 consecratis
1369 2164 1407 2194 )).
1434 2175 1487 2179 -
1513 2148 1757 2192 Huiusmodi

132 2213 449 2260 Ordinariorum
485 2217 688 2261 indultum
722 2219 847 2262 afficit
881 2221 1135 2262 territorium
1167 2224 1206 2262 et
1229 2232 1514 2277 quoscumque
1537 2222 1664 2273 iuvat,
1690 2232 1759 2276 pe-

134 2289 322 2343 regrinos
355 2301 520 2345 quoque
553 2293 593 2332 et
628 2301 754 2346 vagos
787 2292 900 2333 iuxta
935 2292 1220 2347 exceptionem
1246 2303 1484 2347 expressam
1515 2293 1552 2333 in
1588 2303 1676 2333 can.
1703 2289 1755 2333 14

130 2356 158 2414 ξ
184 2358 219 2409 1,
244 2357 287 2400 30
312 2363 350 2401 et
373 2358 400 2416 ξ
423 2359 463 2412 ⁶2,
496 2362 578 2403 imo
612 2365 708 2404 tunc
752 2361 992 2417 «obligatio
1024 2361 1127 2417 legis
1163 2363 1396 2404 communis
1427 2366 1560 2405 cessat
1592 2373 1757 2418 quoque

134 2441 205 2483 pro
240 2428 443 2485 religiosis
485 2431 678 2475 omnibus
720 2434 758 2474 in
803 2432 981 2475 dioecesi
1016 2432 1381 2488 commorantibus,
1415 2432 1542 2476 salvis
1581 2434 1687 2475 votis
1719 2435 1758 2474 et

132 2500 493 2544 constitutionibus
526 2504 703 2558 propriis
735 2505 920 2546 cuiusvis
954 2502 1225 2559 religionis»,
1271 2503 1378 2558 (can.
1425 2503 1540 2561 6⁶20).

249 2568 348 2613 Cum
385 2576 521 2615 autem
555 2572 582 2630 ἓ
618 2574 632 2615 1
674 2587 753 2616 non
797 2574 1049 2630 suffragetur
1094 2574 1365 2630 religionibus
1413 2577 1629 2632 exemptis,
1679 2576 1753 2618 nisi

132 2638 183 2682 ob
217 2641 550 2696 supplementum
588 2656 660 2699 pro
694 2641 852 2688 Ordine
885 2644 1032 2698 laicali,
1065 2636 1231 2688 additus
1264 2650 1324 2689 est
1354 2645 1382 2704 ἓ
1412 2647 1456 2690 3.
1481 2645 1529 2689 In
1551 2645 1757 2702 reliqione

131 2709 173 2766 a)
205 2710 397 2754 clericali
429 2716 502 2756 etsi
542 2719 730 2758 votorum
774 2715 1039 2772 simplicium,
1085 2714 1124 2770 b)
1157 2722 1349 2774 emempta
1382 2715 1556 2760 eandem
1588 2715 1754 2774 dispen—

254 2863 263 2884 1
292 2864 312 2896 5
339 2862 430 2898 Dec.
461 2865 564 2909 1894,
596 2865 752 2900 Colleot.
782 2866 818 2900 S.
850 2866 889 2900 O.
917 2866 962 2901 de
989 2867 1031 2901 P.
1062 2867 1103 2902 F.
1125 2879 1163 2902 n.
1188 2868 1290 2903 1884.
