1965 3240
144 140 214 174 200

515 138 600 173 Lm.
629 138 701 173 III.
731 159 743 164 -
771 138 881 173 PARS
907 137 979 171 III.
1008 157 1024 164 -
1048 137 1106 173 De
1131 139 1243 172 cultu
1267 137 1401 172 divino

144 259 232 299 sitis,
261 263 294 294 et
319 262 469 293 rectores
495 257 721 294 eeclesiarum
757 269 817 304 pro
849 257 921 293 suis

144 305 322 346 ecclesii53

216 351 251 387 40
278 352 478 388 Sacerdotes
503 363 524 387 a
550 352 612 387 loci
641 350 830 388 Ordinario
863 352 920 387 de-

144 399 259 445 legati,
287 399 379 434 intra
406 399 493 434 fines
518 399 746 444 delegationis
771 403 804 434 et
823 399 921 434 iuris-

144 447 307 482 dictionis
332 446 542 491 delegantis;

216 492 254 528 50
278 493 481 540 Superiores
522 493 672 538 religiosi
701 497 735 529 et
764 493 920 528 sacerdo-

144 545 195 576 tes
220 540 375 577 eiusdem
402 541 580 585 religionis
598 541 642 576 ab
661 540 744 586 ipsis
763 540 919 585 delegati,

146 599 206 634 pro
234 588 382 635 propriis
400 588 555 623 ecclesiis
573 593 605 623 et
623 588 780 623 oratoriis
802 598 842 622 ac
863 599 922 633 pro

144 635 297 671 ecclesiis
324 635 533 670 monialium
569 635 633 670 sibi
669 635 918 670 subiectarum.

193 682 278 718 CAN.
302 681 403 718 1305.
426 703 446 709 -
466 686 484 724 ξ
513 682 544 717 1.
566 681 672 717 Sacra
697 682 850 727 supellex
869 682 923 717 be-

144 730 283 765 nedicta
320 735 380 765 aut
413 734 613 765 consecrata
643 729 921 765 benedictionem

145 782 205 812 aut
223 777 519 812 consecrationem
546 777 695 811 amittit:

218 824 256 859 1O
282 823 317 860 Si
334 825 419 860 tales
455 823 624 859 laesiones
644 824 694 858 vel
712 823 923 859 mutationes

145 871 290 907 subierit
317 876 354 906 ut
384 871 566 918 pristinam
584 871 741 906 amiserit
760 871 920 911 formam,

145 923 178 954 et
216 919 285 954 iam
324 919 367 955 ad
408 930 489 953 suos
527 930 610 954 usus
648 929 719 954 non
756 918 924 953 habeatur

147 966 290 1007 idonea;

218 1012 255 1047 2⁰
283 1012 317 1048 Si
357 1013 399 1048 ad
428 1024 510 1047 usus
549 1012 728 1048 indecoros
766 1012 923 1047 adhibita

147 1060 198 1095 vel
226 1060 385 1106 publicae
412 1060 604 1095 venditioni
632 1060 787 1105 exposita
807 1059 920 1094 suerit.

1064 261 1083 300 ξ,
1110 256 1143 292 2.
1170 255 1266 292 Calix
1292 260 1325 292 et
1351 260 1478 302 patena
1504 267 1574 292 non
1601 257 1769 292 amittunt

993 303 1290 340 consecrationem
1316 302 1359 338 ob
1385 303 1688 349 consumptionem
1716 304 1770 339 vel

993 351 1254 387 renovationem
1280 354 1478 394 auraturae,
1515 351 1610 386 salva
1634 355 1767 395 tamen,

996 399 1106 444 priore
1133 398 1169 432 in
1196 409 1291 438 casu,
1320 398 1415 442 gravi
1450 398 1661 443 obligatione
1695 409 1771 434 rur·

994 457 1071 480 sum
1098 455 1138 481 ea
1164 445 1364 480 inaurandi.

1043 491 1125 527 CAN.
1158 490 1255 528 1306.
1277 513 1293 518 -
1314 496 1333 534 §5
1353 492 1380 527 1.
1396 492 1598 528 Curandum
1619 503 1661 527 ne
1679 492 1769 527 calix

994 551 1073 574 cum
1101 544 1228 586 patena
1254 544 1287 574 et
1312 544 1394 575 ante
1419 540 1583 575 lotionem
1611 539 1771 585 purifica-

994 587 1093 628 toria,
1121 587 1232 632 pallae
1258 590 1290 622 et
1315 587 1519 630 corporalia,
1556 597 1644 632 quae
1673 587 1772 621 adhi-

995 634 1067 669 bita
1095 634 1188 669 fuere
1216 633 1252 668 in
1279 634 1448 669 sacrificio
1467 633 1604 675 Missae,
1626 638 1774 678 tangan-

995 686 1063 721 tur,
1093 681 1160 715 nisi
1187 692 1207 716 a
1225 680 1360 716 clericis
1378 681 1431 717 vel
1449 681 1493 716 ab
1513 681 1556 715 iis
1574 681 1631 726 qui
1651 691 1772 716 eorum

995 728 1189 763 custodiam
1216 728 1360 763 habent.

1042 779 1061 817 ξ
1088 775 1121 810 2.
1153 775 1402 816 Purificatoria,
1430 775 1542 820 pallae
1579 779 1612 810 et
1649 785 1770 821 corpo·

995 823 1095 866 ralia,
1124 823 1161 857 in
1188 822 1313 858 Missae
1339 822 1508 858 sacrificio
1530 821 1698 863 adhibita,
1728 832 1774 857 ne

996 870 1180 905 tradantur
1194 870 1343 905 lavanda
1357 870 1464 910 laicis,
1476 870 1581 905 etiam
1593 869 1774 914 religiosis,

997 917 1063 951 nisi
1095 917 1189 963 prius
1220 917 1340 952 abluta
1367 917 1496 952 fuerint
1529 928 1549 952 a
1579 916 1702 952 clerico
1736 916 1773 950 in

998 964 1187 999 maioribus
1213 964 1395 1000 ordinibus
1432 964 1641 1005 constituto;
1681 974 1774 1009 aqua

996 1016 1113 1047 autem
1142 1011 1273 1057 primae
1300 1011 1438 1047 lotionis
1473 1011 1631 1046 mittatur
1658 1011 1693 1045 in
1720 1021 1775 1046 sa-

997 1060 1149 1094 crarium
1177 1059 1242 1103 vel,
1271 1059 1298 1093 si
1327 1059 1390 1094 hoc
1416 1059 1516 1101 desit,
1547 1058 1735 1103 inignem.

445 1211 486 1215 -—
512 1189 691 1232 distincta,
719 1200 787 1234 quo
814 1189 914 1224 modo
941 1189 1165 1224 custodienda
1193 1188 1249 1229 sit,
1277 1195 1310 1224 et
1340 1199 1429 1234 quae
1454 1188 1546 1223 circa

466 1248 540 1273 eam
569 1236 741 1272 servanda
1570 1234 1655 1270 Can.
1686 1234 1774 1269 1296

816 1351 856 1356 —-
884 1330 1164 1376 quibuscumque
1189 1330 1344 1366 ecclesiis
1615 1344 1630 1362 »
1688 1328 1776 1364 1297

1034 1444 1082 1474 i—
1102 1425 1135 1460 S.
1156 1425 1192 1461 R.
1213 1425 1247 1460 E.
1267 1425 1464 1460 Cardinalis
1485 1436 1566 1470 pon-

1033 1481 1034 1519 i
1061 1472 1166 1508 tificio
1193 1473 1344 1508 sacrario
1617 1486 1631 1503 2>
1689 1469 1779 1506 1298

814 1520 1008 1565 —perobi-

449 1588 487 1592 —
518 1567 730 1612 providenda
753 1588 796 1595 —
836 1571 909 1602 tum
977 1524 1081 1619 —i—
1096 1566 1253 1612 Episcopi
1269 1565 1503 1602 residentialis
1517 1576 1566 1602 ec<

1059 1614 1182 1650 clesiae
1208 1614 1396 1649 cathedrali
1615 1627 1630 1646 »
1688 1610 1777 1647 1299

148 1709 284 1745 Titulus
298 1709 417 1744 xvul.
1031 1726 1080 1738 ι-
1107 1707 1229 1743 Clerici
1264 1707 1476 1743 beneficiarii
1513 1717 1567 1742 ec-

206 1756 251 1792 De
277 1767 375 1792 sacra
1059 1755 1184 1791 clesiae
1214 1755 1374 1790 beneficii
1617 1767 1632 1786 »
1690 1751 1778 1787 1300

149 1804 353 1850 supellectili
386 1825 429 1828 —

813 1871 855 1875 —
883 1861 962 1885 cum
989 1849 1111 1894 effectu
1140 1860 1199 1895 per
1230 1849 1376 1884 formam
1413 1848 1486 1883 iure
1521 1849 1567 1882 ci-

836 1897 894 1932 vili
921 1897 1073 1932 validam
1617 1908 1633 1927 »
1689 1892 1776 1928 1301

448 2013 489 2016 -
517 1992 636 2027 sedulo
661 1993 817 2028 curanda
1620 2003 1634 2021 »
1690 1987 1781 2023 1302

449 2108 490 2111 -
516 2086 624 2131 gratis
651 2086 818 2132 Episcopo
845 2086 1094 2126 ministranda,
1115 2090 1148 2121 et
1166 2085 1306 2131 quando
1329 2084 1566 2120 sacerdotibus

470 2145 549 2169 cum
565 2134 654 2178 stipe
682 2135 857 2169 moderata
1619 2144 1634 2163 »
1693 2128 1779 2164 1303

447 2228 617 2273 —quoad
632 2229 706 2263 eius
720 2228 775 2263 be·
813 2249 855 2253 —
882 2227 1027 2273 quinam
1057 2226 1233 2273 impertire
1260 2230 1405 2272 possunt
1431 2236 1507 2261 eam
1618 2238 1633 2257 »
1691 2221 1780 2258 1304

469 2275 705 2311 nedictionem
753 2296 796 2301 —

813 2343 855 2346 —
882 2322 1023 2368 quando
1047 2321 1177 2356 amittit
1207 2332 1283 2356 eam
1619 2333 1633 2351 »
1690 2316 1780 2353 ’1305

449 2437 491 2441 ——
519 2420 593 2462 post
626 2427 741 2457 usum,
777 2427 798 2450 a
832 2415 960 2461 quibus
994 2426 1064 2449 non
1091 2414 1280 2459 tangenda,
1311 2414 1361 2449 vel
1389 2424 1569 2459 usquequo

472 2474 541 2499 non
570 2463 719 2498 lavanda
1622 2474 1635 2492 ›>
1694 2457 1781 2494 1306

273 2594 368 2636 166.
403 2596 659 2650 Inscriptio
691 2595 838 2638 Tituli
871 2607 931 2638 ac
953 2594 1077 2638 ordo
1109 2606 1372 2638 canonum.
1408 2590 1564 2634 Deinde
1587 2589 1776 2634 conside—

154 2665 306 2708 randus
339 2669 399 2708 est
437 2664 600 2707 Titulus
634 2662 780 2707 XVIII
809 2665 1030 2719 inscriptus
1057 2662 1114 2705 De
1145 2676 1269 2705 sacra
1301 2662 1481 2705 scilicet:
1517 2663 1555 2703 in
1589 2660 1778 2703 divinum

153 2735 307 2779 cultum
343 2735 544 2779 stabiliter
577 2735 793 2779 destinata.
827 2737 916 2777 sive
949 2733 1001 2777 ob
1034 2735 1388 2777 consecrationem
1423 2736 1493 2775 aut
1527 2731 1778 2775 benedictio-

156 2819 263 2860 nem,
295 2808 384 2849 sive
418 2805 573 2863 absque
607 2805 698 2859 illis,
733 2804 1001 2861 supelleelili,
1027 2816 1132 2860 quae
1159 2808 1318 2847 constat
1351 2808 1437 2846 tum
1472 2800 1715 2845 utensilibus
1739 2802 1778 2842 iu

154 2876 418 2919 commodum
455 2878 738 2918 ministrorum
776 2888 812 2916 v.
837 2888 896 2931 gr.
936 2876 1043 2917 vasis
1074 2876 1216 2925 sacris,
1250 2886 1297 2916 ac
1332 2872 1530 2927 fidelium,
1559 2885 1596 2913 v.
1620 2885 1681 2928 gr.
1715 2883 1779 2914 se·
