1965 3240
183 135 228 168 42
417 132 501 165 Lm.
530 130 601 164 III.
629 149 641 156 -
669 130 778 164 PARS
802 129 854 163 II.
884 149 896 154 -
921 128 979 163 De
1004 129 1095 162 loeis
1121 130 1156 162 et
1182 127 1420 172 temporibus
1444 129 1569 161 sacris

300 250 362 294 3⁰.
400 249 444 292 In
476 247 754 305 definiendam
796 247 1004 289 rationem
1043 259 1125 303 qua
1158 244 1197 302 a)
1224 243 1422 287 collectae
1455 246 1655 300 pecuniae
1678 245 1804 288 dono—

187 335 361 378 rumque
401 323 437 362 iu
483 319 669 373 ecclesia,
714 330 819 375 quae
862 318 1036 360 induunt
1079 320 1267 359 naturam
1302 314 1451 369 cultus,
1492 317 1603 358 iuxta
1638 315 1736 359 illud
1763 316 1804 359 1:

191 391 391 446 «Religio
426 389 577 433 munda
612 393 651 431 et
685 387 947 431 immaculata
990 386 1098 442 apud
1144 385 1273 429 Deum
1309 390 1348 428 et
1382 384 1557 438 Patrem,
1598 385 1700 429 haec
1733 390 1804 440 est,

190 464 354 504 visitare
389 460 564 517 pupillos
587 464 623 502 et
651 459 798 501 viduas
822 460 858 500 iu
884 456 1150 500 tribulatione
1182 469 1324 499 eorum
1350 471 1369 496 ))
1400 455 1430 510 ²,
1455 454 1497 512 b)
1523 454 1806 499 deaamiatio-

186 546 254 575 nes
296 532 600 574 ordinationum
645 542 692 572 ac
738 530 1109 581 matrimoniorum,
1161 528 1374 576 festorum,
1423 527 1686 580 ieiuniorum,
1729 531 1806 570 etc.

184 602 222 659 c)
257 602 415 659 aliique
457 606 587 653 artas,
622 599 662 656 a)
698 598 753 641 ad
795 597 983 641 ‹lim'mmi
1023 596 1179 639 cultam
1218 595 1262 653 h)
1295 602 1573 651 ornatamque
1610 596 1810 640 ecelesiae

185 686 344 730 (sicoqao
378 671 511 726 modo,
545 671 701 714 directe
736 669 799 712 vel
836 669 1036 712 indirecte
1078 667 1139 710 vel
1176 672 1386 724 tamquam
1412 667 1534 710 tinem
1560 672 1807 725 spectantes,

184 745 292 787 circa
326 743 427 786 haec
461 743 596 784 omnia
635 756 655 781 ((
679 752 758 797 qna
792 738 1028 782 delinienda
1064 740 1262 781 ratione»
1301 737 1378 781 hoc
1412 742 1499 780 est:
1534 739 1656 780 modo
1680 738 1723 780 iii
1747 751 1806 780 ee-

186 813 312 856 clesia
346 813 438 869 fieri
466 811 657 869 possiiit;

302 884 363 925 4⁰.
400 882 443 925 1η
465 881 781 939 dispositionem
800 878 1065 922 materialem
1089 878 1224 936 quoad
1249 880 1371 921 situm
1397 883 1437 921 et
1455 879 1627 921 sormam
1647 879 1686 933 a)
1705 877 1811 920 alta-

184 954 291 996 rium
330 953 371 1007 b)
405 966 584 1002 mensae,
618 954 682 994 cui
718 950 860 994 fideles
893 952 1239 1007 appropinquant,
1270 962 1349 1007 pro
1382 948 1681 992 distributione
1713 951 1810 1005 ipsis

187 1025 371 1068 facienda
405 1023 698 1065 sanctissimae
729 1020 1045 1071 Eucharistiae,
1081 1023 1116 1073 c)
1149 1018 1376 1062 cathedrae
1410 1024 1577 1076 propter
1614 1019 1810 1062 elevatio-

186 1108 277 1138 nem
312 1107 359 1137 ac
392 1095 637 1148 doctrinam,
671 1092 757 1134 sive
789 1096 1009 1149 sayqestas
1045 1095 1212 1147 propter
1250 1090 1374 1132 linem
1418 1092 1619 1133 intentum
1664 1091 1703 1132 in
1743 1089 1810 1132 illa

186 1165 397 1213 tradenda,
432 1178 453 1206 e
492 1177 569 1221 qao
602 1161 875 1219 aclpopalam
901 1161 1150 1218 verbascum
1184 1161 1234 1203 de
1269 1160 1489 1216 evangelio
1522 1165 1562 1203 et
1594 1160 1685 1203 aliis
1719 1173 1828 1216 per--

186 1238 319 1278 missis
353 1238 389 1277 in
424 1234 623 1287 Ecclesia,
663 1234 700 1289 cJ)
745 1246 1017 1290 orqanoram7
1061 1244 1167 1289 quae
1209 1236 1304 1274 sunt
1337 1233 1608 1274 instrumenta
1654 1233 1810 1275 musica

186 1306 392 1349 ordinarie
427 1318 497 1361 pro
531 1304 642 1347 cultu
677 1304 870 1358 admissa,
905 1302 949 1355 d)
974 1302 1054 1345 loci
1086 1302 1287 1346 ecclesiae
1308 1301 1548 1345 camoribus
1584 1301 1809 1359 assignati,

186 1377 226 1433 e)
259 1375 454 1418 sedilium
489 1389 559 1431 pro
592 1374 781 1429 singulis,
815 1373 850 1430 s)
884 1387 1146 1416 seaiiziioram
1175 1387 1245 1429 pro
1272 1372 1458 1429 pluribus
1483 1375 1680 1429 personis,
1699 1377 1812 1415 uten-

186 1447 330 1490 (lorum
365 1459 530 1503 quoque
564 1445 660 1488 dum
697 1445 828 1487 officia
864 1444 1004 1487 divina
1030 1442 1308 1496 celebrantur,
1342 1442 1384 1499 g)
1410 1442 1681 1500 capsalaram
1704 1441 1812 1486 obla-

187 1516 366 1560 tionibus
398 1530 446 1559 ex
483 1518 634 1572 pietate
670 1515 735 1558 vel
769 1515 970 1558 charitate
1008 1513 1277 1571 recipiendis,
1312 1513 1356 1568 11)
1382 1513 1649 1571 aliarumque
1669 1527 1812 1556 reram

186 1590 258 1631 etsi
293 1589 459 1629 omnino
494 1586 783 1637 materialium,
817 1585 887 1628 sed
923 1599 1029 1642 qaae
1067 1584 1122 1627 acl
1149 1584 1398 1627 ereremum
1441 1583 1634 1640 reliyiosi
1675 1583 1812 1626 cultas

186 1657 329 1700 saltem
365 1656 518 1699 utiliter
551 1661 733 1713 spectent
754 1670 765 1701 :

304 1728 365 1771 50.
399 1726 446 1769 ln
480 1725 776 1768 admissionem
805 1725 867 1768 rel
901 1725 1180 1775 reiectionem,
1205 1729 1394 1781 respectu
1431 1724 1568 1768 habito
1601 1724 1651 1767 ad
1686 1725 1808 1767 finem

190 1803 229 1841 ct
251 1811 453 1841 canonum
490 1797 817 1854 prudentiaeque
841 1809 1021 1850 normas,
1044 1795 1085 1852 a)
1108 1809 1323 1838 sacrorum
1361 1800 1527 1852 propter
1558 1795 1811 1838 benedictio-

189 1881 281 1911 nem
318 1866 573 1922 utensilium,
610 1866 651 1923 b)
671 1866 939 1924 aliarumque
960 1879 1101 1908 reram
1141 1868 1178 1908 in
1218 1867 1364 1922 seipsis
1392 1866 1672 1921 profanarum,
1707 1879 1813 1922 qaae

189 1938 229 1994 a)
262 1938 346 1980 sire
385 1937 439 1980 ad
477 1952 595 1980 asam
634 1939 915 1979 ministrorum
952 1936 1015 1980 vel
1051 1936 1251 1989 fidelium,
1287 1936 1327 1993 1))
1360 1935 1446 1978 sire
1484 1935 1539 1978 ad
1576 1935 1732 1978 callam
1771 1938 1810 1978 in

189 2008 372 2051 eiusdem
406 2010 617 2062 exercitio,
653 2007 693 2064 c)
725 2007 810 2049 sive
853 2006 908 2049 acl
949 2012 1145 2050 oraatum
1179 2009 1427 2050 excitantem
1462 2008 1621 2049 animos
1653 2006 1703 2049 ad
1738 2005 1810 2049 Dei

190 2081 480 2133 reverentiam,
504 2091 550 2121 eo
584 2078 691 2135 quod
727 2078 775 2120 ad
811 2077 914 2123 haec
947 2080 1083 2121 omnia
1119 2077 1352 2134 peragenda
1378 2075 1419 2133 a)
1444 2076 1485 2119 ia
1510 2076 1697 2132 ecelesia,
1723 2076 1811 2120 loco

308 2231 317 2251 ¹
346 2229 419 2263 Iac.
448 2229 478 2271 1,
508 2230 565 2263 27.

306 2277 319 2298 2
347 2277 457 2318 Quod
490 2277 546 2310 sic
579 2276 768 2321 probatur
793 2288 815 2310 a
841 2276 888 2309 D.
918 2275 1090 2309 Thoma:
1128 2275 1187 2309 11³
1213 2276 1302 2317 11³2,
1335 2288 1370 2321 q.
1399 2276 1585 2320 LXXXI,
1613 2281 1687 2311 art.
1720 2281 1729 2310 1
1763 2275 1812 2310 ad

192 2325 238 2356 1¹¹¹
273 2340 285 2353 α
312 2323 533 2364 dicendum,
562 2323 663 2368 quod
690 2324 830 2367 religio
848 2323 964 2356 habet
986 2322 1162 2367 duplices
1180 2327 1292 2356 actus
1310 2335 1316 2356 :
1347 2323 1533 2368 quosdam
1552 2323 1710 2368 quidem
1728 2334 1810 2368 pro·

190 2371 293 2414 prios
319 2375 358 2403 et
378 2370 637 2405 immediatos.
667 2381 765 2414 quos
783 2370 892 2404 elicit
910 2381 977 2414 per
995 2381 1092 2414 quos
1107 2369 1221 2403 homo
1242 2370 1448 2404 ordinatur
1461 2370 1508 2404 ad
1527 2371 1655 2404 solum
1674 2371 1813 2411 Deum,

191 2418 294 2451 sieut
332 2416 562 2460 sacrificare,
597 2417 756 2451 adorare
791 2421 831 2450 et
864 2417 942 2450 alia
976 2416 1225 2450 huiusmodi:
1259 2417 1356 2451 alios
1382 2422 1513 2451 autem
1543 2421 1656 2452 actus
1681 2417 1811 2458 habet,

191 2475 286 2507 quos
312 2464 493 2508 producit
518 2464 781 2498 mediantibus
810 2463 1029 2498 virtutibus
1063 2463 1205 2508 quibus
1241 2464 1420 2509 imperat,
1453 2465 1640 2499 ordinans
1674 2476 1739 2499 eos
1764 2463 1813 2498 ad

192 2511 365 2544 divinam
392 2512 677 2551 reverentiam3
707 2511 797 2555 quia
823 2511 975 2544 scilicet
1001 2511 1130 2544 virtus
1156 2510 1203 2544 ad
1229 2523 1343 2555 quam
1370 2512 1544 2556 pertinet
1570 2512 1675 2555 finis,
1696 2512 1812 2556 impe-

194 2563 254 2591 rat
282 2557 499 2591 virtutibus
532 2558 578 2591 ad
614 2569 708 2602 quas
739 2558 942 2602 pertinent
968 2569 1012 2591 ea
1038 2569 1134 2610 qnae
1161 2563 1255 2591 sunt
1280 2558 1328 2592 ad
1354 2558 1483 2593 finem
1517 2559 1569 2593 Et
1584 2558 1812 2596 secundum

193 2604 265 2638 hoc
291 2609 400 2638 actus
427 2605 632 2649 religionis
659 2616 725 2649 per
749 2605 906 2638 modum
933 2605 1089 2648 imperii
1123 2616 1213 2649 pon
1203 2605 1285 2638 tur
1318 2617 1414 2646 esse
1451 2609 1609 2641 visitare
1635 2607 1812 2650 pupzttos

194 2654 228 2685 et
254 2663 274 2683 i·
280 2653 393 2685 iducis·
420 2654 461 2684 in
488 2653 738 2686 tribulatione
763 2662 907 2691 eorum,
945 2651 1047 2695 quod
1074 2656 1133 2685 est
1159 2656 1271 2686 actus
1298 2653 1456 2687 elicitus
1482 2665 1504 2687 a
1528 2652 1810 2696 misericordia3

195 2700 497 2731 immaculatam
523 2701 649 2732 (tactem
678 2709 715 2733 se
741 2700 931 2733 custodite
957 2700 1003 2732 ab
1029 2700 1095 2732 hoc
1121 2700 1283 2738 saeculo,
1316 2700 1548 2744 imperative
1574 2699 1731 2745 quidem
1751 2705 1813 2734 est

194 2744 412 2797 religionis,
453 2745 626 2779 elicitive
662 2750 793 2779 autem
831 2745 1127 2790 temperantiae,
1165 2746 1227 2780 vel
1266 2746 1434 2780 alicuius
1473 2747 1697 2781 huiusmodi
1736 2747 1812 2782 vir-

196 2792 291 2825 tutis
318 2803 350 2824 ›.
