1965 3240
657 168 740 202 Trr.
767 168 874 203 XXI.
905 189 915 194 -
944 168 999 203 De
1025 169 1259 204 Semnum-iis
1697 174 1769 208 283

146 286 266 343 plinis
303 285 596 330 ecclesiasticis
640 290 923 340 instituuntur,
967 288 1196 331 secundum
1243 303 1407 332 normas
1449 304 1659 334 sacrorum
1704 306 1771 335 ca-

145 369 298 399 nonum
324 372 362 399 ».
400 356 602 400 Dicuntur
640 373 659 398 «
683 357 855 414 collegia
882 374 919 410 2),
946 371 1037 400 nam
1073 357 1292 414 collegium
1329 365 1386 402 cst
1420 362 1666 404 coadunatio
1701 362 1769 405 bo-

146 429 302 470 minum
338 427 600 471 educationis
632 433 755 485 atque
790 431 1072 471 instructionis
1105 442 1251 482 causag
1288 455 1338 460 —
1379 431 1500 474 xerba
1541 448 1557 471 «
1586 435 1699 488 pueri
1733 439 1770 476 et

144 497 430 541 adolescentes
462 498 630 542 aluntur
673 513 720 542 ac
761 499 951 555 religiose
1000 499 1319 542 educantur...»
1357 506 1448 543 sunt
1490 508 1672 545 mutuata
1706 517 1770 546 eo-

141 569 323 626 demque
364 582 486 612 sensu
536 583 585 612 ex
621 569 744 614 Cone.
791 569 902 616 ,Ti-id.
953 570 1047 627 (loc.
1093 569 1203 626 cit.);
1238 596 1294 601 —
1327 572 1492 614 additur
1534 589 1552 611 «
1579 578 1770 630 tanquam

144 639 286 683 clerici
320 639 556 683 saeculares
579 657 618 690 »,
653 642 749 698 quia
769 643 800 684 si
821 640 922 684 baec
959 640 1084 684 verba
1109 641 1312 688 deessent.
1339 642 1529 685 domibus
1553 647 1775 687 noxitiatus

143 710 251 767 apud
288 710 503 766 religiosos
540 711 752 754 videretur
786 712 971 754 delinitio
1005 713 1253 757 convenire:
1291 737 1342 742 —
1378 713 1544 755 deinum
1585 730 1603 753 «
1628 729 1770 757 secun-

142 780 240 822 dum
278 793 444 824 normas
476 793 688 824 sacrorum
725 794 929 825 canonum
956 796 976 822 >)
1030 783 1203 824 111111111111
1247 795 1328 838 quo
1377 784 1462 824 iure
1496 783 1667 839 collegia
1705 784 1772 827 lm-

144 850 320 893 iusmodi
356 853 578 907 praecipue
617 852 901 907 disponantur.
946 891 952 898 .

262 922 538 965 Seminarium
575 924 707 978 accipi
744 927 873 978 potest
907 922 950 980 a)
985 923 1189 979 complete
1224 937 1296 979 pro
1330 930 1422 967 ente
1457 925 1630 967 inridico
1664 926 1770 982 quod

142 996 301 1035 constat
338 991 454 1035 bonis
487 992 787 1049 temporalibus
820 993 869 1036 ad
904 996 1243 1037 communitatem
1279 994 1524 1038 clericorum
1562 998 1765 1041 instituen—

141 1063 290 1107 dorum
324 1064 550 1116 destinatis,
588 1069 625 1107 et
661 1064 812 1121 quibus
846 1067 933 1108 iura
967 1070 1003 1107 et
1038 1064 1312 1120 obligationes
1344 1072 1436 1109 sunt
1473 1066 1621 1109 tributa
1647 1066 1775 1109 eccle-

142 1136 308 1177 siastico
353 1137 463 1179 iure:
508 1134 545 1188 b)
589 1135 836 1192 incomplcte
879 1148 926 1179 ac
973 1136 1240 1179 materialiter
1284 1150 1356 1193 pro
1392 1139 1477 1193 ipso
1511 1138 1700 1180 aedilicio
1737 1141 1772 1180 in

142 1217 224 1262 quo
267 1205 406 1248 sedem
455 1205 577 1249 babet
617 1206 681 1249 illa
717 1208 1015 1260 communitas3
1051 1215 1085 1260 (χ)
1120 1207 1347 1250 t'ormaliter
1381 1221 1451 1263 pro
1485 1207 1628 1250 eadem
1665 1222 1773 1251 com—

145 1278 346 1319 munitate
380 1290 487 1334 quae
520 1279 654 1333 capite
688 1289 735 1320 ac
771 1276 968 1321 membris
1001 1282 1208 1331 constans,
1240 1280 1291 1321 sit
1335 1291 1432 1321 vera
1478 1291 1648 1334 persona
1695 1292 1776 1321 mo-

144 1346 240 1390 ralis
274 1349 362 1390 iure
397 1350 632 1392 constituta.

264 1418 362 1460 933
399 1421 650 1464 canonum
686 1421 1010 1465 coordinatio.
1030 1419 1070 1462 ln
1090 1419 1167 1463 hoc
1188 1419 1591 1476 1111111),111-3011113515ι
1615 1419 1774 1463 duobus.

143 1501 235 1532 can.
270 1489 396 1537 1352),
439 1490 561 1542 1353,
595 1492 664 1547 qui
700 1494 736 1532 et
772 1492 834 1533 ius
867 1489 1077 1533 Ecclesiae
1111 1492 1221 1534 circa
1254 1493 1474 1534 seminaria
1499 1496 1536 1533 et
1563 1493 1771 1546 praeviam

142 1559 412 1603 Sacerdotum
448 1573 616 1617 operam
641 1573 739 1616 erga
765 1574 915 1617 pueros
937 1566 1134 1616 statuunt,
1160 1566 1391 1618 sequuntur
1413 1574 1501 1605 can.
1532 1561 1766 1604 13:54-1361

143 1630 194 1674 de
226 1633 461 1674 seminariis
493 1632 794 1675 constituendis
832 1632 1104 1675 materialiter
1136 1638 1173 1675 et
1208 1633 1342 1690 (11111311
1390 1632 1492 1675 bona
1533 1631 1771 1688 temporalia

147 1704 221 1745 rite
256 1702 539 1746 ministrandis
571 1716 619 1746 ac
643 1703 871 1746 formaliter
897 1703 1100 1759 regendis.
1127 1703 1206 1746 Alii
1232 1716 1411 1746 canones
1434 1703 1485 1747 ab
1512 1703 1620 1745 1362
1646 1716 1774 1760 usque

142 1773 192 1816 ad
229 1773 419 1816 ultimum
442 1786 530 1817 can.
554 1774 661 1816 1371
685 1774 874 1817 alumnos
891 1776 1209 1817 seminariorum
1238 1776 1476 1830 respiciunt,
1500 1773 1776 1816 admittendos

146 1846 259 1888 iuxta
293 1857 383 1887 can.
422 1845 546 1892 1362.
581 1845 707 1897 1363,
742 1845 1005 1888 instruendos
1053 1846 1101 1888 ad
1153 1858 1339 1888 normam
1390 1858 1478 1887 can.
1518 1832 1775 1899 13611366,

145 1920 229 1959 111111
265 1916 545 1959 ett‘ormandos
576 1918 753 1959 servatis
786 1929 876 1960 can.
915 1916 1176 1964 1367-1369,
1202 1929 1248 1959 ac
1273 1916 1354 1959 duo
1380 1916 1509 1958 ultimi
1535 1928 1624 1958 can.
1655 1915 1776 1957 1376.

146 1986 252 2029 1371
293 1987 376 2030 dati
410 1992 504 2030 sunt
537 1989 646 2031 circa
683 1993 892 2031 morantes
940 1987 1130 2030 alumnos
1178 1992 1294 2030 extra
1342 1988 1612 2030 seminarium
1653 1991 1775 2042 atquc

142 2056 196 2101 ab
230 2057 297 2100 illo
330 2058 612 2103 dimittendos.

264 2128 362 2172 234.
398 2131 647 2175 Ecclesiae
680 2132 754 2175 ius
788 2131 953 2187 quoad
987 2131 1267 2175 seminaria.
1299 2128 1399 2171 Cum
1440 2127 1621 2171 Ecclesia
1645 2130 1692 2169 sit
1719 2141 1777 2169 so-

142 2202 272 2243 cietas
306 2202 503 2256 perlecta,
546 2200 680 2244 eidem
726 2205 786 2244 est
825 2200 1135 2243 attribuendum
1182 2202 1256 2255 ius,
1300 2199 1409 2256 quod
1455 2198 1623 2241 cuilibet
1658 2198 1773 2241 alteri

146 2273 456 2326 recognoscitur
489 2271 733 2314 etl'ormandi
768 2276 862 2327 apta
898 2273 1152 2314 institutione
1188 2270 1276 2313 illas
1311 2282 1519 2326 personas,
1551 2282 1656 2326 quae
1687 2282 1772 2311 mu-

145 2353 242 2384 nera
277 2341 443 2384 diversa
477 2343 662 2384 societati
699 2343 931 2384 necessaria
972 2340 1123 2384 debent
1147 2339 1388 2396 adimplere.
1412 2339 1536 2396 ldque
1559 2352 1606 2381 eo
1630 2341 1774 2395 magis,

142 2411 252 2468 quod
286 2411 565 2455 ecclesiastica
602 2414 827 2455 ministeria
862 2412 979 2455 dotes
1014 2414 1161 2455 mentis
1194 2424 1241 2454 ac
1275 2410 1411 2454 cordis
1449 2415 1486 2452 et
1523 2409 1771 2466 peculiarem

143 2484 316 2538 exigunt
349 2495 491 2526 earum
527 2482 748 2527 culturam.
799 2482 1026 2539 Eapropter
1074 2482 1257 2526 Ecclesia
1305 2482 1355 2524 de
1404 2483 1570 2537 praevia
1605 2493 1771 2523 snorum

148 2554 430 2596 ministrorum
467 2555 721 2596 institutione
744 2567 910 2610 semper
933 2556 1005 2597 t'uit
1029 2553 1218 2597 sollicita.
1244 2557 1281 2595 et
1307 2553 1381 2595 boc
1408 2553 1574 2607 pertecit
1603 2552 1612 2573 ¹
1653 2550 1773 2594 Cone.

144 2622 254 2666 'si-id.
291 2625 409 2666 cuius
441 2623 672 2677 decretum,
706 2637 752 2667 ac
786 2623 1086 2681 subsequentes
1119 2623 1420 2667 declarationes
1455 2624 1491 2663 in
1518 2626 1772 2677 praesentem

145 2694 326 2737 'situlum
360 2693 616 2750 aliquantum
654 2699 834 2737 mutatae
870 2694 1090 2738 translatae
1123 2699 1230 2737 sunt.
1270 2692 1369 2735 Fan.
1391 2694 1520 2734 1352.
1546 2690 1774 2742 Ecclesiae,

145 2770 187 2808 ut
220 2767 405 2808 societati
446 2766 654 2821 perfectae
677 2770 801 2822 atque
825 2770 980 2809 attento
1003 2768 1091 2809 eius
1128 2765 1321 2821 specitico
1347 2764 1438 2817 tine,
1464 2767 1524 2804 esl
1549 2761 1613 2803 ius
1635 2763 1774 2803 stricte

266 2920 276 2941 1
305 2919 398 2963 Cap.
427 2919 472 2953 18
497 2929 592 2953 sess.
619 2917 755 2952 XXIII
785 2917 831 2952 de
858 2917 946 2953 Res.
