1965 3240
617 168 700 202 Tm
729 167 860 202 XXII.
890 188 903 193 -
929 168 985 202 De
1015 169 1155 202 scholis
1626 168 1694 202 319

71 278 311 344 (praefatos)
347 286 586 329 conferendi
614 298 862 342 normasque
895 285 1017 327 tradit
1047 285 1197 342 quihus
1233 288 1254 327 ii
1291 287 1468 328 conferri
1503 286 1692 333 debeant,

70 362 108 401 et
141 356 209 400 ubi
243 359 381 413 agitur
427 356 479 399 de
522 359 609 399 vii-o
651 355 850 411 singulari
895 355 1080 398 doctrina
1125 356 1426 410 commomlato,
1463 361 1593 412 potest
1626 371 1695 399 eos

70 430 154 483 ipsa
188 427 419 470 conferre»
460 426 570 483 (can.
607 428 702 474 256,
740 429 764 480 ξ
802 425 856 483 l).

188 497 229 540 ln
264 496 503 540 huiusmodi
539 497 744 541 facultatis
777 497 962 553 legitimo
989 509 1062 539 usu
1087 502 1306 539 sei-rentur
1339 501 1497 552 oportet
1529 510 1696 539 normae

61 566 300 625 generales,
335 566 486 624 quibus
520 567 586 610 illa
630 569 788 624 regitur
830 580 878 610 ex
927 566 1192 609 concedentis
1229 566 1436 608 xoluntatc
1478 581 1547 621 por
1591 569 1697 622 ipsas

72 650 279 695 expressa.
307 663 359 668 —
395 636 620 681 Enimvero
655 640 692 680 in
731 637 836 680 Lim
871 636 1023 693 Aplcis.
1063 634 1306 688 «Quoniam
1343 639 1379 678 in
1407 650 1447 679 re
1473 635 1619 679 hihlica
1642 639 1692 677 »¹

72 708 224 752 dicitur
255 707 346 752 sub.
370 721 482 751 num.
512 709 584 751 to:
626 707 871 753 «Omnibus
905 709 943 750 in
979 706 1205 750 academiis
1238 709 1426 763 quisque,
1456 707 1699 749 candidatus

73 778 123 822 ad
148 778 412 822 academicos
445 778 675 835 theologiae
710 778 877 835 gradus,
902 777 1151 835 quibusdam
1186 777 1237 819 de
1268 778 1478 832 Scriptura
1503 779 1702 833 quaestio-

75 849 208 905 nibus,
242 849 292 893 ad
329 849 678 893 introductionem
726 849 966 892 historicam
1001 852 1040 891 et
1072 850 1274 903 criticam,
1309 850 1489 904 itemque
1523 847 1571 889 ad
1607 860 1700 889 exe-

75 922 205 976 gesim
240 919 555 976 pertinentibus,
591 919 872 976 respondebit,
906 923 1029 976 atque
1063 920 1348 974 experimento
1383 916 1584 973 probabit,
1607 919 1704 959 satis

74 1004 117 1034 se
152 993 502 1047 interpretationis
535 1004 711 1045 gnarum
748 1003 795 1034 ac
828 989 996 1033 haebrei
1043 991 1261 1043 sermonis,
1294 990 1517 1045 graecique
1566 987 1702 1030 biblici

75 1064 332 1106 scientem».
359 1087 411 1092 -
439 1061 535 1104 ltem
571 1075 619 1104 ex
658 1061 706 1106 M.
743 1064 909 1117 proprio
950 1061 1209 1104 «Sacrorum
1235 1060 1473 1102 Antistitum
1494 1075 1521 1118 ))Ἰ
1550 1059 1604 1101 l'ii
1629 1059 1670 1100 X
1691 1058 1703 1079 ²

76 1146 189 1176 num.
228 1133 273 1175 ll
314 1135 450 1188 viget:
489 1132 779 1189 «Theologiae
825 1132 964 1175 laurea
1010 1131 1147 1174 nullus
1190 1133 1227 1173 in
1273 1135 1480 1186 postorum
1516 1130 1705 1182 donetur,

76 1206 146 1261 qui
179 1208 330 1247 statum
364 1203 619 1247 curriculum
658 1206 696 1246 in
730 1203 976 1246 scholastica
1012 1201 1269 1258 philosophia
1303 1206 1420 1244 antea
1457 1214 1534 1243 non
1569 1199 1704 1243 claho-

79 1277 246 1319 raverit.
271 1272 390 1328 Quod
423 1277 455 1318 si
490 1275 680 1323 donetur,
707 1276 883 1317 inaniter
907 1274 1083 1317 donatus
1105 1278 1190 1316 esto
1216 1290 1253 1313 ».
1280 1297 1333 1302 —
1358 1272 1416 1315 Ac
1441 1272 1606 1315 demum
1633 1284 1705 1327 pro

79 1345 191 1389 ltalia
241 1350 281 1389 et
323 1345 467 1389 insulis
515 1345 815 1398 adiacentibus,
849 1347 908 1388 sic
951 1349 1148 1388 statutum
1193 1348 1253 1387 est
1301 1346 1338 1385 in
1388 1342 1496 1385 Motu
1543 1344 1706 1398 proprio

83 1416 311 1460 «Doctoris
344 1416 572 1474 Angelici»
598 1417 625 1459 ⁸.
675 1417 767 1459 Pius
802 1415 836 1459 X
879 1418 957 1459 ait:
1008 1417 1340 1472 «praecipimus,
1385 1418 1427 1457 ut
1469 1417 1537 1471 qui
1585 1415 1708 1469 magi-

79 1490 251 1531 sterium
285 1500 429 1532 sacrae
464 1487 697 1544 theologiae
730 1487 916 1530 obtinent
951 1489 989 1529 in
1034 1484 1396 1537 [niversitatibus‚
1430 1486 1590 1540 magnis
1632 1483 1707 1540 Ly-

80 1561 190 1612 ceis„
211 1557 417 1614 Collegiis,
468 1559 723 1605 Seminariis.
770 1552 982 1612 Institutis,
1026 1570 1131 1615 quae
1182 1555 1359 1599 habeant
1391 1569 1440 1598 ex
1485 1554 1709 1611 apostolico

81 1628 242 1672 Indulto
277 1633 520 1685 potestatem
555 1628 710 1685 gradus
742 1628 1006 1671 academicos
1039 1632 1074 1670 et
1123 1627 1304 1670 lauream
1342 1628 1379 1668 in
1413 1625 1559 1668 eadem
1593 1625 1710 1667 disci-

82 1699 192 1756 plina
215 1699 470 1750 conterendi,
505 1700 718 1743 Summam
755 1698 1047 1755 'l'heologicam
1083 1699 1121 1741 S.
1146 1697 1326 1740 Thomae
1350 1701 1559 1753 tamquam
1596 1708 1709 1751 prae-

82 1770 305 1814 lectionum
339 1783 507 1813 suarum
545 1775 704 1812 teoetum
748 1769 939 1820 habeant,
975 1774 1014 1812 et
1049 1769 1173 1812 latino
1212 1781 1403 1811 sermone
1437 1766 1641 1823 explicent
1661 1782 1708 1808 »z

82 1846 121 1885 et
152 1844 191 1884 in
228 1843 307 1884 tine
343 1843 646 1898 praescriptum
681 1846 763 1885 est:
805 1841 984 1895 «Quare
1018 1839 1129 1883 nulla
1179 1842 1218 1882 in
1255 1843 1462 1895 posterum
1508 1837 1710 1880 tribuetur

82 1914 277 1970 cuiquam
311 1911 498 1955 lnstituto
523 1916 701 1968 potestas
725 1911 966 1955 cont'crendi
991 1911 1253 1954 academicos
1278 1913 1314 1952 in
1345 1910 1467 1952 Sacra
1492 1907 1711 1964 Theologia

84 1983 252 2040 gradus,
286 1985 361 2026 nisi
396 1983 506 2040 quod
542 1982 608 2026 hic
641 1996 661 2025 a
698 1981 823 2026 Nobis
859 1984 1160 2039 praescriptum
1186 1985 1259 2035 est,
1283 1985 1422 2023 sancte
1446 1979 1553 2035 apud
1580 1981 1709 2034 ipsum

84 2058 334 2098 servetur».
368 2079 426 2084 —
459 2053 520 2097 Ad
555 2053 710 2110 gradus
744 2055 781 2096 in
816 2054 858 2097 S.
891 2054 1103 2109 Scriptura
1137 2052 1246 2109 (prod
1281 2053 1436 2099 attinet,
1461 2049 1598 2106 plures
1621 2054 1712 2091 sunt

86 2125 376 2181 dispositiones
408 2128 494 2167 tum
540 2126 577 2167 in
622 2123 731 2167 Litt.⁸
765 2123 921 2180 Aplcis.
962 2124 1242 2179 «Scripturae
1285 2123 1457 2164 Sanctae
1477 2120 1534 2160 »⁴
1579 2120 1634 2162 Pii
1680 2118 1710 2161 X

86 2200 203 2238 antea
235 2197 335 2248 citf',
372 2199 457 2238 tum
509 2197 545 2237 in
580 2195 672 2238 aliis
715 2195 753 2238 S.
788 2194 907 2237 Sedis
941 2194 1200 2237 documentis
1234 2193 1283 2235 de
1327 2192 1401 2235 hac
1435 2191 1612 2247 speciali.
1648 2190 1714 2232 Fa-

87 2265 252 2309 cultate.

206 2335 392 2393 Denique
415 2336 464 2379 ad
496 2336 561 2380 lus
584 2349 672 2379 can.
699 2336 806 2393 quod
832 2340 1005 2393 spectat,
1028 2338 1086 2379 sic
1110 2335 1347 2392 adloquitur
1372 2333 1520 2377 Bened.
1546 2332 1615 2375 l'l'.
1642 2330 1712 2373 XV

86 2406 151 2450 tel.
188 2406 346 2450 record.
382 2409 419 2449 in
455 2411 583 2450 const.
610 2419 691 2464 qua
717 2407 999 2464 promulgavit
1021 2406 1215 2451 Codicem
1244 2411 1328 2447 tum
1358 2401 1606 2451 Ordinariis,
1630 2408 1712 2445 tum

86 2476 385 2521 catholicarum
414 2477 646 2521 studiorum
682 2477 1006 2522 Universitatum
1033 2490 1080 2520 ac
1112 2477 1436 2520 Seminariorum
1472 2472 1715 2516 I)o‹·toribus

86 2553 209 2605 atque
242 2547 524 2592 auditoribus:
565 2563 585 2589 ((
608 2553 853 2605 vestraeque
898 2548 1101 2591 tradimus
1143 2546 1353 2590 custodiae
1397 2558 1443 2587 ac
1481 2544 1714 2599 vigilantiae

86 2620 378 2662 servandum»
434 2623 691 2675 praesentem
737 2617 944 2676 Codicem.
996 2618 1225 2674 Eapropter
1273 2618 1310 2660 S.
1354 2616 1501 2669 Congr.
1546 2614 1594 2656 de
1639 2613 1715 2654 illis

86 2687 436 2734 Universitatibus
467 2701 514 2732 ao
547 2689 801 2744 Seminariis,
840 2693 1056 2746 postquam
1097 2687 1282 2730 «litteris
1314 2686 1419 2728 datis
1451 2685 1517 2727 die
1545 2682 1608 2725 Yll
1633 2683 1713 2725 Au-

89 2762 195 2816 gusti
230 2759 355 2816 elapsi
390 2761 485 2802 anni
521 2759 689 2816 (1917),
726 2761 834 2802 viam
870 2764 909 2802 et
954 2761 1154 2802 rationem
1202 2757 1478 2814 praescripsit,
1512 2766 1633 2810 quam
1678 2756 1713 2795 in

210 2866 221 2886 1
248 2865 292 2899 27
320 2864 436 2898 Mart.
468 2863 573 2904 1906,
599 2864 701 2898 Acta
728 2863 763 2899 S.
794 2863 918 2906 Sedis,
947 2863 1138 2898 XXXIX.
1157 2882 1199 2888 —
1219 2863 1231 2884 2
1261 2864 1277 2895 1
1307 2862 1410 2905 Sept.
1439 2860 1540 2893 1910.
1569 2857 1645 2892 CO.
1670 2858 1716 2895 ΙΙ.

92 2911 189 2946 655..
220 2932 262 2936 -
289 2912 303 2934 3
329 2912 373 2945 29
400 2911 488 2945 lun.
520 2912 624 2945 1914.
656 2910 732 2946 CO.
762 2911 829 2955 VI,
857 2911 939 2945 340.
970 2931 1012 2936 —
1040 2913 1052 2933 ⁴
1079 2911 1124 2944 25
1152 2909 1262 2943 Febr.
1294 2909 1393 2941 1904.
