1965 3240
136 124 206 157 316
397 101 489 156 Lm..
511 122 582 155 III.
613 143 624 147 -
652 122 762 157 PARS
788 122 852 156 IV.
880 143 893 148 -
919 122 977 158 De
1002 126 1228 168 oizagsisterc'o
1255 125 1507 159 ecclesiastico

138 243 317 295 decreta,
352 242 448 298 quia
497 242 625 296 ipsius
668 240 879 284 laederent
928 237 989 284 ius
1031 241 1211 285 scilicet:
1246 241 1467 285 decernere
1504 240 1765 299 obligatorie‚

140 317 222 355 tum
257 311 520 368 generaliter,
554 313 721 354 attentis
754 314 816 354 sui
865 314 1059 355 territorii
1094 314 1428 368 circumstantiis,
1463 318 1547 356 tum
1593 316 1631 356 in
1665 326 1763 357 casu

138 381 376 438 particulari
400 382 672 425 consideratis
706 382 891 425 eiusdem
926 382 1145 436 adiunctis,
1170 396 1247 425 non
1273 387 1409 426 tamen
1435 398 1507 440 pro
1530 397 1603 427 suo
1635 383 1766 428 libero

137 453 304 507 iudicio,
328 452 398 495 sed
435 451 490 495 ad
522 466 713 495 normam
746 453 1089 507 ‘instructiomcm,
1113 466 1219 510 quae
1252 454 1372 497 (latae
1405 460 1499 498 sunt
1530 467 1578 499 ac
1612 457 1651 498 in
1676 456 1762 498 fon-

138 526 238 566 tium
271 522 606 566 adnotationibus
639 526 832 577 citantur,
861 523 923 566 vel
960 525 998 566 in
1025 529 1237 579 posterum
1260 524 1422 579 dentur,
1447 529 1641 583 quamvis
1663 526 1765 570 alias

139 596 328 650 regiones
363 595 587 650 respiciant
618 606 665 637 ac
699 596 865 650 proprio
900 594 1104 650 aptandae
1127 597 1207 637 sint
1241 598 1462 651 territori0‚
1486 596 1526 654 a)
1552 597 1766 654 inquibus

138 678 278 707 rerum
311 663 525 707 cccliunetis
571 677 642 720 per
688 664 907 707 Decretum
941 664 1282 717 determinamlis,
1318 665 1359 723 b)
1392 672 1431 709 et
1464 667 1610 724 quibus
1642 666 1762 710 adlei-

138 734 234 778 bitis
258 734 435 777 caulelis
460 749 531 791 pro
556 737 673 791 praxi
707 735 977 791 indigitandis
1001 737 1038 778 in
1064 749 1124 791 eo,
1151 742 1194 778 ut
1224 736 1460 794 periculmn
1482 738 1766 794 perversionis

140 806 308 860 citetur,
342 820 413 849 seu
459 810 661 849 remotum
706 807 789 859 liat,
823 805 1005 864 alioquin
1056 811 1223 863 urgeret
1261 807 1364 851 «lex
1399 808 1598 852 naturalis
1631 814 1671 852 et
1704 809 1762 852 di-

142 878 292 927 vina»,
329 875 506 919 tolerari
536 876 671 933 possit
705 881 873 932 propter
906 877 1098 920 adiuncta
1135 878 1524 934 praedeterminata,
1558 892 1664 936 quae
1697 879 1765 923 ob-

138 948 389 989 servantiam
425 948 595 989 canonis
628 951 840 1002 excusent,
875 949 972 1003 quin
1021 947 1275 1003 approbetur
1307 951 1460 1004 praxis,
1495 954 1539 991 ul
1586 963 1659 992 eae
1690 963 1762 993 seu

139 1016 372 1072 praedictae
405 1015 573 1059 scholae
605 1015 877 1069 celebrentur,
900 1030 972 1060 seu
1007 1018 1116 1075 quod
1152 1018 1259 1061 idem
1290 1024 1407 1062 sonat
1436 1021 1763 1077 frequententur.

256 1087 296 1129 ln
323 1084 640 1131 Ordinariorum
662 1087 847 1130 locorum
872 1089 1137 1131 commodum
1163 1089 1440 1133 transcribere
1464 1094 1637 1145 oportet,
1657 1103 1764 1149 quae

139 1157 297 1213 plenius
333 1170 422 1200 meo
447 1157 613 1214 quidem
639 1158 792 1201 iudicio
816 1164 1080 1214 exponuntur
1098 1161 1208 1203 circa
1234 1173 1319 1203 rem
1339 1160 1446 1204 hanc
1466 1163 1503 1203 in
1523 1163 1590 1204 cit.
1616 1161 1764 1205 lnstru-

136 1230 270 1286 ctione
303 1228 343 1272 S.
377 1227 418 1272 C.
443 1228 481 1270 S.
506 1225 657 1278 Ollicii,
681 1231 778 1286 quin
803 1229 976 1272 aliarum
1002 1230 1246 1274 consultatio
1271 1236 1500 1287 respuatur.
1531 1230 1761 1276 «Ceterum

135 1299 172 1341 S.
193 1297 467 1354 Congregatio
493 1312 571 1341 non
597 1301 759 1355 ignorat
782 1299 877 1343 talia
903 1290 1109 1343 interdum
1134 1314 1273 1344 rerum
1299 1315 1386 1345 esse
1409 1302 1602 1346 adiuncta
1624 1307 1667 1346 ut
1699 1315 1764 1359 pa-

137 1374 272 1411 rentes
295 1368 485 1412 catholici
506 1369 659 1425 prolem
679 1382 795 1413 suam
815 1370 967 1413 scholis
986 1370 1161 1427 publicis
1186 1371 1323 1429 (antea
1341 1372 1479 1430 (lictis)
1503 1376 1763 1416 committere

138 1441 174 1482 in
195 1442 445 1483 conscientia
466 1443 632 1496 possint.
650 1441 690 1483 ld
710 1445 846 1484 autern
868 1454 947 1484 non
969 1446 1172 1498 poterunt,
1188 1445 1263 1485 nisi
1282 1443 1332 1486 ad
1352 1445 1410 1486 sic
1428 1444 1635 1500 agendum
1655 1444 1763 1487 suili-

135 1511 310 1553 cientem
331 1523 495 1553 causam
518 1510 708 1566 habeant,
723 1524 770 1555 ac
790 1511 880 1555 talis
898 1525 1020 1555 causa
1039 1513 1248 1556 sufficiens
1267 1515 1304 1556 in
1320 1526 1416 1557 casu
1435 1514 1573 1572 aliquo
1589 1517 1763 1570 particu-

137 1581 208 1624 lari
224 1581 329 1624 adsit.
349 1595 423 1624 nec
443 1595 506 1637 ne,
527 1582 564 1625 id
585 1585 861 1626 conscientiae
880 1596 927 1626 ac
942 1583 1095 1627 iudicio
1109 1581 1427 1628 Ordinariorum
1443 1584 1760 1643 relinquendum

135 1654 233 1704 erlt;
257 1657 296 1695 et
320 1657 416 1695 tunc
435 1665 480 1695 ea
507 1652 750 1710 plerumque
773 1654 919 1709 aderit,
944 1655 1109 1711 quando
1135 1655 1195 1697 vel
1222 1655 1330 1699 nulla
1356 1660 1517 1712 praesto
1540 1661 1600 1699 est
1621 1655 1760 1699 schola

134 1722 348 1777 catholica,
388 1722 450 1766 vel
494 1736 600 1780 quae
644 1726 826 1780 suppetit
870 1737 1014 1781 parum
1050 1730 1109 1768 est
1143 1725 1289 1769 idonea
1333 1726 1572 1769 erudiendis
1614 1740 1763 1770 conve-

135 1795 293 1836 nienter
327 1793 553 1836 conditioni
587 1806 686 1837 suae
710 1800 1073 1852 congruenterque
1106 1796 1449 1840 adolescentibus.
1475 1796 1588 1840 Tunc
1621 1802 1758 1841 autem

137 1868 176 1907 ut
209 1863 374 1907 scholae
399 1863 588 1920 publicae
612 1866 650 1906 iu
675 1867 927 1908 conscientia
950 1865 1055 1908 adiri
1080 1869 1246 1922 possint,
1273 1867 1501 1923 periculum
1528 1871 1761 1924 perversio-

135 1937 209 1986 nis,
233 1948 325 1978 cum
353 1937 519 1990 propria
543 1937 725 1991 ipsarum
752 1938 909 1979 ratione
946 1936 1035 1992 plus
1070 1939 1260 1980 minusve
1294 1951 1519 1993 numquam
1556 1952 1633 1981 non
1669 1952 1761 1982 con-

135 2009 333 2060 iunctum,
367 2008 609 2062 opportunis
652 2006 846 2050 remediis
891 2007 1234 2065 cautionibusque
1284 2010 1372 2051 lieri
1407 2009 1529 2052 (lebet
1577 2023 1628 2052 ex
1674 2024 1763 2066 pro-

136 2078 245 2119 ximo
281 2081 499 2120 remotum.
534 2076 604 2119 Est
642 2090 740 2133 ergo
774 2079 979 2133 imprimis
1016 2078 1257 2130 videndum,
1291 2085 1485 2123 utrumne
1519 2082 1557 2123 in
1605 2080 1758 2136 schola,

133 2148 184 2190 de
206 2160 285 2204 qua
309 2147 499 2190 adeunda
524 2150 751 2205 quaeritur,
773 2151 1051 2204 pei-versionis
1076 2150 1304 2205 periculum
1339 2152 1390 2193 sit
1422 2152 1625 2195 eiusmodi
1649 2152 1757 2208 quod

136 2219 221 2260 lieri
258 2222 461 2260 remotum
496 2218 615 2274 plane
650 2224 850 2275 nequeat:
878 2219 990 2262 velut
1022 2222 1182 2276 quoties
1215 2220 1268 2263 ibi
1304 2225 1371 2264 aut
1406 2221 1606 2265 docentur
1639 2231 1760 2279 quae-

131 2288 242 2340 dam,
275 2293 342 2330 aut
377 2293 570 2344 aguntur,
603 2288 831 2332 catholicae
865 2289 1078 2349 doctrinae
1114 2289 1285 2334 bonisve
1320 2291 1504 2335 moribus
1536 2295 1757 2347 contraria,

129 2370 319 2415 quaeque
353 2360 455 2401 citra
499 2360 661 2402 animae
705 2359 999 2402 detrimentum
1046 2373 1179 2417 neque
1213 2361 1346 2404 audiri
1389 2367 1571 2418 possunt,
1605 2363 1755 2405 nedum

130 2431 282 2485 peragi.
310 2428 427 2471 Enim
467 2443 564 2472 vero
591 2429 669 2473 tale
704 2430 950 2486 periculum,
977 2435 1017 2473 ut
1043 2444 1114 2487 per
1136 2445 1178 2474 se
1198 2437 1319 2488 patet,
1349 2434 1516 2475 omnino
1542 2433 1755 2476 vitandum

126 2504 186 2542 est
219 2512 311 2541 cum
347 2512 615 2557 quocumque
639 2500 790 2543 damno
825 2500 1065 2556 temporalis
1088 2503 1210 2544 etiam
1249 2504 1368 2545 vitae.
1393 2502 1522 2546 Debet
1557 2516 1677 2558 porro
1702 2505 1759 2545 iu-

130 2575 289 2623 ventus,
326 2575 368 2612 ut
403 2573 607 2613 committi
641 2570 794 2614 scholis
828 2570 1004 2627 publicis
1036 2573 1075 2614 in
1110 2575 1361 2616 conscientia
1395 2575 1536 2629 possit,
1568 2586 1756 2616 necessa·

128 2642 230 2683 riam
264 2639 531 2683 christianam
558 2643 857 2684 institutionem
893 2646 932 2684 et
955 2641 1257 2697 educationem,
1282 2643 1427 2686 saltem
1452 2648 1568 2687 extra
1591 2642 1757 2686 scholae

129 2716 304 2767 tempus,
330 2713 403 2753 rite
437 2724 484 2754 ac
518 2711 740 2768 diligenter
773 2714 977 2767 accipere.
1009 2712 1147 2766 Quare
1180 2713 1393 2769 parochi...
1428 2716 1466 2756 in
1501 2714 1757 2770 explicandis

130 2784 352 2838 praecipue
388 2781 628 2825 incumbant
665 2782 907 2825 veritatibus
941 2782 1035 2826 ildei
1085 2795 1132 2827 ac
1177 2797 1351 2838 morum,
1387 2796 1491 2840 quae
1542 2786 1673 2840 magis
1705 2785 1756 2828 ab

131 2851 353 2895 incredulis
385 2858 423 2895 et
456 2852 722 2896 heterodoxis
747 2855 1024 2908 impetuntur:
1061 2858 1199 2911 totque
1224 2854 1418 2911 periculis
1442 2856 1669 2911 expositam
1697 2857 1755 2898 iu·
