1965 3240
510 136 594 170 Tvr.
625 136 696 170 IX.
726 157 738 161 -
766 137 822 171 De
848 139 1053 181 sepultura
1081 139 1336 171 ecelesiastica
1696 140 1742 172 95

111 258 279 300 veniant
311 254 387 299 sub
415 254 552 298 verbis
575 271 593 296 <‹
615 256 787 312 professi
824 255 1002 312 religiosi
1024 272 1043 296 »
1067 256 1312 312 simpliciter
1335 257 1542 306 adhibitis,
1563 273 1610 301 eo
1633 259 1741 316 quod

113 326 235 370 valde
262 329 416 369 mutata
441 330 500 369 est
525 325 688 369 illorum
724 326 907 369 conditio
942 326 1131 382 iuridica‚
1159 332 1199 369 ut
1226 332 1331 383 patet
1356 342 1403 371 cx
1430 342 1519 372 can.
1551 330 1742 372 627-629

111 399 149 441 in
183 395 490 442 Commentario
524 395 677 440 Textus
709 397 940 453 explicatis.

228 467 401 512 Casibus
435 466 631 511 facilioris
663 472 838 511 eventus
872 468 1064 524 providet
1098 468 1190 526 gi).
1216 469 1262 511 Si
1295 469 1416 526 [unqe
1448 471 1687 513 inorz'unlur
1719 487 1744 514 a

110 539 231 583 (Ionio
267 538 480 595 religionis
515 541 706 595 propriae
741 538 938 582 declarati
973 539 1049 582 sub
1081 539 1127 598 ἕο
1166 539 1206 583 10
1239 542 1447 597 «professi
1485 542 1661 597 religiosi
1697 556 1744 586 ac

111 612 256 653 novitii
277 626 315 665 )),
336 609 398 652 ila
433 615 476 652 ut
511 609 555 652 in«
588 609 803 652 ecclesiane
838 624 940 652 suae
962 609 1109 653 [Ionius
1135 611 1196 653 vel
1227 610 1374 654 sallem
1400 626 1502 654 suae
1524 612 1745 669 reliqionis

113 682 163 725 ad
189 694 376 724 normam
402 681 442 739 §i
471 681 505 724 li
532 686 738 734 nequeant
772 680 980 724 commode
1013 682 1233 739 asportari
1264 682 1560 740 qualicumque
1583 684 1745 727 decenti

114 752 250 805 modo,
284 751 519 809 funerandi
551 758 648 794 sunl
683 766 731 795 ex
769 757 990 808 praecepto
1026 752 1147 795 huius
1179 756 1349 796 canonis
1392 756 1574 797 taxatix‘e
1610 754 1648 796 in
1684 769 1743 795 ee-

113 822 242 866 clesia
272 822 511 880 paroeciali
544 822 613 865 ubi
644 823 825 866 scilicet:
866 825 903 865 in
939 825 1058 866 cuius
1092 825 1300 866 territorio
1334 826 1612 877 inveniantur,
1646 839 1745 882 quo-

116 893 213 938 libet
247 907 297 937 ex
334 896 489 937 motivo
528 908 563 935 v.
598 908 659 951 gr.
694 895 926 937 studiorum
966 894 1027 937 vet
1065 897 1296 946 ministerii,v
1347 896 1656 951 recuperandae
1688 910 1750 939 sa-

115 967 266 1013 nitatis,
300 965 466 1022 quando
499 964 715 1008 decedunt.
736 965 891 1021 duplici
926 979 1019 1009 cum
1056 968 1300 1022 exceptione
1335 965 1457 1009 buius
1491 969 1746 1023 praescripti,

114 1035 155 1093 a)
190 1036 274 1078 nisi
308 1035 491 1079 novitius
516 1041 672 1079 tautum
708 1038 813 1079 sicut
848 1039 885 1079 in
911 1035 954 1090 §⁰
980 1036 1023 1078 >1⁸
1046 1030 1178 1079 ali'am
1212 1036 1429 1079 eeclesiam
1452 1051 1500 1080 ex
1524 1038 1751 1094 designatis

115 1101 306 1151 sub-can.
333 1107 444 1149 1225
470 1106 525 1149 acl
547 1105 677 1165 simiis
700 1107 865 1151 sibimet
890 1107 1138 1150 solvendum
1164 1107 1352 1164 deq-eru,
1371 1122 1451 1165 quo
1477 1110 1564 1151 iure
1597 1109 1748 1165 gaudet

119 1181 156 1221 vi
201 1192 292 1222 can.
331 1178 454 1233 1223,
494 1184 518 1232 ᾗ
554 1178 590 1228 1,
630 1184 669 1220 et
704 1178 746 1235 b)
778 1178 895 1222 salvo
930 1178 1228 1236 Superioribus
1267 1194 1285 1220 s(
1310 1193 1485 1236 quorum
1533 1182 1744 1223 interest»

118 1249 224 1303 iure,
259 1255 380 1306 prout
415 1252 674 1306 interpretati
708 1263 853 1293 sumus
890 1249 1014 1293 verba
1056 1266 1073 1291 c<
1101 1252 1306 1305 integrum
1343 1256 1403 1293 est
1425 1266 1465 1304 »,
1504 1250 1554 1293 de
1586 1265 1664 1308 quo
1709 1251 1750 1293 in

117 1335 207 1363 can.
244 1323 369 1365 1218.
403 1324 428 1375 ὲ
459 1322 503 1374 3,
537 1320 716 1364 scilicet:
759 1321 980 1364 «cadaver
1014 1323 1051 1364 in
1087 1321 1305 1364 ecclesiam
1351 1334 1449 1365 suae
1493 1322 1641 1365 domus
1687 1322 1751 1364 rel

115 1392 260 1435 saltem
295 1404 393 1435 suae
429 1392 640 1448 religionis
673 1392 904 1446 deferendi,
937 1395 1140 1449 susceptis
1180 1392 1460 1436 translationis
1501 1396 1749 1448 expensis».

234 1462 322 1506 Non
358 1465 437 1506 iam
473 1462 525 1507 ob
558 1465 834 1520 exemptionis
872 1465 1155 1507 extensionem
1200 1477 1270 1507 seu
1315 1466 1751 1518 communicationem7

117 1534 188 1577 sed
224 1548 273 1577 ex
311 1537 398 1577 iure
433 1536 643 1577 communi
677 1534 705 1593 ἓ
735 1534 779 1577 3³
813 1535 1055 1591 adiungitur
1088 1548 1322 1578 connexum
1360 1538 1659 1592 praescriptum
1694 1538 1753 1578 sic

119 1605 378 1662 ampliatum.
418 1604 536 1658 Quae
569 1605 620 1648 de
652 1606 825 1649 novitiis
868 1606 1089 1650 cuiuslibet
1133 1606 1347 1663 religionis
1384 1606 1496 1649 dieta
1530 1612 1640 1657 sunt,
1674 1609 1751 1650 sci-

121 1676 239 1720 licet:
275 1679 314 1719 in
349 1678 401 1731 §g
435 1679 470 1730 1,
502 1679 546 1730 2,
582 1677 690 1720 unde
724 1676 907 1720 clausula
942 1679 1091 1722 etiam:
1131 1693 1151 1718 «
1171 1680 1245 1721 nisi
1281 1679 1426 1720 novitii
1465 1677 1586 1720 aliam
1621 1677 1752 1721 eccle-

119 1749 221 1790 siam
256 1747 305 1790 ad
341 1761 460 1790 suum
497 1749 619 1790 funus
652 1747 913 1804 elegerint»,
949 1747 959 1790 Ι
994 1747 1134 1791 valent
1167 1762 1340 1806 (litoque,
1378 1753 1419 1791 ut
1453 1751 1751 1805 praescriptum

124 1818 186 1862 vel
223 1821 285 1861 ius
320 1821 567 1875 respective.
601 1818 643 1875 3)
675 1818 725 1861 de
756 1818 934 1876 famulis
980 1821 1146 1876 proprie
1180 1820 1315 1867 dictis,
1349 1819 1419 1862 sed
1457 1819 1498 1876 b)
1535 1825 1630 1862 actu
1669 1833 1753 1861 ser-

122 1889 341 1944 vientibus,
375 1903 423 1933 eo
456 1890 564 1947 quod
601 1890 782 1933 nondum
818 1890 976 1933 dimissi
1022 1893 1215 1948 quamvis
1248 1891 1472 1947 dispensati
1507 1891 1556 1933 ad
1593 1895 1756 1946 tempus

121 1974 142 2004 3
177 1963 363 2015 servitio,
397 1961 438 2016 c)
471 1966 510 2003 e!
543 1961 659 2003 intra
694 1960 840 2004 domus
875 1961 1094 2017 religiosae
1127 1968 1246 2020 sepia
1279 1960 1503 2014 stabiliter,
1524 1962 1649 2004 idest:
1683 1961 1752 2004 (liu

123 2037 330 2089 noctuque
362 2032 728 2087 commorantibus,
763 2046 836 2076 nec
870 2032 1001 2076 solum
1039 2038 1305 2089 temporanee
1329 2033 1426 2076 dum
1459 2032 1752 2075 habitationem

122 2107 342 2159 quaerunt,
367 2102 396 2145 ll
423 2103 495 2161 qui
528 2109 680 2157 lamen,
714 2105 836 2146 etiam
872 2102 949 2147 sub
983 2105 1177 2160 praefatis
1209 2103 1529 2157 conditionibus,
1562 2103 1600 2146 si
1632 2109 1753 2145 erlra

125 2173 367 2230 reliqiosam
391 2173 557 2217 domani
595 2188 631 2215 v.
656 2188 716 2231 gr.
744 2173 998 2231 inhospitali
1033 2174 1302 2230 decesserint,
1340 2175 1401 2217 vet
1437 2175 1534 2217 dum
1572 2177 1753 2217 invisunt

125 2249 328 2301 parentes,
351 2244 584 2302 funerandi
617 2250 715 2287 seint
749 2244 805 2288 (ια’
827 2259 1016 2288 normam
1047 2260 1137 2290 ean.
1164 2248 1291 2289 1216-
1320 2249 1409 2288 218
1432 2245 1677 2301 explicatam
1705 2245 1754 2287 de

124 2317 212 2359 iure
256 2316 466 2359 ordinario
509 2315 792 2373 quorumlibet
842 2316 1041 2360 tidelium.
1076 2316 1342 2361 Conditiones
1387 2316 1623 2373 praedictae
1672 2317 1755 2358 t'ere

125 2386 270 2429 iisdem
305 2399 527 2442 expressae
563 2387 713 2438 verbis,
738 2401 786 2432 ac
812 2390 849 2431 in
875 2393 1002 2432 const.
1044 2405 1062 2429 «
1083 2390 1269 2444 Superna
1292 2403 1311 2428 ))
1349 2386 1475 2429 Clem.
1514 2385 1542 2428 X
1568 2386 1579 2407 ¹
1620 2385 1753 2442 quoad

127 2459 402 2512 poenitentiae
450 2457 869 2504 administrationem,
920 2464 1132 2516 exponunt
1172 2458 1398 2502 clausulam
1439 2458 1561 2500 (lonc.
1611 2455 1757 2500 'l'rid.²

127 2541 151 2567 «
175 2539 244 2570 eas
279 2527 495 2583 (personas
526 2529 795 2586 saeculares),
839 2543 944 2587 quae
983 2536 1074 2573 sunt
1110 2530 1160 2573 de
1197 2529 1359 2571 illorum
1398 2530 1756 2577 monasteriorum,

124 2611 196 2641 seu
231 2597 414 2641 locorum
450 2599 600 2642 familia
623 2615 660 2641 ».

244 2669 312 2713 80.
344 2672 421 2715 lus
443 2671 704 2716 funerandi
728 2674 1013 2719 saeculares
1038 2674 1164 2718 alios
1189 2674 1236 2717 in
1261 2672 1509 2727 religiosis
1532 2672 1759 2714 domibus

126 2741 439 2786 decedentes.
477 2740 789 2795 Quaestionem,
827 2756 933 2800 quac
977 2742 1101 2785 dubia
1147 2748 1232 2785 erat
1280 2744 1383 2784 inter
1427 2740 1623 2782 Doctores
1665 2745 1758 2782 ante

126 2892 181 2926 sb
245 2847 255 2867 ¹
282 2846 325 2880 '21
354 2846 443 2880 Iun.
474 2847 576 2882 1670.
602 2867 647 2872 —
673 2848 686 2869 ‘-'
713 2847 803 2892 Cap.
836 2850 891 2892 ll,
930 2860 1023 2882 sess.
1054 2847 1167 2881 XXV
1195 2847 1240 2881 de
1267 2845 1516 2891 regularibus
1547 2850 1586 2879 et:
1613 2845 1758 2879 monia-

143 2904 154 2925 1
184 2904 243 2926 us.
