1965 3240
308 173 391 207 Tm.
423 173 586 208 XXVII.
616 194 628 199 -
654 174 711 208 De
736 175 846 208 bonis
871 174 1136 208 ecclesiasticis·
1162 174 1412 218 acquirendis
1603 174 1674 207 497

46 294 416 337 administrationis
451 293 634 349 implicat
668 292 836 336 tutelam
871 295 1056 335 omnium
1092 306 1361 349 personarum
1389 293 1605 337 moralium
1633 296 1670 336 in

47 363 229 407 Ecclesia
253 365 387 421 quoad
417 363 519 407 bona
546 367 726 420 ipsarum
754 363 1010 420 temporalia,
1031 368 1069 406 et
1093 364 1286 420 supplere
1311 369 1441 415 potest
1465 364 1671 421 quoslibet

44 439 162 477 actus
196 435 433 477 inferiorum
470 435 867 478 adininistratoruin.
903 433 985 477 Nec
1024 435 1188 477 videtur
1212 437 1435 478 auctoritas
1461 436 1671 491 praedicta

47 505 275 557 limitanda,
309 506 474 562 qiiaiido
508 510 655 561 agatur
687 505 737 548 de
773 505 888 548 bonis
923 504 1220 560 temporalibus
1255 510 1338 547 tum
1376 505 1586 549 Ecclesiae
1610 519 1674 549 ca-

47 575 222 619 tholicae
257 580 339 618 tum
375 576 492 619 Sedis
527 576 801 632 Apostolicae,
825 588 918 618 cum
954 576 1098 618 eadem
1128 578 1163 616 xi
1193 575 1367 631 polleant
1405 579 1582 619 rationes
1605 577 1671 620 ad-

45 647 208 691 (luctae.

166 717 318 761 Eodem
352 718 398 775 ξ’
432 717 564 761 soluta
599 722 657 760 est
692 720 878 774 ‹praestio
912 719 1017 760 inter
1049 716 1292 760 Caluinistas
1315 717 1365 760 de
1389 718 1575 761 subiecto
1599 719 1669 760 ‹lo-

46 790 159 830 minii
197 788 397 831 bonorum
432 787 827 842 ecclesiasticorum,
854 787 1007 831 relictis
1039 789 1255 830 sententiis
1279 800 1384 844 quae
1408 788 1670 831 asserebant:

48 858 78 901 Ι0
115 858 180 901 illa
216 861 422 915 pertinere
456 859 505 901 ad
542 858 671 901 Deum
698 863 737 901 et
760 861 931 902 Sanctos
954 871 1131 916 quorum
1157 858 1285 901 cultui
1310 864 1427 901 erant
1456 859 1671 904 destinata.

48 928 98 972 ΙΙΟ
133 929 198 972 illa
233 943 321 972 esse
355 928 460 973 bona
497 941 724 984 pauperum
761 943 808 971 cx
848 931 1001 971 motivo
1037 930 1129 971 tinis
1151 942 1316 985 semper
1342 931 1379 971 in
1407 929 1588 973 Ecclesia
1617 944 1674 973 re—

48 1003 159 1048 tenti,
197 999 264 1043 ΙΙΙΟ
289 1000 354 1043 illa
390 1014 478 1043 esse
504 1002 631 1056 ipsius
654 1001 771 1043 Sedis
795 1000 1068 1056 Apostolicae.
1095 1003 1146 1043 ita
1175 1005 1213 1043 ut
1241 999 1450 1043 Romanus
1476 1001 1673 1054 Pontifex,

45 1084 124 1128 qua
161 1071 263 1125 talis,
298 1076 403 1114 esset
438 1085 581 1113 eorum
617 1071 822 1125 dominus,
859 1070 928 1113 1v⁰
953 1071 1120 1114 demum
1149 1071 1215 1114 illa
1240 1085 1329 1114 esse
1355 1071 1564 1115 Ecclesiae
1585 1075 1672 1115 uni-

49 1155 206 1197 versae,
243 1145 294 1185 ita
331 1148 371 1185 ut
407 1155 605 1198 personae
642 1141 819 1185 morales
854 1144 891 1184 in
927 1155 971 1185 ea
1006 1142 1268 1185 solummodo
1313 1141 1514 1186 baberent
1554 1157 1673 1186 usum

44 1226 92 1256 ac
127 1215 444 1268 usumfructum,
484 1212 532 1255 ΥΟ
568 1216 604 1256 in
643 1216 757 1270 praxi
785 1212 888 1257 bona
915 1213 980 1256 illa
1004 1216 1188 1257 societati
1224 1214 1338 1257 civili
1374 1216 1539 1257 t'uerunt
1562 1215 1674 1258 adiu·

45 1284 192 1328 dicata.
228 1282 345 1336 Quae
380 1297 522 1327 omnes
554 1286 782 1327 sententiae
806 1297 1004 1328 erroneae
1027 1297 1048 1326 a
1073 1283 1302 1327 clarissimo
1329 1283 1478 1327 Wernz
1508 1285 1673 1328 suerunt

44 1357 201 1409 optime
235 1357 501 1411 impugnatae
526 1354 554 1409 ¹,
588 1367 635 1398 ac
671 1367 780 1398 nunc
814 1353 1037 1397 obsoletae.

165 1426 262 1469 41⁶2.
300 1427 511 1471 Dominii
544 1429 784 1471 bonorum
817 1427 994 1471 divisio
1026 1430 1176 1468 statuta
1211 1431 1270 1468 est
1296 1425 1597 1469 rationabiliter
1621 1426 1670 1469 ad

44 1496 358 1540 similitudinem
392 1496 623 1541 divisionis.
659 1509 764 1553 quae
801 1498 957 1539 ratione
991 1495 1233 1539 hereditatis
1273 1499 1378 1539 inter
1410 1510 1673 1539 successores

48 1570 123 1610 iuri
160 1573 330 1611 naturae
366 1569 504 1610 innixa
541 1581 612 1623 per
644 1566 769 1609 civile
804 1568 865 1609 ius
899 1568 1125 1623 perficitur„
1166 1565 1302 1621 Quod,
1336 1582 1383 1610 eo
1419 1569 1549 1623 magis
1584 1569 1672 1610 lieri

45 1641 188 1694 potuit.
222 1641 316 1696 quia
353 1651 551 1694 personae
587 1638 753 1681 moralis
786 1640 1021 1690 existentia,
1053 1643 1257 1695 quatenus
1291 1638 1450 1682 iuribus
1486 1638 1671 1694 praedita

42 1713 117 1762 est,
150 1711 317 1751 omnino
352 1709 501 1765 pendet
534 1708 586 1752 ab
619 1708 817 1752 Ecclesia.
848 1708 947 1752 Can.
973 1711 1104 1752 1500.
1135 1708 1276 1752 Dim‘so
1301 1709 1520 1752 territorio
1548 1723 1583 1749 v,
1609 1723 1669 1765 gr.

45 1783 261 1837 paroeciae
290 1793 499 1838 personae
522 1779 699 1823 ‘litoralis
723 1779 1050 1833 ecclesiastieae)
1076 1793 1225 1836 nempe
1250 1782 1355 1823 intra
1380 1782 1498 1823 cuius
1524 1780 1675 1823 limites

44 1854 118 1894 ista
152 1850 380 1907 collegialis
402 1850 464 1894 vel
499 1864 577 1893 non
612 1850 854 1907 collegialis,
880 1850 956 1894 hec
980 1855 1040 1894 est
1062 1852 1259 1901 otticIuni,
1294 1851 1431 1908 quoad
1465 1864 1581 1894 suam
1609 1865 1674 1901 po-

43 1927 231 1966 testatem
258 1925 347 1965 iure
369 1927 550 1973 exercet,
575 1926 756 1965 attamen
783 1922 846 1964 ila
869 1927 914 1964 ut
936 1922 978 1978 a)
1004 1921 1064 1964 cel
1097 1921 1217 1964 illius
1244 1936 1352 1979 pars·
1386 1935 1457 1979 per
1481 1923 1675 1965 dismem-

45 1992 274 2036 brationem
310 1991 389 2034 alii
419 2005 626 2049 personae
658 1991 827 2044 mermi,
860 2006 984 2049 supra
1018 1992 1268 2045 declaratae,
1307 2006 1342 2035 v.
1378 2007 1437 2048 gr.
1464 1992 1579 2035 alteri
1616 1995 1673 2035 ot'-

45 2065 138 2106 ticio
183 2062 401 2119 paroeciali
448 2063 635 2118 ulzialecr,
672 2076 735 2105 ex.
771 2078 805 2106 c.
850 2063 901 2106 ad
947 2076 1134 2106 normam
1178 2076 1269 2107 can.
1310 2063 1434 2115 1423,
1472 2065 1500 2121 ξ
1542 2064 1576 2117 1,
1612 2063 1675 2106 rel

42 2132 245 2176 distincta
265 2147 447 2191 persona
471 2132 648 2176 moralis
671 2147 707 2177 v,
727 2148 787 2188 gr.
809 2146 915 2176 nova
937 2137 1128 2190 paroecia
1148 2134 1197 2177 ad
1223 2147 1411 2177 normam
1434 2148 1523 2177 can.
1548 2134 1674 2189 1427,

41 2216 119 2260 pro
149 2209 273 2260 parte
306 2205 502 2246 territorii
536 2202 835 2246 ‹le‘mnembrata
869 2204 1075 2262 eriqatzcr,
1109 2205 1230 2247 simul
1266 2204 1391 2247 eliam
1430 2204 1673 2261 praescribit

43 2286 174 2316 canon
208 2274 316 2331 quod
350 2273 456 2317 bona
490 2274 728 2317 contutante
752 2274 912 2318 scilicet
935 2289 1041 2332 quae
1074 2275 1115 2317 in
1151 2274 1406 2317 commodum
1435 2275 1562 2318 lolius
1593 2280 1672 2317 ler-

43 2344 189 2387 re'lorz'i
225 2358 261 2385 v.
295 2359 354 2401 gr.
393 2358 464 2400 pro
497 2344 797 2388 subveniendis
842 2346 1095 2402 pauperibus
1139 2348 1355 2402 paroeciae
1389 2352 1511 2388 eran!
1544 2346 1668 2389 deali-

44 2420 147 2457 mzta
181 2428 253 2471 per
285 2415 526 2459 donantium
562 2428 608 2459 ea
647 2415 900 2460 voluntatem
939 2417 1001 2459 vel
1037 2419 1270 2473 Superioris
1303 2419 1562 2460 auctoritate.
1594 2431 1671 2460 non

45 2488 182 2526 autem
217 2496 322 2541 quae
357 2485 524 2527 forsitan
561 2487 598 2527 in
634 2485 836 2528 ecclesiae
875 2488 954 2529 iam
1000 2488 1216 2529 existentis
1249 2488 1551 2542 reparationem
1588 2489 1671 2529 t'ue-

44 2558 139 2597 runt
172 2554 332 2608 collata,
367 2559 405 2597 el
439 2568 510 2597 ae-s·
543 2554 731 2598 alienum
763 2555 872 2613 quod
902 2569 980 2613 pro
1016 2562 1099 2599 tolo
1134 2556 1353 2599 territorio
1391 2556 1578 2599 subiecto
1612 2557 1671 2599 di-

46 2627 191 2667 risioni
225 2630 264 2668 et
308 2627 387 2668 iam
432 2625 641 2669 declarato
685 2632 945 2669 contractum
988 2623 1148 2684 fueras.
1190 2640 1239 2669 ex
1284 2629 1402 2669 (euius
1441 2628 1671 2682 scripturae

45 2701 185 2739 tenore
223 2695 285 2738 vel
319 2697 644 2739 circumstantiis
676 2697 908 2740 eruendum
953 2700 1044 2752 erit,
1087 2697 1135 2740 ab
1176 2697 1434 2739 (tecam-itate
1477 2696 1671 2739 eeclesia-

42 2766 163 2815 stica,
190 2766 227 2809 id
262 2771 344 2809 est:
380 2765 432 2810 ab
463 2779 511 2809 eo
546 2766 746 2821 l'iaelato,
769 2767 836 2809 ceci
859 2766 1012 2811 divisio
1039 2768 1138 2811 llaec
1163 2773 1369 2824 competa!
1395 2770 1505 2810 iuxta
1533 2782 1585 2810 ss.
1611 2780 1673 2810 ca-

158 2919 169 2940 1
196 2918 263 2952 Ius
292 2917 573 2961 Decretalium‚
603 2918 711 2952 Tom.
742 2918 814 2960 ΙΙΙ,
844 2919 919 2953 Tit.
949 2920 995 2963 V,
1024 2924 1043 2961 ξ
1071 2922 1100 2953 l.

123 2996 221 3025 BLAT
243 3011 262 3017 —
287 2996 409 3025 Comm.
440 2996 523 3024 Teael.
552 2996 627 3025 0011.
652 2996 726 3025 Ιιιν.
753 2996 834 3025 Can.
1549 2998 1586 3024 32
