1965 3240
232 120 280 154 48
468 118 551 152 Lm.
578 117 648 151 111.
679 137 691 142 -
718 117 826 152 PARS
852 117 903 151 ΙΙ.
933 137 944 142 -
971 117 1029 152 De
1055 118 1148 151 loeis
1173 119 1209 151 et
1233 117 1472 161 temporibus
1495 119 1621 152 saeris

884 306 1116 344 TITULUS
1153 306 1201 342 X.

820 394 895 437 De
938 392 1266 437 OratoriiS.

279 530 363 565 CAN.
396 528 497 564 1188.
521 534 577 572 -ξ
608 529 636 566 1,
667 529 865 565 Oratorium
893 532 943 563 est
962 528 1007 562 lo·
1033 504 1034 507 Ἴ

233 589 294 613 eus
320 577 438 611 divino
469 577 575 611 cultui
616 576 820 611 destinatus.
854 586 922 610 non
959 580 1008 609 ta—

234 636 312 659 men
352 636 390 659 eo
429 624 647 670 potissimum
690 623 756 657 tine
784 627 818 657 ut
846 623 1007 657 universo

232 671 385 706 fidelium
417 672 539 717 populo
567 670 641 705 usui
670 670 711 704 sit
739 670 780 704 ad
802 669 1003 714 religionem

234 719 368 764 publice
394 718 589 753 colendam.

278 769 296 811 ς’
322 766 354 801 2.
381 764 437 799 Est
463 776 541 799 vero
567 763 775 799 oratorium:

284 814 330 846 l.0
356 810 539 851 Prima-nm,
582 812 608 845 si
642 810 825 856 praecipue
851 815 1003 845 erectum

231 859 274 893 sit
302 859 336 893 in
364 859 584 894 commodum
611 858 758 892 alicuius
785 857 917 901 collegii
945 862 1004 892 aut

228 907 332 941 etiam
363 907 586 951 privatorum,
612 906 658 940 ita
686 910 801 939 tamen
830 910 865 939 ut
891 905 1003 939 omni-

230 953 294 987 bus
333 952 504 993 fidelibus⁷
542 957 695 998 tempore
721 952 842 987 saltem
870 952 1004 987 divino-

229 1011 305 1035 rum
333 1000 536 1039 officiorum,
565 999 618 1034 ius
644 1000 698 1039 sit,
726 999 877 1043 legitime
911 1010 1002 1034 eom-

229 1047 423 1093 probatum,
456 1047 540 1082 illud
568 1046 718 1081 adeundi
742 1058 748 1087 3

276 1093 326 1128 ⁵2.0
351 1093 639 1144 Semi-publicum,
669 1093 694 1127 si
724 1093 759 1127 in
781 1093 1002 1128 commodum

224 1141 373 1175 alicuius
399 1141 661 1175 communitatis
700 1140 751 1175 vel
778 1144 893 1175 coetus
921 1140 1001 1175 fide-

227 1188 310 1222 lium
351 1199 390 1222 eo
428 1187 712 1223 convenientium
751 1192 902 1222 ereetum
943 1188 998 1222 sit.

226 1246 337 1280 neque
365 1234 512 1269 liberum
539 1235 664 1280 cuique
698 1235 741 1268 sit
769 1234 999 1277 illudadireg

273 1283 325 1315 3.0
353 1280 521 1316 Privatum
564 1293 623 1317 seu
658 1282 883 1321 domesticum,
911 1282 936 1315 si
967 1282 1000 1316 iu

228 1329 369 1374 privatis
406 1329 550 1363 aedibus
590 1329 625 1362 in
653 1329 873 1364 commodum
900 1329 1004 1363 alicu—

228 1377 280 1410 ius
306 1380 442 1410 tantum
472 1375 623 1411 familiae
651 1376 702 1411 vel
731 1387 896 1421 personae
936 1376 1002 1421 pri-

227 1429 325 1457 vatae
352 1428 501 1457 ereetum
530 1423 586 1457 sit.

274 1470 359 1506 cix.
392 1469 488 1503 1189.
519 1490 535 1494 -
564 1468 723 1505 Oratoria
750 1468 785 1504 S.
816 1469 852 1504 R.
869 1469 904 1504 E.
923 1469 1002 1505 Car-

225 1516 397 1551 dinalium
428 1521 460 1551 et
488 1516 731 1562 Episcoporum
751 1517 822 1552 sive
849 1517 1000 1552 residen-

226 1564 361 1598 tialium
406 1564 476 1598 sive
513 1564 720 1605 titularium‚
752 1564 828 1599 licet
857 1564 1002 1609 privata,

228 1611 390 1645 fruuntur
432 1616 548 1645 tamen
591 1611 754 1646 omuibus
798 1611 930 1645 iuribus
970 1616 1002 1646 et

229 1657 415 1703 privilegiis
442 1657 565 1701 quibus
591 1659 738 1693 oratoria
756 1658 1001 1704 semi—publica

226 1705 391 1749 gaudent.

274 1751 357 1786 CAN.
404 1750 504 1785 119⁰.
548 1772 563 1776 —
592 1751 777 1786 Aedieulae
804 1751 837 1785 in
870 1762 1001 1787 coeme-

226 1799 311 1833 terio
337 1809 356 1832 a
385 1798 527 1833 familiis
566 1809 623 1833 seu
665 1798 821 1844 personis
859 1798 1002 1844 privatis

227 1846 269 1879 ad
297 1856 394 1880 suam
423 1846 635 1891 sepulturam
663 1850 807 1888 erectae,
829 1850 909 1880 sunt
928 1857 1000 1881 ora-

228 1892 313 1927 toria
342 1893 487 1938 privata.

277 1940 359 1973 (joas.
394 1938 475 1974 11111
526 1959 542 1965 -
571 1943 589 1981 ξ
622 1940 649 1973 l.
680 1937 840 1974 Oratoria
863 1939 1001 1984 publica

228 1986 346 2020 eodem
377 1987 449 2021 iure
475 1998 542 2032 quo
569 1986 732 2022 ecclesiae
760 1991 938 2030 reguntur.

277 2036 295 2074 ξ
322 2034 353 2066 ·.).
381 2032 495 2076 Quare
516 2034 549 2067 in
569 2034 717 2068 oratorio
740 2033 885 2078 publico.
902 2034 1001 2067 dum-

230 2080 330 2114 modo
368 2081 570 2115 anctoritate
610 2080 787 2115 (lrdinarii
819 2081 860 2115 ad
891 2080 1002 2126 publi—

231 2138 307 2160 cum
339 2126 394 2162 nei
423 2129 552 2162 cultum
587 2132 749 2172 perpetuo
777 2138 835 2172 per
862 2126 1001 2162 benedi-

229 2174 380 2208 ctionem
421 2175 470 2209 vel
510 2174 819 2217 consecrationem,
853 2174 896 2209 ad
924 2185 1001 2209 nor-

231 2231 322 2254 mam
350 2232 427 2255 can.
463 2220 560 2256 1155.
596 2220 694 2263 1156,
715 2221 910 2256 dedicatum
933 2222 1001 2256 fue—

230 2267 287 2308 rit,
316 2278 436 2302 omnes
462 2279 578 2303 sacrae
606 2268 799 2303 functiones
836 2268 1000 2303 celebrari

234 2319 384 2359 possunt,
430 2316 523 2350 salvo
565 2315 736 2350 contrario
783 2315 999 2350 rubricarum

231 2361 452 2407 praescripto.

278 2407 359 2442 (ux.
393 2409 491 2443 11112,
516 2429 531 2433 -
561 2413 580 2450 g
603 2409 632 2442 1.
655 2407 817 2443 Oratoria
836 2408 1001 2453 semi-pu-

230 2454 317 2489 blica
345 2455 427 2500 erigi
457 2461 634 2501 nequeunt
660 2456 735 2490 sine
762 2454 938 2490 Ordinarii
968 2455 1003 2489 li-

229 2506 355 2536 centia.

281 2552 299 2589 fi
327 2549 357 2584 ’2.
388 2548 597 2583 Ordinarius
638 2549 729 2584 hanc
756 2548 932 2583 licentiam
960 2559 1003 2583 ne

231 2596 407 2629 concedat.
456 2596 522 2629 nisi
568 2596 662 2641 prius
704 2606 763 2641 per
805 2606 839 2630 se
866 2596 916 2630 vel
946 2606 1003 2641 per

228 2641 337 2675 alium
365 2643 636 2677 ecclesiasticum
666 2642 776 2677 virum
816 2642 1001 2677 oratorium

232 2688 422 2722 visitaverit
460 2694 491 2724 et
530 2690 691 2725 decenter
721 2689 929 2723 instructum
957 2700 1004 2724 re-

233 2735 369 2780 pererit.

276 2785 293 2827 ᾗ
322 2782 354 2815 3.
386 2781 469 2817 Data
495 2787 610 2818 autem
639 2783 790 2823 licentia,
816 2782 1001 2818 oratorium

1081 526 1123 561 ad
1152 538 1233 561 usus
1263 526 1422 573 profanos
1448 527 1599 562 converti
1628 529 1749 574 nequit
1778 529 1854 566 sine

1081 574 1235 609 eiusdem
1264 573 1440 609 Ordinarii
1468 575 1683 610 auctoritate.

1128 625 1147 662 ξ
1174 619 1207 654 4.
1239 620 1272 654 ln
1302 621 1455 665 collegiis
1482 626 1540 655 aut
1565 623 1781 658 convictibus
1808 623 1854 659 iu-

1082 668 1213 702 ventuti
1242 667 1490 707 instituendae,
1513 668 1546 702 in
1575 670 1783 714 gymnasiis,
1804 671 1853 718 ly-

1077 714 1159 755 oeis,
1188 715 1338 759 arcibus,
1371 715 1550 760 praesidiis
1578 716 1744 760 militum,
1781 729 1854 753 car-

1079 761 1229 805 ceribus,
1257 762 1494 803 xenodochiis,
1517 767 1595 804 ete„
1625 769 1758 808 praeter
1783 776 1854 800 ora-

1077 808 1204 843 torium
1233 809 1441 854 principale,
1469 810 1538 844 alia
1565 810 1701 845 minora
1728 822 1771 846 ne
1789 812 1855 847 eri-

1077 860 1216 900 gantur,
1243 856 1325 899 nisi,
1354 855 1531 891 Ordinarii
1568 857 1711 900 iudicio,
1743 869 1855 895 ueces-

1077 903 1162 938 sitas
1187 908 1246 938 aut
1272 914 1399 948 magna
1426 903 1558 938 utilitas
1584 905 1617 939 id
1644 906 1768 949 exigat.

1126 949 1209 985 CAN.
1240 949 1342 984 1193.
1372 971 1388 975 —
1418 950 1454 985 ln
1482 952 1641 986 oratoriis
1671 952 1854 999 semi-pu-

1078 997 1190 1033 blicis.
1234 997 1387 1041 legitime
1426 998 1560 1041 erectis
1589 1000 1708 1034 omnia
1734 1000 1853 1035 divina

1077 1044 1193 1079 officia
1221 1044 1458 1080 functionesve
1485 1045 1736 1081 ecclesiasticae
1770 1047 1853 1082 cele-

1077 1091 1167 1126 brari
1210 1096 1365 1137 possunt,
1406 1092 1472 1126 nisi
1513 1092 1652 1128 obstent
1694 1094 1852 1130 rubricae

1075 1143 1135 1173 aut
1162 1136 1372 1174 Ordinarius
1398 1139 1516 1184 aliqua
1543 1140 1725 1186 exceperit.

1124 1184 1207 1220 CAN.
1242 1184 1340 1220 1194.
1363 1186 1436 1220 -In
1468 1187 1609 1231 privatis
1635 1188 1852 1223 coemeterio-

1076 1243 1153 1267 rum
1180 1233 1359 1276 aediculis,
1388 1234 1430 1268 de
1456 1233 1582 1278 quibus
1601 1236 1636 1268 in
1657 1246 1733 1269 can.
1754 1234 1850 1275 1190,

1077 1278 1287 1315 Ordinarius
1314 1280 1376 1315 loci
1406 1281 1604 1326 permittere
1632 1281 1853 1317 habitualiter

1077 1332 1186 1372 potest
1224 1328 1326 1362 etiam
1373 1327 1523 1373 plurium
1551 1328 1739 1363 missarum
1766 1329 1853 1364 cele·

1076 1375 1268 1409 brationem
1288 1386 1294 1415 ;
1324 1374 1359 1408 in
1375 1374 1453 1408 aliis
1467 1375 1625 1410 oratoriis
1639 1375 1849 1420 domesticis,

1076 1421 1216 1455 nonnisi
1235 1422 1340 1456 unius
1359 1421 1494 1463 Missae,
1509 1433 1569 1468 per
1584 1423 1724 1458 modum
1739 1427 1849 1465 actus,

1076 1468 1110 1502 in
1139 1479 1220 1502 casu
1246 1468 1364 1513 aliquo
1389 1469 1675 1513 extraordinario,
1705 1469 1793 1505 iusta
1819 1475 1852 1505 et

1074 1515 1273 1550 rationabili
1313 1516 1354 1550 de
1392 1527 1522 1556 causa3
1557 1514 1766 1552 Ordinarius
1791 1528 1850 1552 au-

1076 1566 1144 1597 tem
1182 1562 1244 1597 has
1284 1563 1529 1607 permissiones
1564 1575 1608 1598 ne
1646 1564 1848 1607 elargiatur,

1076 1609 1141 1643 nisi
1169 1610 1211 1644 ad
1240 1620 1397 1644 normam
1424 1620 1502 1645 can.
1535 1610 1636 1646 1192,
1668 1615 1687 1653 ξ
1714 1611 1746 1645 ⁶2.

1122 1656 1206 1691 CAN.
1239 1655 1338 1690 1195.
1359 1661 1378 1698 ἓ
1400 1656 1429 1693 1.
1450 1657 1483 1691 ln
1512 1657 1670 1692 oratoriis
1688 1657 1850 1693 domesti-

1075 1703 1124 1737 cis
1149 1713 1188 1738 ex
1217 1703 1352 1738 indulto
1394 1704 1609 1749 Apostolieae
1640 1703 1751 1745 Sedis,
1782 1704 1847 1739 nisi

1074 1749 1168 1784 aliud
1201 1750 1236 1784 in
1271 1749 1389 1785 eodem
1429 1751 1563 1785 indulto
1601 1762 1760 1796 expresse
1795 1762 1850 1786 ca-

1075 1801 1206 1838 veatur⁷
1236 1797 1400 1832 celebrari
1432 1803 1553 1843 potest.
1575 1803 1755 1843 postquam
1784 1797 1848 1834 Or-

1074 1844 1231 1878 dinarius
1269 1845 1458 1879 oratorium
1498 1846 1688 1880 visitaverit
1718 1850 1750 1880 et
1778 1856 1849 1891 pro

1076 1890 1207 1926 baverit
1249 1891 1291 1925 ad
1332 1903 1488 1926 normam
1530 1903 1607 1927 can.
1641 1891 1742 1933 1192,
1771 1897 1790 1934 ξ
1818 1892 1848 1934 22,

1075 1938 1174 1972 unica
1202 1937 1318 1978 Missa,
1344 1949 1452 1984 eaque
1479 1939 1578 1982 lecta,
1607 1939 1756 1983 singulis
1782 1939 1849 1975 die-

1075 1984 1148 2025 bus
1175 1986 1325 2030 exceptis
1352 1986 1446 2020 festis
1473 1986 1760 2025 solemnioribus
1790 1987 1848 2022 sed

1072 2032 1161 2066 aliae
1198 2032 1392 2067 functiones
1426 2033 1677 2068 ecclesiasticae
1720 2033 1847 2069 ibidem

1074 2089 1117 2113 ne
1147 2079 1243 2113 fiant.
1563 2108 1586 2130 ι

1120 2129 1138 2167 ξ
1165 2125 1198 2160 2.
1228 2124 1437 2161 Ordinarius
1464 2137 1554 2162 vero.
1583 2127 1770 2163 dummodo
1797 2126 1847 2162 iu-

1073 2177 1144 2207 stae
1177 2172 1294 2207 adsint
1320 2178 1352 2208 et
1380 2174 1603 2209 rationabiles
1640 2186 1776 2216 causae,
1801 2174 1848 2209 di-

1074 2230 1190 2254 versae
1227 2220 1271 2254 ab
1308 2221 1356 2255 eis
1383 2220 1427 2255 ob
1454 2232 1539 2266 quas
1567 2221 1742 2257 indultum
1770 2232 1852 2257 con—

1073 2277 1207 2301 cessum
1250 2267 1324 2307 tuit,
1361 2268 1464 2302 etiam
1496 2268 1777 2303 sollemnioribus
1805 2269 1848 2304 fe-

1073 2313 1134 2347 stis
1162 2314 1359 2359 permittere
1387 2320 1492 2360 potest
1514 2327 1572 2361 per
1592 2316 1731 2350 modum
1749 2321 1846 2351 actus

1074 2360 1198 2395 Missae
1223 2361 1503 2396 celebrationem.

1122 2406 1206 2443 CAN.
1239 2407 1338 2441 1196.
1367 2429 1382 2433 -
1413 2413 1432 2450 ξ
1476 2409 1503 2442 1.
1545 2408 1705 2444 Oratoria
1730 2409 1845 2445 dome-

1074 2454 1159 2488 stica
1186 2465 1247 2489 uec
1274 2456 1464 2490 consecrari
1495 2467 1556 2491 nce
1589 2456 1744 2492 benedici
1775 2467 1847 2502 pos-

1075 2506 1155 2535 sunt
1184 2512 1276 2536 more
1301 2502 1537 2537 ecclesiarum.

1121 2552 1140 2590 ἓ
1167 2547 1198 2583 ·.)..
1228 2548 1317 2583 Licet
1343 2550 1492 2584 oratoria
1527 2550 1715 2585 domestica
1740 2553 1773 2584 et
1798 2560 1846 2584 se-

1076 2595 1282 2640 nii-publiea
1323 2597 1498 2631 communi
1544 2597 1693 2632 locorum
1732 2596 1845 2631 domo-

1075 2653 1195 2676 rumve
1236 2643 1473 2679 benedictione
1507 2644 1693 2684 donentur,
1718 2642 1844 2678 debent

1076 2693 1191 2724 tamen
1213 2700 1285 2725 esse
1304 2691 1422 2725 divino
1440 2696 1575 2726 tantum
1604 2689 1710 2725 cultui
1737 2700 1844 2725 reser-

1076 2741 1152 2770 vata
1178 2741 1211 2771 et
1236 2737 1279 2771 ab
1305 2737 1468 2772 omnibus
1494 2737 1691 2772 domesticis
1726 2737 1845 2772 usibus
1883 2760 1887 2765 -

1077 2783 1194 2817 libera.
