1965 3240
149 129 220 162 314
411 128 494 162 LIB.
521 128 593 162 III.
623 149 635 153 -
662 128 772 163 PARS
797 128 861 162 IV.
889 148 901 154 —
928 129 984 164 De
1009 131 1234 173 mayz'sterz'o
1260 130 1511 179 ecclesiastico

153 247 322 300 fectum,
357 251 399 289 ut
433 251 589 289 tutores
624 245 688 289 vel
723 250 951 298 curatores,
984 248 1073 289 sive
1107 259 1155 288 ex
1181 245 1344 288 illorum
1372 245 1602 289 voluntaria
1625 245 1772 289 substi-

152 318 322 371 tutione,
356 322 398 360 ut
433 318 617 372 magistri
652 319 774 360 etiam
811 318 975 372 privati,v
1009 328 1056 359 ac
1091 316 1373 359 moderatores
1405 316 1689 373 collegiorum,
1709 316 1774 359 ius

150 400 200 430 ne
234 387 515 443 impediantur
547 389 769 445 quominus
812 386 1065 443 adimpleant
1098 391 1136 428 el
1167 386 1463 443 qram'sst'mum
1509 392 1676 444 propter
1713 388 1771 430 su-

152 461 286 500 nestas
319 462 358 500 et
391 456 721 500 irremediabiles
752 456 943 514 sequelas
976 455 1153 513 officiam
1187 469 1285 512 erga
1321 456 1471 500 liberos
1504 461 1564 500 est
1596 455 1776 499 eurcmdi

153 541 225 584 per
257 529 413 584 seipsos
431 540 478 571 ac
496 527 618 570 modo
643 529 701 570 eis
736 526 933 570 beneviso
957 527 1027 570 sed
1053 530 1161 582 apto,
1186 525 1478 576 christianam,
1505 527 1630 570 idest:
1658 529 1771 570 iuxta

152 597 300 642 Christi
333 599 580 652 doctrinam,
614 610 720 655 quae
754 599 792 640 in
826 597 1012 640 Ecclesia
1046 596 1248 640 catholica
1282 598 1526 652 custoditur,
1551 597 1774 640 liberorum

153 672 311 721 ratione
346 674 560 726 parentum
595 681 719 725 supra
753 681 1045 724 expressorum
1081 667 1369 711 educationem
1393 670 1541 711 mentis
1564 672 1603 711 et
1626 668 1775 711 cordis.

271 740 368 784 ⁶256.
406 742 501 786 Pro
534 741 812 786 scholarum
846 741 1159 784 distinctione
1190 740 1561 785 fundamentali.
1599 739 1778 796 Sequen-

153 814 203 854 tis
238 812 479 867 praescripti
506 813 704 870 rationem
730 809 966 866 suppeditat
990 808 1107 852 nobis
1132 808 1209 852 Leo
1235 808 1269 851 X
1292 811 1330 852 in
1355 814 1483 853 const.
1524 824 1544 850 «
1567 809 1777 865 Supernae

153 882 432 938 dispositionis
456 897 475 922 »
514 884 552 923 in
587 880 710 925 Conc.
746 880 878 925 Later.
916 878 945 921 V
973 879 1003 933 1,
1035 879 1133 922 dum
1159 882 1237 923 ait:
1277 895 1297 920 c<
1321 879 1371 923 Et
1393 893 1486 923 cum
1512 881 1645 923 omnis
1667 884 1779 922 aetas

152 952 203 996 ab
236 952 513 995 adolescentia
564 963 691 1008 prona
739 953 791 994 sit
839 951 888 994 ad
941 950 1109 1004 malum,
1154 955 1192 993 et
1225 963 1246 994 a
1282 953 1434 994 teneris
1482 952 1693 1006 assuefieri
1728 950 1777 993 ad

156 1023 305 1066 bonum
343 1025 479 1079 magni
514 1025 565 1065 sit
597 1024 732 1078 operis
766 1027 805 1065 et
837 1022 1009 1065 effectus
1030 1037 1070 1065 )>.
1106 1021 1212 1065 Hinc
1230 1024 1384 1078 optime
1408 1022 1508 1078 dicit
1531 1036 1622 1064 ean.
1647 1022 1779 1064 1373.

153 1097 177 1148 ἓ
211 1098 245 1137 1.
280 1093 327 1137 Ia
361 1093 558 1151 qualibet,
592 1096 681 1136 sive
716 1095 876 1149 privata
920 1095 1010 1135 sive
1054 1091 1232 1148 publica,
1268 1095 1381 1136 iuxta
1416 1093 1640 1144 diversam,
1674 1104 1780 1149 quae

156 1168 282 1221 ipsam
319 1167 553 1218 constituat,
587 1165 891 1213 auctoritatem,
926 1162 1201 1205 elementa-ria
1236 1162 1378 1206 schola
1403 1163 1572 1206 definita
1597 1165 1634 1205 in
1659 1161 1780 1205 Tituli

155 1238 433 1292 inscriptione,
465 1234 610 1292 pueris
659 1233 893 1277 utriuslibet
942 1247 1081 1287 sexus,
1121 1236 1191 1291 qui
1235 1233 1462 1290 quamlibet
1505 1234 1779 1291 frequentent,

152 1319 229 1363 pro
263 1319 404 1348 eoram
438 1310 590 1355 aetate,
624 1318 674 1348 ne
709 1304 865 1347 inutilis
897 1304 1066 1358 evadat,
1099 1303 1307 1347 tradenda
1341 1309 1402 1347 est
1434 1304 1649 1347 institutio
1681 1302 1780 1346 reli-

151 1377 286 1434 qiosu,
323 1390 394 1419 seu
437 1389 580 1419 eorum
621 1388 770 1432 <cquae
813 1375 863 1418 ad
910 1375 1151 1431 religionem
1199 1377 1419 1431 pertinent,
1453 1380 1495 1418 ut
1527 1380 1621 1418 sunt
1668 1387 1779 1431 prae-

155 1452 271 1504 cepta
305 1447 460 1496 divina,
495 1446 657 1490 articuli
692 1446 833 1489 fidei»
872 1458 1014 1489 sacrae
1050 1459 1193 1501 preces
1226 1458 1273 1489 ac
1308 1451 1544 1489 sanctorum
1583 1448 1692 1489 vitae
1716 1444 1744 1486 ².

271 1519 298 1571 ξ
336 1518 369 1560 1.
404 1516 601 1560 Iuventas
632 1519 755 1560 etiam
791 1518 984 1559 foeminei
1018 1529 1156 1570 sexus,
1191 1521 1349 1559 tantum
1389 1530 1496 1574 quae.
1527 1515 1688 1559 medias
1720 1514 1784 1558 vel

155 1589 393 1647 superiores
426 1587 591 1631 scholas
626 1590 705 1631 iam
740 1587 973 1630 declaratas
1004 1586 1080 1630 sub
1114 1586 1235 1630 Tituli
1286 1589 1567 1644 inscriptione,
1601 1589 1783 1643 privatas

156 1660 219 1704 vel
257 1659 441 1716 publicas
473 1658 716 1716 frequentat
749 1658 854 1701 idest
888 1657 1167 1715 habitualiter‚
1197 1657 1391 1715 pleniore
1421 1657 1644 1715 reliqiom‘s
1677 1657 1782 1700 ultra

156 1734 283 1788 ipsius
316 1731 520 1774 elementa
544 1742 591 1773 ac
616 1729 875 1786 profundiori
900 1728 1093 1771 doctrina
1126 1729 1347 1772 excolatur
1368 1731 1648 1786 praeceptive,
1673 1728 1782 1786 quod

157 1803 392 1860 requiritur
417 1806 501 1844 tum
537 1800 685 1844 obiecti
720 1800 934 1856 dignitate,
969 1804 1053 1842 tum
1100 1802 1255 1843 ratione
1289 1800 1550 1843 diversarum
1586 1798 1784 1842 obiectio-

157 1887 269 1927 num,
303 1885 408 1930 quae
456 1872 508 1915 ob
540 1871 675 1914 studia
709 1871 888 1914 suboriri
922 1876 1091 1927 queunt,
1126 1877 1163 1913 et
1197 1876 1498 1928 consequenter
1531 1872 1784 1927 praescripto

158 1944 337 1987 locorum
379 1942 618 1993 ()rslinarii‚
652 1955 699 1985 eo
733 1942 842 1998 quod
892 1941 943 1984 de
978 1955 1020 1984 re
1060 1947 1207 1997 agatur
1251 1941 1413 1998 publica
1459 1955 1530 1984 seu
1574 1943 1782 1984 communi

158 2028 323 2058 suorum
375 2013 576 2068 fidelium,
610 2018 755 2055 curent
806 2025 878 2068 pro
912 2025 1055 2055 eorum
1093 2012 1285 2068 pastorali
1323 2025 1508 2066 munere,
1543 2017 1588 2054 ut
1635 2010 1679 2054 id
1711 2010 1785 2067 fiat

158 2088 246 2128 sive
280 2087 318 2128 in
343 2084 494 2128 scholis
527 2083 697 2136 eisdem,
721 2085 811 2126 sive
844 2088 960 2125 extra
987 2084 1095 2138 ipsas
1121 2096 1202 2140 per
1223 2082 1462 2126 sacerdotes
1494 2084 1562 2139 qui
1597 2081 1648 2125 ob
1672 2081 1783 2124 theo-

158 2157 331 2212 logicam
367 2155 641 2198 eruditionem
678 2154 715 2197 id
760 2159 1046 2210 competenter
1078 2154 1308 2210 adimplere
1344 2159 1526 2211 possunt,
1560 2152 1784 2196 dummodo

158 2230 238 2271 sint
270 2226 354 2269 zeto
389 2228 622 2269 animarum
656 2238 703 2268 ac
736 2227 926 2281 puritatis
960 2225 1054 2268 fidei
1095 2229 1134 2267 et
1169 2238 1331 2268 morum
1365 2230 1404 2267 et
1437 2223 1630 2267 doctrina
1662 2236 1783 2280 prae-

159 2302 331 2347 stantes,
358 2302 524 2353 propter
556 2309 658 2354 quas
683 2296 798 2339 dotes
833 2300 876 2338 ut
898 2297 1185 2339 auctoritatem
1214 2295 1411 2339 babentes
1434 2295 1610 2338 suadere
1634 2298 1784 2350 queant

161 2368 390 2411 audientes,

278 2437 369 2481 Huc
406 2440 609 2494 pertinent
647 2437 757 2480 velut
793 2437 1042 2493 paragraplii
1077 2439 1209 2493 origo,
1234 2437 1288 2479 lit.
1315 2437 1471 2493 aplcae.
1500 2451 1519 2476 «
1541 2434 1702 2478 Acerbo
1728 2436 1783 2477 ni-

164 2511 279 2551 mis»
304 2509 318 2530 ³
355 2508 421 2551 ubi
455 2507 531 2551 sub
565 2507 623 2550 n.O
660 2507 701 2551 V.
737 2508 922 2550 districte
967 2507 1179 2550 mandavit
1225 2507 1318 2550 Pius
1354 2506 1410 2549 X:
1451 2504 1712 2549 «Maioribus
1747 2507 1783 2547 in

166 2579 350 2631 urbibus,
375 2581 498 2636 inque
519 2580 566 2621 iis
591 2581 809 2634 praecipue
834 2577 900 2621 ubi
927 2580 1219 2621 universitates
1242 2578 1489 2629 studiorum,
1509 2576 1598 2633 (seu
1621 2574 1786 2619 scholae

172 2670 185 2687 «
208 2652 443 2704 superiores
462 2653 514 2703 )>>,
550 2649 679 2705 lycea,
724 2651 936 2704 gymnasia
979 2656 1066 2698 (seu
1111 2647 1277 2691 scholae
1326 2647 1526 2690 «mediae
1548 2647 1591 2701 ›>)
1634 2649 1786 2702 patent,

166 2720 330 2764 scholae
366 2720 577 2777 religionis
611 2719 834 2762 fundentur
866 2719 915 2762 ad
951 2719 1222 2762 erudiendam
1259 2719 1354 2762 fidei
1389 2716 1634 2769 veritatibus
1658 2718 1785 2758 vitae-

283 2827 293 2848 1
323 2827 343 2859 5
370 2826 464 2859 Maii
493 2827 595 2865 1514,
624 2829 643 2867 ἓ
669 2825 727 2859 32.
758 2846 799 2849 -
827 2826 840 2846 2¹
866 2825 944 2858 Leo
972 2825 1008 2858 X
1034 2825 1106 2858 loc.
1133 2825 1199 2858 cit*
1243 2844 1285 2850 —
1324 2825 1338 2846 3
1366 2826 1408 2858 15
1435 2825 1526 2868 Apr.
1558 2822 1660 2856 1905.
1689 2822 1788 2854 Acta

169 2873 206 2907 S.
238 2872 361 2913 Sedis,
391 2873 605 2907 XXXVIII
633 2873 711 2907 623.
