<?xml version="1.0" encoding="UTF-8"?>
<!DOCTYPE html PUBLIC "-//W3C//DTD XHTML 1.0 Transitional//EN"
    "http://www.w3.org/TR/xhtml1/DTD/xhtml1-transitional.dtd">
<html xmlns="http://www.w3.org/1999/xhtml" xml:lang="en" lang="en">
 <head>
  <title>
</title>
<meta http-equiv="Content-Type" content="text/html;charset=utf-8" />
  <meta name='ocr-system' content='tesseract 3.04.00' />
  <meta name='ocr-capabilities' content='ocr_page ocr_carea ocr_par ocr_line ocrx_word'/>
</head>
<body>
  <div class='ocr_page' id='page_1' title='image "./commentariumtext03blatuoft_0553.png"; bbox 0 0 1965 3240; ppageno 0'>
   <div class='ocr_carea' id='block_1_1' title="bbox 350 166 1764 202">
    <p class='ocr_par' dir='ltr' id='par_1_1' title="bbox 350 166 1764 202">
     <span class='ocr_line' id='line_1_1' title="bbox 350 166 1764 202; baseline 0 -2"><span class='ocrx_word' id='word_1_1' title='bbox 350 166 434 202; x_wconf 78' lang='lat' dir='ltr'>Trr.</span> <span class='ocrx_word' id='word_1_2' title='bbox 461 166 647 202; x_wconf 88' lang='lat' dir='ltr'>XXVIII.</span> <span class='ocrx_word' id='word_1_3' title='bbox 672 187 682 192; x_wconf 96' lang='lat'>-</span> <span class='ocrx_word' id='word_1_4' title='bbox 710 166 766 201; x_wconf 92' lang='lat' dir='ltr'>De</span> <span class='ocrx_word' id='word_1_5' title='bbox 791 168 901 201; x_wconf 80' lang='lat' dir='ltr'>bonis</span> <span class='ocrx_word' id='word_1_6' title='bbox 926 167 1192 201; x_wconf 68' lang='lat' dir='ltr'>ecclesiasticis</span> <span class='ocrx_word' id='word_1_7' title='bbox 1217 167 1552 201; x_wconf 73' lang='lat' dir='ltr'><em>administrandis</em></span> <span class='ocrx_word' id='word_1_8' title='bbox 1696 167 1764 200; x_wconf 79' lang='lat'>541</span> 
     </span>
    </p>
   </div>
   <div class='ocr_carea' id='block_1_2' title="bbox 1014 225 1751 236">
    <p class='ocr_par' dir='ltr' id='par_1_2' title="bbox 1014 225 1751 236">
     <span class='ocr_line' id='line_1_2' title="bbox 1014 225 1751 236; baseline 0 0"><span class='ocrx_word' id='word_1_9' title='bbox 1014 225 1751 236; x_wconf 95' lang='lat' dir='ltr'> </span> 
     </span>
    </p>
   </div>
   <div class='ocr_carea' id='block_1_3' title="bbox 120 285 1764 2967">
    <p class='ocr_par' dir='ltr' id='par_1_3' title="bbox 133 285 1764 913">
     <span class='ocr_line' id='line_1_3' title="bbox 140 285 1764 342; baseline -0.001 -11"><span class='ocrx_word' id='word_1_10' title='bbox 140 289 297 332; x_wconf 88' lang='lat' dir='ltr'>ratione</span> <span class='ocrx_word' id='word_1_11' title='bbox 330 286 379 329; x_wconf 81' lang='lat' dir='ltr'>ab</span> <span class='ocrx_word' id='word_1_12' title='bbox 412 285 832 329; x_wconf 54' lang='lat' dir='ltr'>admiraiuratoribus</span> <span class='ocrx_word' id='word_1_13' title='bbox 878 288 1118 342; x_wconf 78' lang='lat' dir='ltr'>ceteroquin</span> <span class='ocrx_word' id='word_1_14' title='bbox 1171 285 1378 341; x_wconf 82' lang='lat' dir='ltr'>legitimis,</span> <span class='ocrx_word' id='word_1_15' title='bbox 1432 287 1599 329; x_wconf 74' lang='lat' dir='ltr'>forsitan</span> <span class='ocrx_word' id='word_1_16' title='bbox 1650 299 1764 329; x_wconf 85' lang='lat' dir='ltr'>«no-</span> 
     </span>
     <span class='ocr_line' id='line_1_4' title="bbox 138 356 1763 414; baseline -0.002 -12"><span class='ocrx_word' id='word_1_17' title='bbox 138 361 247 402; x_wconf 89' lang='lat' dir='ltr'>mine</span> <span class='ocrx_word' id='word_1_18' title='bbox 279 357 491 401; x_wconf 78' lang='lat' dir='ltr'>Ecclesiae</span> <span class='ocrx_word' id='word_1_19' title='bbox 514 373 535 398; x_wconf 83' lang='lat'>›&gt;</span> <span class='ocrx_word' id='word_1_20' title='bbox 591 357 840 401; x_wconf 72' lang='lat' dir='ltr'>verbotenus</span> <span class='ocrx_word' id='word_1_21' title='bbox 888 357 995 413; x_wconf 88' lang='lat' dir='ltr'>(can.</span> <span class='ocrx_word' id='word_1_22' title='bbox 1047 356 1172 409; x_wconf 72' lang='lat'>1521,</span> <span class='ocrx_word' id='word_1_23' title='bbox 1207 359 1231 411; x_wconf 61' lang='grc' dir='ltr'><strong>ἓ</strong></span> <span class='ocrx_word' id='word_1_24' title='bbox 1266 357 1324 414; x_wconf 67' lang='lat'>2),</span> <span class='ocrx_word' id='word_1_25' title='bbox 1357 356 1429 399; x_wconf 80' lang='lat' dir='ltr'>sed</span> <span class='ocrx_word' id='word_1_26' title='bbox 1462 356 1553 399; x_wconf 78' lang='lat' dir='ltr'>sine</span> <span class='ocrx_word' id='word_1_27' title='bbox 1590 356 1763 400; x_wconf 76' lang='lat' dir='ltr'>licentia</span> 
     </span>
     <span class='ocr_line' id='line_1_5' title="bbox 137 427 1761 488; baseline -0.001 -15"><span class='ocrx_word' id='word_1_28' title='bbox 137 431 332 488; x_wconf 89' lang='lat' dir='ltr'>requisita</span> <span class='ocrx_word' id='word_1_29' title='bbox 378 431 489 472; x_wconf 81' lang='lat' dir='ltr'>iuxta</span> <span class='ocrx_word' id='word_1_30' title='bbox 534 442 669 485; x_wconf 89' lang='lat' dir='ltr'>praec.</span> <span class='ocrx_word' id='word_1_31' title='bbox 703 428 779 487; x_wconf 58' lang='grc' dir='ltr'>ξω</span> <span class='ocrx_word' id='word_1_32' title='bbox 814 427 877 471; x_wconf 81' lang='lat' dir='ltr'>vel</span> <span class='ocrx_word' id='word_1_33' title='bbox 911 427 962 471; x_wconf 91' lang='lat' dir='ltr'>ob</span> <span class='ocrx_word' id='word_1_34' title='bbox 995 428 1121 471; x_wconf 86' lang='lat' dir='ltr'>alium</span> <span class='ocrx_word' id='word_1_35' title='bbox 1166 440 1366 471; x_wconf 87' lang='lat' dir='ltr'>canonem</span> <span class='ocrx_word' id='word_1_36' title='bbox 1409 428 1679 485; x_wconf 72' lang='lat' dir='ltr'>coitipelenlis</span> <span class='ocrx_word' id='word_1_37' title='bbox 1711 428 1761 471; x_wconf 91' lang='lat' dir='ltr'>ad</span> 
     </span>
     <span class='ocr_line' id='line_1_6' title="bbox 136 491 1763 558; baseline -0.001 -14"><span class='ocrx_word' id='word_1_38' title='bbox 136 501 213 545; x_wconf 86' lang='lat' dir='ltr'>hoc</span> <span class='ocrx_word' id='word_1_39' title='bbox 248 499 492 558; x_wconf 74' lang='lat' dir='ltr'>Superioris</span> <span class='ocrx_word' id='word_1_40' title='bbox 524 499 750 543; x_wconf 88' lang='lat' dir='ltr'>saecularis</span> <span class='ocrx_word' id='word_1_41' title='bbox 787 498 849 542; x_wconf 76' lang='lat' dir='ltr'>vel</span> <span class='ocrx_word' id='word_1_42' title='bbox 883 491 1066 555; x_wconf 84' lang='lat' dir='ltr'>religiosi</span> <span class='ocrx_word' id='word_1_43' title='bbox 1100 498 1232 550; x_wconf 74' lang='lat' dir='ltr'>initis,</span> <span class='ocrx_word' id='word_1_44' title='bbox 1257 499 1437 555; x_wconf 90' lang='lat' dir='ltr'>eoquod</span> <span class='ocrx_word' id='word_1_45' title='bbox 1473 501 1527 542; x_wconf 87' lang='lat' dir='ltr'>ait</span> <span class='ocrx_word' id='word_1_46' title='bbox 1554 512 1637 555; x_wconf 90' lang='lat' dir='ltr'>reg.</span> <span class='ocrx_word' id='word_1_47' title='bbox 1663 501 1763 542; x_wconf 87' lang='lat' dir='ltr'>iuris</span> 
     </span>
     <span class='ocr_line' id='line_1_7' title="bbox 135 569 1763 627; baseline -0.001 -12"><span class='ocrx_word' id='word_1_48' title='bbox 135 573 190 615; x_wconf 77' lang='lat'>76</span> <span class='ocrx_word' id='word_1_49' title='bbox 226 575 263 615; x_wconf 90' lang='lat' dir='ltr'>in</span> <span class='ocrx_word' id='word_1_50' title='bbox 300 572 367 613; x_wconf 71' lang='lat'>60:</span> <span class='ocrx_word' id='word_1_51' title='bbox 409 586 428 612; x_wconf 80' lang='lat'>«</span> <span class='ocrx_word' id='word_1_52' title='bbox 454 570 656 614; x_wconf 76' lang='lat' dir='ltr'>Delictum</span> <span class='ocrx_word' id='word_1_53' title='bbox 693 582 894 627; x_wconf 72' lang='lat' dir='ltr'>personae</span> <span class='ocrx_word' id='word_1_54' title='bbox 918 582 997 612; x_wconf 89' lang='lat' dir='ltr'>uon</span> <span class='ocrx_word' id='word_1_55' title='bbox 1022 569 1145 612; x_wconf 89' lang='lat' dir='ltr'>debet</span> <span class='ocrx_word' id='word_1_56' title='bbox 1169 572 1207 612; x_wconf 93' lang='lat' dir='ltr'>in</span> <span class='ocrx_word' id='word_1_57' title='bbox 1232 569 1526 612; x_wconf 75' lang='lat' dir='ltr'>detrimentum</span> <span class='ocrx_word' id='word_1_58' title='bbox 1553 569 1763 613; x_wconf 81' lang='lat' dir='ltr'>Ecclesiae</span> 
     </span>
     <span class='ocr_line' id='line_1_8' title="bbox 134 640 1761 699; baseline -0.002 -12"><span class='ocrx_word' id='word_1_59' title='bbox 134 643 428 697; x_wconf 82' lang='lat' dir='ltr'>redundare»,</span> <span class='ocrx_word' id='word_1_60' title='bbox 463 647 501 685; x_wconf 91' lang='lat' dir='ltr'>et</span> <span class='ocrx_word' id='word_1_61' title='bbox 534 644 629 699; x_wconf 91' lang='lat' dir='ltr'>quia</span> <span class='ocrx_word' id='word_1_62' title='bbox 665 655 743 684; x_wconf 90' lang='lat' dir='ltr'>nou</span> <span class='ocrx_word' id='word_1_63' title='bbox 779 643 835 684; x_wconf 89' lang='lat' dir='ltr'>uti</span> <span class='ocrx_word' id='word_1_64' title='bbox 864 641 1174 684; x_wconf 88' lang='lat' dir='ltr'>administrator</span> <span class='ocrx_word' id='word_1_65' title='bbox 1202 642 1419 689; x_wconf 64' lang='lat' dir='ltr'>contraxit,</span> <span class='ocrx_word' id='word_1_66' title='bbox 1453 640 1658 683; x_wconf 85' lang='lat' dir='ltr'>excedens</span> <span class='ocrx_word' id='word_1_67' title='bbox 1693 655 1761 697; x_wconf 89' lang='lat' dir='ltr'>po-</span> 
     </span>
     <span class='ocr_line' id='line_1_9' title="bbox 133 710 1760 769; baseline -0.003 -11"><span class='ocrx_word' id='word_1_68' title='bbox 133 719 336 758; x_wconf 77' lang='lat' dir='ltr'>testatem.</span> <span class='ocrx_word' id='word_1_69' title='bbox 372 713 565 756; x_wconf 82' lang='lat' dir='ltr'>Attamen</span> <span class='ocrx_word' id='word_1_70' title='bbox 600 715 788 769; x_wconf 89' lang='lat' dir='ltr'>aequitas</span> <span class='ocrx_word' id='word_1_71' title='bbox 831 711 1008 769; x_wconf 86' lang='lat' dir='ltr'>postulat</span> <span class='ocrx_word' id='word_1_72' title='bbox 1051 713 1359 767; x_wconf 80' lang='lat' dir='ltr'>exceptionem:</span> <span class='ocrx_word' id='word_1_73' title='bbox 1394 710 1479 753; x_wconf 66' lang='lat' dir='ltr'>m&#39;si</span> <span class='ocrx_word' id='word_1_74' title='bbox 1512 710 1678 768; x_wconf 74' lang='lat' dir='ltr'>quamlo</span> <span class='ocrx_word' id='word_1_75' title='bbox 1711 724 1760 754; x_wconf 85' lang='lat' dir='ltr'>ex</span> 
     </span>
     <span class='ocr_line' id='line_1_10' title="bbox 133 781 1760 840; baseline -0.002 -12"><span class='ocrx_word' id='word_1_76' title='bbox 133 785 201 829; x_wconf 91' lang='lat' dir='ltr'>illo</span> <span class='ocrx_word' id='word_1_77' title='bbox 235 788 449 828; x_wconf 82' lang='lat' dir='ltr'>contractu</span> <span class='ocrx_word' id='word_1_78' title='bbox 483 788 520 826; x_wconf 84' lang='lat' dir='ltr'>el</span> <span class='ocrx_word' id='word_1_79' title='bbox 556 789 760 840; x_wconf 71' lang='lat' dir='ltr'>quatenns</span> <span class='ocrx_word' id='word_1_80' title='bbox 795 782 903 826; x_wconf 90' lang='lat' dir='ltr'>illius</span> <span class='ocrx_word' id='word_1_81' title='bbox 939 784 975 824; x_wconf 85' lang='lat' dir='ltr'>vi</span> <span class='ocrx_word' id='word_1_82' title='bbox 1010 781 1224 826; x_wconf 88' lang='lat' dir='ltr'>obtentum</span> <span class='ocrx_word' id='word_1_83' title='bbox 1258 781 1301 824; x_wconf 68' lang='lat' dir='ltr'>in</span> <span class='ocrx_word' id='word_1_84' title='bbox 1335 795 1422 824; x_wconf 76' lang='lat' dir='ltr'>rem</span> <span class='ocrx_word' id='word_1_85' title='bbox 1455 796 1573 824; x_wconf 78' lang='lat' dir='ltr'>suam</span> <span class='ocrx_word' id='word_1_86' title='bbox 1598 795 1760 838; x_wconf 80' lang='lat' dir='ltr'>nempe:</span> 
     </span>
     <span class='ocr_line' id='line_1_11' title="bbox 134 852 1474 913; baseline -0.002 -14"><span class='ocrx_word' id='word_1_87' title='bbox 134 859 171 900; x_wconf 92' lang='lat' dir='ltr'>in</span> <span class='ocrx_word' id='word_1_88' title='bbox 208 868 408 913; x_wconf 87' lang='lat' dir='ltr'>personae</span> <span class='ocrx_word' id='word_1_89' title='bbox 442 854 610 897; x_wconf 90' lang='lat' dir='ltr'>moralis</span> <span class='ocrx_word' id='word_1_90' title='bbox 646 854 864 897; x_wconf 86' lang='lat' dir='ltr'>utilitatem</span> <span class='ocrx_word' id='word_1_91' title='bbox 899 852 1168 910; x_wconf 89' lang='lat' dir='ltr'>temporalem</span> <span class='ocrx_word' id='word_1_92' title='bbox 1205 866 1368 895; x_wconf 68' lang='lat' dir='ltr'>versum</span> <span class='ocrx_word' id='word_1_93' title='bbox 1401 858 1474 896; x_wconf 77' lang='lat' dir='ltr'>est.</span> 
     </span>
    </p>

    <p class='ocr_par' dir='ltr' id='par_1_4' title="bbox 124 922 1761 1975">
     <span class='ocr_line' id='line_1_12' title="bbox 248 922 1761 981; baseline -0.003 -12"><span class='ocrx_word' id='word_1_94' title='bbox 248 925 331 969; x_wconf 87' lang='lat' dir='ltr'>Nec</span> <span class='ocrx_word' id='word_1_95' title='bbox 355 924 575 969; x_wconf 85' lang='lat' dir='ltr'>obiiciatur</span> <span class='ocrx_word' id='word_1_96' title='bbox 600 938 672 981; x_wconf 92' lang='lat' dir='ltr'>per</span> <span class='ocrx_word' id='word_1_97' title='bbox 695 924 803 968; x_wconf 90' lang='lat' dir='ltr'>hunc</span> <span class='ocrx_word' id='word_1_98' title='bbox 818 924 944 980; x_wconf 63' lang='lat' dir='ltr'>§min</span> <span class='ocrx_word' id='word_1_99' title='bbox 968 936 1064 967; x_wconf 91' lang='lat' dir='ltr'>casu</span> <span class='ocrx_word' id='word_1_100' title='bbox 1085 922 1194 966; x_wconf 88' lang='lat' dir='ltr'>eludi</span> <span class='ocrx_word' id='word_1_101' title='bbox 1214 927 1452 966; x_wconf 89' lang='lat' dir='ltr'>contractus</span> <span class='ocrx_word' id='word_1_102' title='bbox 1475 922 1761 979; x_wconf 78' lang='lat' dir='ltr'>obligationes,</span> 
     </span>
     <span class='ocr_line' id='line_1_13' title="bbox 132 993 1759 1050; baseline -0.002 -10"><span class='ocrx_word' id='word_1_103' title='bbox 132 1011 224 1041; x_wconf 83' lang='lat' dir='ltr'>nam</span> <span class='ocrx_word' id='word_1_104' title='bbox 261 997 337 1040; x_wconf 88' lang='lat' dir='ltr'>hoc</span> <span class='ocrx_word' id='word_1_105' title='bbox 371 1001 431 1039; x_wconf 90' lang='lat' dir='ltr'>est</span> <span class='ocrx_word' id='word_1_106' title='bbox 468 1009 611 1039; x_wconf 72' lang='lat' dir='ltr'>verum</span> <span class='ocrx_word' id='word_1_107' title='bbox 648 1009 725 1038; x_wconf 93' lang='lat' dir='ltr'>nou</span> <span class='ocrx_word' id='word_1_108' title='bbox 761 995 960 1049; x_wconf 83' lang='lat' dir='ltr'>absolute,</span> <span class='ocrx_word' id='word_1_109' title='bbox 993 995 1063 1037; x_wconf 92' lang='lat' dir='ltr'>sed</span> <span class='ocrx_word' id='word_1_110' title='bbox 1103 993 1340 1050; x_wconf 89' lang='lat' dir='ltr'>repellendo</span> <span class='ocrx_word' id='word_1_111' title='bbox 1374 1006 1444 1036; x_wconf 85' lang='lat' dir='ltr'>eas</span> <span class='ocrx_word' id='word_1_112' title='bbox 1479 996 1515 1036; x_wconf 89' lang='lat' dir='ltr'>in</span> <span class='ocrx_word' id='word_1_113' title='bbox 1543 1006 1759 1049; x_wconf 80' lang='lat' dir='ltr'>personam</span> 
     </span>
     <span class='ocr_line' id='line_1_14' title="bbox 130 1064 1761 1123; baseline -0.002 -12"><span class='ocrx_word' id='word_1_114' title='bbox 130 1068 412 1112; x_wconf 83' lang='lat' dir='ltr'>contrahentis</span> <span class='ocrx_word' id='word_1_115' title='bbox 445 1067 806 1110; x_wconf 83' lang='lat' dir='ltr'>administratoris.</span> <span class='ocrx_word' id='word_1_116' title='bbox 842 1067 908 1110; x_wconf 88' lang='lat' dir='ltr'>Sic</span> <span class='ocrx_word' id='word_1_117' title='bbox 941 1068 1049 1110; x_wconf 89' lang='lat' dir='ltr'>enim</span> <span class='ocrx_word' id='word_1_118' title='bbox 1076 1068 1341 1123; x_wconf 83' lang='lat' dir='ltr'>prosequitur</span> <span class='ocrx_word' id='word_1_119' title='bbox 1364 1064 1482 1108; x_wconf 87' lang='lat' dir='ltr'>Alex.</span> <span class='ocrx_word' id='word_1_120' title='bbox 1507 1064 1557 1107; x_wconf 95' lang='lat' dir='ltr'>lll</span> <span class='ocrx_word' id='word_1_121' title='bbox 1584 1067 1620 1107; x_wconf 86' lang='lat' dir='ltr'>in</span> <span class='ocrx_word' id='word_1_122' title='bbox 1648 1068 1761 1108; x_wconf 78' lang='lat' dir='ltr'>textu</span> 
     </span>
     <span class='ocr_line' id='line_1_15' title="bbox 132 1135 1759 1190; baseline -0.003 -7"><span class='ocrx_word' id='word_1_123' title='bbox 132 1139 412 1183; x_wconf 89' lang='lat' dir='ltr'>Decretalium</span> <span class='ocrx_word' id='word_1_124' title='bbox 447 1141 595 1182; x_wconf 89' lang='lat' dir='ltr'>citato:</span> <span class='ocrx_word' id='word_1_125' title='bbox 636 1136 886 1190; x_wconf 82' lang='lat' dir='ltr'>«Quocirca</span> <span class='ocrx_word' id='word_1_126' title='bbox 920 1138 1145 1181; x_wconf 79' lang='lat' dir='ltr'>suademus</span> <span class='ocrx_word' id='word_1_127' title='bbox 1179 1141 1222 1180; x_wconf 89' lang='lat' dir='ltr'>ut</span> <span class='ocrx_word' id='word_1_128' title='bbox 1256 1139 1294 1178; x_wconf 93' lang='lat' dir='ltr'>in</span> <span class='ocrx_word' id='word_1_129' title='bbox 1331 1135 1445 1179; x_wconf 93' lang='lat' dir='ltr'>illum</span> <span class='ocrx_word' id='word_1_130' title='bbox 1482 1137 1612 1179; x_wconf 85' lang='lat' dir='ltr'>l&#39;urem</span> <span class='ocrx_word' id='word_1_131' title='bbox 1650 1141 1759 1179; x_wconf 89' lang='lat' dir='ltr'>tuam</span> 
     </span>
     <span class='ocr_line' id='line_1_16' title="bbox 128 1206 1761 1267; baseline -0.002 -13"><span class='ocrx_word' id='word_1_132' title='bbox 128 1211 285 1267; x_wconf 83' lang='lat' dir='ltr'>dirigas</span> <span class='ocrx_word' id='word_1_133' title='bbox 318 1212 539 1263; x_wconf 77' lang='lat' dir='ltr'>actionem,</span> <span class='ocrx_word' id='word_1_134' title='bbox 573 1223 620 1253; x_wconf 90' lang='lat' dir='ltr'>eo</span> <span class='ocrx_word' id='word_1_135' title='bbox 653 1209 761 1266; x_wconf 91' lang='lat' dir='ltr'>quod</span> <span class='ocrx_word' id='word_1_136' title='bbox 795 1212 853 1263; x_wconf 86' lang='lat' dir='ltr'>(ut</span> <span class='ocrx_word' id='word_1_137' title='bbox 888 1208 1146 1265; x_wconf 85' lang='lat' dir='ltr'>audivimus)</span> <span class='ocrx_word' id='word_1_138' title='bbox 1171 1208 1328 1251; x_wconf 86' lang='lat' dir='ltr'>loculos</span> <span class='ocrx_word' id='word_1_139' title='bbox 1350 1206 1496 1251; x_wconf 82' lang='lat' dir='ltr'>habet:</span> <span class='ocrx_word' id='word_1_140' title='bbox 1522 1212 1560 1250; x_wconf 90' lang='lat' dir='ltr'>et</span> <span class='ocrx_word' id='word_1_141' title='bbox 1584 1220 1630 1250; x_wconf 90' lang='lat' dir='ltr'>ea</span> <span class='ocrx_word' id='word_1_142' title='bbox 1655 1220 1761 1264; x_wconf 88' lang='lat' dir='ltr'>quae</span> 
     </span>
     <span class='ocr_line' id='line_1_17' title="bbox 128 1278 1759 1337; baseline -0.002 -12"><span class='ocrx_word' id='word_1_143' title='bbox 128 1281 199 1326; x_wconf 86' lang='lat' dir='ltr'>tibi</span> <span class='ocrx_word' id='word_1_144' title='bbox 234 1281 429 1337; x_wconf 83' lang='lat' dir='ltr'>subrepta</span> <span class='ocrx_word' id='word_1_145' title='bbox 465 1285 572 1333; x_wconf 83' lang='lat' dir='ltr'>sunt,</span> <span class='ocrx_word' id='word_1_146' title='bbox 607 1282 849 1336; x_wconf 77' lang='lat' dir='ltr'>asportavit.</span> <span class='ocrx_word' id='word_1_147' title='bbox 884 1280 985 1324; x_wconf 84' lang='lat' dir='ltr'>Nam</span> <span class='ocrx_word' id='word_1_148' title='bbox 1021 1285 1058 1323; x_wconf 90' lang='lat' dir='ltr'>et</span> <span class='ocrx_word' id='word_1_149' title='bbox 1095 1278 1303 1323; x_wconf 88' lang='lat' dir='ltr'>iudicibus</span> <span class='ocrx_word' id='word_1_150' title='bbox 1346 1279 1539 1322; x_wconf 84' lang='lat' dir='ltr'>dedimus</span> <span class='ocrx_word' id='word_1_151' title='bbox 1573 1280 1610 1320; x_wconf 90' lang='lat' dir='ltr'>in</span> <span class='ocrx_word' id='word_1_152' title='bbox 1647 1291 1759 1321; x_wconf 90' lang='lat' dir='ltr'>man-</span> 
     </span>
     <span class='ocr_line' id='line_1_18' title="bbox 127 1349 1760 1409; baseline -0.003 -13"><span class='ocrx_word' id='word_1_153' title='bbox 127 1352 247 1406; x_wconf 85' lang='lat' dir='ltr'>datis,</span> <span class='ocrx_word' id='word_1_154' title='bbox 284 1356 326 1395; x_wconf 90' lang='lat' dir='ltr'>ut</span> <span class='ocrx_word' id='word_1_155' title='bbox 360 1351 475 1395; x_wconf 91' lang='lat' dir='ltr'>illum</span> <span class='ocrx_word' id='word_1_156' title='bbox 527 1353 714 1409; x_wconf 89' lang='lat' dir='ltr'>iniquum</span> <span class='ocrx_word' id='word_1_157' title='bbox 764 1350 840 1394; x_wconf 87' lang='lat' dir='ltr'>sub</span> <span class='ocrx_word' id='word_1_158' title='bbox 888 1350 1199 1408; x_wconf 89' lang='lat' dir='ltr'>quaestionibus</span> <span class='ocrx_word' id='word_1_159' title='bbox 1245 1349 1295 1393; x_wconf 89' lang='lat' dir='ltr'>ad</span> <span class='ocrx_word' id='word_1_160' title='bbox 1343 1351 1542 1393; x_wconf 84' lang='lat' dir='ltr'>rationem</span> <span class='ocrx_word' id='word_1_161' title='bbox 1595 1353 1760 1405; x_wconf 89' lang='lat' dir='ltr'>ponant,</span> 
     </span>
     <span class='ocr_line' id='line_1_19' title="bbox 128 1419 1761 1479; baseline -0.002 -13"><span class='ocrx_word' id='word_1_162' title='bbox 128 1425 251 1466; x_wconf 90' lang='lat' dir='ltr'>etiam</span> <span class='ocrx_word' id='word_1_163' title='bbox 275 1423 324 1479; x_wconf 89' lang='lat' dir='ltr'>(si</span> <span class='ocrx_word' id='word_1_164' title='bbox 359 1422 605 1479; x_wconf 72' lang='lat' dir='ltr'>oportuerit)</span> <span class='ocrx_word' id='word_1_165' title='bbox 641 1421 818 1465; x_wconf 82' lang='lat' dir='ltr'>vinculis</span> <span class='ocrx_word' id='word_1_166' title='bbox 851 1421 1079 1478; x_wconf 84' lang='lat' dir='ltr'>alligatum,</span> <span class='ocrx_word' id='word_1_167' title='bbox 1107 1425 1148 1464; x_wconf 85' lang='lat' dir='ltr'>ut</span> <span class='ocrx_word' id='word_1_168' title='bbox 1171 1421 1323 1464; x_wconf 87' lang='lat' dir='ltr'>dictam</span> <span class='ocrx_word' id='word_1_169' title='bbox 1347 1422 1563 1476; x_wconf 82' lang='lat' dir='ltr'>pecuniam</span> <span class='ocrx_word' id='word_1_170' title='bbox 1587 1419 1761 1463; x_wconf 89' lang='lat' dir='ltr'>reddere</span> 
     </span>
     <span class='ocr_line' id='line_1_20' title="bbox 128 1490 1758 1550; baseline -0.002 -14"><span class='ocrx_word' id='word_1_171' title='bbox 128 1494 402 1550; x_wconf 90' lang='lat' dir='ltr'>compellatur</span> <span class='ocrx_word' id='word_1_172' title='bbox 426 1509 464 1538; x_wconf 85' lang='lat'>».</span> <span class='ocrx_word' id='word_1_173' title='bbox 499 1493 577 1537; x_wconf 82' lang='lat' dir='ltr'>Sed</span> <span class='ocrx_word' id='word_1_174' title='bbox 614 1495 755 1536; x_wconf 87' lang='lat' dir='ltr'>instari</span> <span class='ocrx_word' id='word_1_175' title='bbox 792 1497 924 1549; x_wconf 88' lang='lat' dir='ltr'>potest</span> <span class='ocrx_word' id='word_1_176' title='bbox 956 1495 1151 1535; x_wconf 88' lang='lat' dir='ltr'>iniustum</span> <span class='ocrx_word' id='word_1_177' title='bbox 1187 1505 1291 1545; x_wconf 90' lang='lat' dir='ltr'>esse,</span> <span class='ocrx_word' id='word_1_178' title='bbox 1317 1496 1358 1533; x_wconf 92' lang='lat' dir='ltr'>ut</span> <span class='ocrx_word' id='word_1_179' title='bbox 1382 1490 1631 1534; x_wconf 83' lang='lat' dir='ltr'>contrahens</span> <span class='ocrx_word' id='word_1_180' title='bbox 1663 1504 1758 1534; x_wconf 90' lang='lat' dir='ltr'>cum</span> 
     </span>
     <span class='ocr_line' id='line_1_21' title="bbox 127 1562 1758 1620; baseline -0.002 -12"><span class='ocrx_word' id='word_1_181' title='bbox 127 1565 462 1608; x_wconf 86' lang='lat' dir='ltr'>administratore</span> <span class='ocrx_word' id='word_1_182' title='bbox 498 1563 699 1608; x_wconf 90' lang='lat' dir='ltr'>bonorum</span> <span class='ocrx_word' id='word_1_183' title='bbox 735 1563 1111 1607; x_wconf 83' lang='lat' dir='ltr'>ecclesiasticorum</span> <span class='ocrx_word' id='word_1_184' title='bbox 1146 1575 1226 1620; x_wconf 90' lang='lat' dir='ltr'>qna</span> <span class='ocrx_word' id='word_1_185' title='bbox 1262 1563 1346 1614; x_wconf 84' lang='lat' dir='ltr'>tali,</span> <span class='ocrx_word' id='word_1_186' title='bbox 1385 1562 1570 1619; x_wconf 88' lang='lat' dir='ltr'>alioquin</span> <span class='ocrx_word' id='word_1_187' title='bbox 1605 1563 1655 1605; x_wconf 91' lang='lat' dir='ltr'>ad</span> <span class='ocrx_word' id='word_1_188' title='bbox 1679 1562 1758 1605; x_wconf 89' lang='lat' dir='ltr'>sol-</span> 
     </span>
     <span class='ocr_line' id='line_1_22' title="bbox 130 1633 1756 1692; baseline 0 -16"><span class='ocrx_word' id='word_1_189' title='bbox 130 1635 310 1679; x_wconf 77' lang='lat' dir='ltr'>rendum</span> <span class='ocrx_word' id='word_1_190' title='bbox 360 1638 602 1692; x_wconf 88' lang='lat' dir='ltr'>impotente,</span> <span class='ocrx_word' id='word_1_191' title='bbox 649 1635 864 1679; x_wconf 79' lang='lat' dir='ltr'>fraudetur</span> <span class='ocrx_word' id='word_1_192' title='bbox 912 1636 1000 1678; x_wconf 88' lang='lat' dir='ltr'>iure</span> <span class='ocrx_word' id='word_1_193' title='bbox 1048 1648 1122 1677; x_wconf 92' lang='lat' dir='ltr'>suo</span> <span class='ocrx_word' id='word_1_194' title='bbox 1172 1647 1244 1691; x_wconf 89' lang='lat' dir='ltr'>per</span> <span class='ocrx_word' id='word_1_195' title='bbox 1281 1638 1539 1677; x_wconf 84' lang='lat' dir='ltr'>contractum</span> <span class='ocrx_word' id='word_1_196' title='bbox 1575 1633 1756 1677; x_wconf 86' lang='lat' dir='ltr'>obtento.</span> 
     </span>
     <span class='ocr_line' id='line_1_23' title="bbox 125 1704 1758 1762; baseline -0.001 -13"><span class='ocrx_word' id='word_1_197' title='bbox 125 1705 415 1762; x_wconf 66' lang='lat' dir='ltr'>Resprmdetur</span> <span class='ocrx_word' id='word_1_198' title='bbox 449 1708 689 1749; x_wconf 86' lang='lat' dir='ltr'>iniustitiam</span> <span class='ocrx_word' id='word_1_199' title='bbox 726 1719 775 1749; x_wconf 83' lang='lat' dir='ltr'>ex</span> <span class='ocrx_word' id='word_1_200' title='bbox 813 1710 927 1762; x_wconf 89' lang='lat' dir='ltr'>parte</span> <span class='ocrx_word' id='word_1_201' title='bbox 970 1705 1182 1749; x_wconf 87' lang='lat' dir='ltr'>Ecclesiae</span> <span class='ocrx_word' id='word_1_202' title='bbox 1224 1704 1369 1748; x_wconf 82' lang='lat' dir='ltr'>abesse</span> <span class='ocrx_word' id='word_1_203' title='bbox 1408 1707 1446 1747; x_wconf 89' lang='lat' dir='ltr'>in</span> <span class='ocrx_word' id='word_1_204' title='bbox 1483 1704 1559 1747; x_wconf 90' lang='lat' dir='ltr'>hoc</span> <span class='ocrx_word' id='word_1_205' title='bbox 1593 1717 1758 1762; x_wconf 91' lang='lat' dir='ltr'>quoque</span> 
     </span>
     <span class='ocr_line' id='line_1_24' title="bbox 124 1775 1760 1832; baseline -0.001 -12"><span class='ocrx_word' id='word_1_206' title='bbox 124 1789 236 1832; x_wconf 85' lang='lat' dir='ltr'>casu,</span> <span class='ocrx_word' id='word_1_207' title='bbox 272 1790 365 1820; x_wconf 89' lang='lat' dir='ltr'>nam</span> <span class='ocrx_word' id='word_1_208' title='bbox 400 1777 650 1820; x_wconf 88' lang='lat' dir='ltr'>contrahens</span> <span class='ocrx_word' id='word_1_209' title='bbox 689 1777 825 1820; x_wconf 86' lang='lat' dir='ltr'>taliter</span> <span class='ocrx_word' id='word_1_210' title='bbox 848 1790 927 1820; x_wconf 89' lang='lat' dir='ltr'>non</span> <span class='ocrx_word' id='word_1_211' title='bbox 954 1776 1175 1821; x_wconf 77' lang='lat' dir='ltr'>observato</span> <span class='ocrx_word' id='word_1_212' title='bbox 1201 1778 1289 1819; x_wconf 90' lang='lat' dir='ltr'>iure</span> <span class='ocrx_word' id='word_1_213' title='bbox 1312 1778 1528 1829; x_wconf 85' lang='lat' dir='ltr'>canonico,</span> <span class='ocrx_word' id='word_1_214' title='bbox 1552 1788 1632 1832; x_wconf 93' lang='lat' dir='ltr'>quo</span> <span class='ocrx_word' id='word_1_215' title='bbox 1658 1775 1760 1819; x_wconf 91' lang='lat' dir='ltr'>tales</span> 
     </span>
     <span class='ocr_line' id='line_1_25' title="bbox 124 1847 1757 1904; baseline -0.001 -13"><span class='ocrx_word' id='word_1_216' title='bbox 124 1852 362 1891; x_wconf 88' lang='lat' dir='ltr'>contractus</span> <span class='ocrx_word' id='word_1_217' title='bbox 395 1852 609 1904; x_wconf 87' lang='lat' dir='ltr'>reguntur,</span> <span class='ocrx_word' id='word_1_218' title='bbox 645 1847 721 1892; x_wconf 87' lang='lat' dir='ltr'>sibi</span> <span class='ocrx_word' id='word_1_219' title='bbox 756 1847 879 1891; x_wconf 87' lang='lat' dir='ltr'>debet</span> <span class='ocrx_word' id='word_1_220' title='bbox 913 1849 1113 1891; x_wconf 88' lang='lat' dir='ltr'>damnum</span> <span class='ocrx_word' id='word_1_221' title='bbox 1148 1847 1249 1890; x_wconf 91' lang='lat' dir='ltr'>illud</span> <span class='ocrx_word' id='word_1_222' title='bbox 1284 1849 1616 1903; x_wconf 87' lang='lat' dir='ltr'>imputare,nam</span> <span class='ocrx_word' id='word_1_223' title='bbox 1644 1848 1757 1890; x_wconf 87' lang='lat' dir='ltr'>iuxta</span> 
     </span>
     <span class='ocr_line' id='line_1_26' title="bbox 125 1918 1589 1975; baseline 0.001 -14"><span class='ocrx_word' id='word_1_224' title='bbox 125 1932 210 1974; x_wconf 88' lang='lat' dir='ltr'>reg.</span> <span class='ocrx_word' id='word_1_225' title='bbox 244 1919 348 1961; x_wconf 88' lang='lat' dir='ltr'>iuris</span> <span class='ocrx_word' id='word_1_226' title='bbox 384 1918 434 1961; x_wconf 85' lang='lat'>13</span> <span class='ocrx_word' id='word_1_227' title='bbox 470 1921 509 1961; x_wconf 88' lang='lat' dir='ltr'>in</span> <span class='ocrx_word' id='word_1_228' title='bbox 545 1920 607 1962; x_wconf 79' lang='lat'>6⁰:</span> <span class='ocrx_word' id='word_1_229' title='bbox 650 1919 929 1975; x_wconf 79' lang='lat' dir='ltr'>«Ignorantia</span> <span class='ocrx_word' id='word_1_230' title='bbox 964 1919 1076 1970; x_wconf 81' lang='lat' dir='ltr'>facti,</span> <span class='ocrx_word' id='word_1_231' title='bbox 1109 1931 1187 1961; x_wconf 90' lang='lat' dir='ltr'>non</span> <span class='ocrx_word' id='word_1_232' title='bbox 1223 1919 1324 1960; x_wconf 90' lang='lat' dir='ltr'>iuris</span> <span class='ocrx_word' id='word_1_233' title='bbox 1357 1922 1589 1962; x_wconf 81' lang='lat' dir='ltr'>excusat».</span> 
     </span>
    </p>

    <p class='ocr_par' dir='ltr' id='par_1_5' title="bbox 120 1989 1758 2967">
     <span class='ocr_line' id='line_1_27' title="bbox 242 1989 1754 2047; baseline 0.001 -17"><span class='ocrx_word' id='word_1_234' title='bbox 242 1989 339 2031; x_wconf 67' lang='lat'>442.</span> <span class='ocrx_word' id='word_1_235' title='bbox 376 1991 596 2036; x_wconf 80' lang='lat' dir='ltr'>Effectus</span> <span class='ocrx_word' id='word_1_236' title='bbox 638 1992 926 2047; x_wconf 84' lang='lat' dir='ltr'>illegitimae</span> <span class='ocrx_word' id='word_1_237' title='bbox 965 1991 1267 2036; x_wconf 87' lang='lat' dir='ltr'>dimissionis</span> <span class='ocrx_word' id='word_1_238' title='bbox 1308 1991 1525 2035; x_wconf 86' lang='lat' dir='ltr'>muneris</span> <span class='ocrx_word' id='word_1_239' title='bbox 1564 1991 1602 2032; x_wconf 91' lang='lat' dir='ltr'>in</span> <span class='ocrx_word' id='word_1_240' title='bbox 1643 2003 1754 2033; x_wconf 85' lang='lat' dir='ltr'>eom-</span> 
     </span>
     <span class='ocr_line' id='line_1_28' title="bbox 125 2058 1754 2115; baseline 0.001 -14"><span class='ocrx_word' id='word_1_241' title='bbox 125 2059 376 2115; x_wconf 90' lang='lat' dir='ltr'>plementum</span> <span class='ocrx_word' id='word_1_242' title='bbox 412 2058 535 2103; x_wconf 90' lang='lat' dir='ltr'>huius</span> <span class='ocrx_word' id='word_1_243' title='bbox 567 2060 673 2104; x_wconf 90' lang='lat' dir='ltr'>tituli</span> <span class='ocrx_word' id='word_1_244' title='bbox 707 2063 903 2104; x_wconf 79' lang='lat' dir='ltr'>enunciat</span> <span class='ocrx_word' id='word_1_245' title='bbox 942 2075 1034 2103; x_wconf 62' lang='lat' dir='ltr'>caiz.</span> <span class='ocrx_word' id='word_1_246' title='bbox 1079 2061 1217 2103; x_wconf 68' lang='lat'><em>1598.</em></span> <span class='ocrx_word' id='word_1_247' title='bbox 1261 2058 1358 2103; x_wconf 70' lang='lat' dir='ltr'>Etsi</span> <span class='ocrx_word' id='word_1_248' title='bbox 1391 2059 1446 2102; x_wconf 80' lang='lat' dir='ltr'>ad</span> <span class='ocrx_word' id='word_1_249' title='bbox 1479 2059 1754 2103; x_wconf 68' lang='lat' dir='ltr'>administra-</span> 
     </span>
     <span class='ocr_line' id='line_1_29' title="bbox 125 2130 1758 2182; baseline 0.001 -9"><span class='ocrx_word' id='word_1_250' title='bbox 125 2130 278 2174; x_wconf 71' lang='lat' dir='ltr'>tionem</span> <span class='ocrx_word' id='word_1_251' title='bbox 312 2130 389 2174; x_wconf 90' lang='lat' dir='ltr'>hoc</span> <span class='ocrx_word' id='word_1_252' title='bbox 423 2130 542 2174; x_wconf 88' lang='lat' dir='ltr'>titulo</span> <span class='ocrx_word' id='word_1_253' title='bbox 575 2131 832 2175; x_wconf 88' lang='lat' dir='ltr'>moderatam</span> <span class='ocrx_word' id='word_1_254' title='bbox 866 2145 949 2175; x_wconf 74' lang='lat' dir='ltr'>non</span> <span class='ocrx_word' id='word_1_255' title='bbox 984 2137 1221 2182; x_wconf 72' lang='lat' dir='ltr'>teneantur,</span> <span class='ocrx_word' id='word_1_256' title='bbox 1255 2135 1294 2174; x_wconf 89' lang='lat' dir='ltr'>et</span> <span class='ocrx_word' id='word_1_257' title='bbox 1333 2130 1429 2174; x_wconf 90' lang='lat' dir='ltr'>hinc</span> <span class='ocrx_word' id='word_1_258' title='bbox 1463 2143 1484 2174; x_wconf 89' lang='lat' dir='ltr'>a</span> <span class='ocrx_word' id='word_1_259' title='bbox 1517 2144 1639 2174; x_wconf 91' lang='lat' dir='ltr'>sensu</span> <span class='ocrx_word' id='word_1_260' title='bbox 1665 2145 1758 2175; x_wconf 90' lang='lat' dir='ltr'>con-</span> 
     </span>
     <span class='ocr_line' id='line_1_30' title="bbox 124 2200 1752 2259; baseline 0.001 -15"><span class='ocrx_word' id='word_1_261' title='bbox 124 2203 250 2244; x_wconf 87' lang='lat' dir='ltr'>trario</span> <span class='ocrx_word' id='word_1_262' title='bbox 283 2204 530 2258; x_wconf 81' lang='lat' dir='ltr'>supponitur</span> <span class='ocrx_word' id='word_1_263' title='bbox 564 2202 613 2245; x_wconf 91' lang='lat' dir='ltr'>ad</span> <span class='ocrx_word' id='word_1_264' title='bbox 649 2215 741 2245; x_wconf 89' lang='lat' dir='ltr'>eam</span> <span class='ocrx_word' id='word_1_265' title='bbox 775 2202 901 2259; x_wconf 87' lang='lat' dir='ltr'>aliqui</span> <span class='ocrx_word' id='word_1_266' title='bbox 936 2205 1066 2246; x_wconf 87' lang='lat' dir='ltr'>teneri</span> <span class='ocrx_word' id='word_1_267' title='bbox 1103 2200 1226 2244; x_wconf 75' lang='lat' dir='ltr'>titulo</span> <span class='ocrx_word' id='word_1_268' title='bbox 1267 2215 1341 2244; x_wconf 89' lang='lat' dir='ltr'>seu</span> <span class='ocrx_word' id='word_1_269' title='bbox 1375 2203 1533 2245; x_wconf 89' lang='lat' dir='ltr'>ratione</span> <span class='ocrx_word' id='word_1_270' title='bbox 1566 2202 1605 2255; x_wconf 78' lang='lat' dir='ltr'>a)</span> <span class='ocrx_word' id='word_1_271' title='bbox 1638 2200 1752 2245; x_wconf 74' lang='lat' dir='ltr'>bene-</span> 
     </span>
     <span class='ocr_line' id='line_1_31' title="bbox 123 2272 1753 2331; baseline 0.001 -16"><span class='ocrx_word' id='word_1_272' title='bbox 123 2272 209 2329; x_wconf 76' lang='lat' dir='ltr'>ficii</span> <span class='ocrx_word' id='word_1_273' title='bbox 241 2272 292 2317; x_wconf 89' lang='lat' dir='ltr'>ob</span> <span class='ocrx_word' id='word_1_274' title='bbox 325 2286 527 2316; x_wconf 81' lang='lat' dir='ltr'>canonem</span> <span class='ocrx_word' id='word_1_275' title='bbox 568 2273 696 2329; x_wconf 76' lang='lat'>1476,</span> <span class='ocrx_word' id='word_1_276' title='bbox 730 2276 755 2328; x_wconf 65' lang='grc' dir='ltr'><strong>ἓ</strong></span> <span class='ocrx_word' id='word_1_277' title='bbox 789 2274 807 2316; x_wconf 85' lang='grc'><strong>1</strong></span> <span class='ocrx_word' id='word_1_278' title='bbox 847 2273 892 2326; x_wconf 88' lang='lat' dir='ltr'>b)</span> <span class='ocrx_word' id='word_1_279' title='bbox 924 2273 987 2317; x_wconf 81' lang='lat' dir='ltr'>vel</span> <span class='ocrx_word' id='word_1_280' title='bbox 1024 2273 1148 2331; x_wconf 75' lang='lat' dir='ltr'>officii</span> <span class='ocrx_word' id='word_1_281' title='bbox 1186 2272 1463 2316; x_wconf 75' lang='lat' dir='ltr'>ecclesiastici</span> <span class='ocrx_word' id='word_1_282' title='bbox 1505 2275 1627 2316; x_wconf 89' lang='lat' dir='ltr'>etiam</span> <span class='ocrx_word' id='word_1_283' title='bbox 1674 2273 1753 2316; x_wconf 91' lang='lat' dir='ltr'>lato</span> 
     </span>
     <span class='ocr_line' id='line_1_32' title="bbox 123 2342 1753 2401; baseline 0.001 -15"><span class='ocrx_word' id='word_1_284' title='bbox 123 2355 260 2398; x_wconf 88' lang='lat' dir='ltr'>sensu,</span> <span class='ocrx_word' id='word_1_285' title='bbox 294 2356 511 2401; x_wconf 89' lang='lat' dir='ltr'>quousque</span> <span class='ocrx_word' id='word_1_286' title='bbox 546 2346 583 2386; x_wconf 91' lang='lat' dir='ltr'>in</span> <span class='ocrx_word' id='word_1_287' title='bbox 621 2345 823 2388; x_wconf 84' lang='lat' dir='ltr'>beneficio</span> <span class='ocrx_word' id='word_1_288' title='bbox 858 2344 921 2388; x_wconf 90' lang='lat' dir='ltr'>vel</span> <span class='ocrx_word' id='word_1_289' title='bbox 961 2359 981 2385; x_wconf 72' lang='lat' dir='ltr'>&lt;c</span> <span class='ocrx_word' id='word_1_290' title='bbox 1004 2344 1138 2387; x_wconf 86' lang='lat' dir='ltr'>officio</span> <span class='ocrx_word' id='word_1_291' title='bbox 1188 2348 1472 2400; x_wconf 86' lang='lat' dir='ltr'>permaneat»</span> <span class='ocrx_word' id='word_1_292' title='bbox 1511 2342 1620 2400; x_wconf 88' lang='lat' dir='ltr'>(can.</span> <span class='ocrx_word' id='word_1_293' title='bbox 1658 2344 1753 2397; x_wconf 80' lang='grc'>190,</span> 
     </span>
     <span class='ocr_line' id='line_1_33' title="bbox 122 2413 1754 2472; baseline 0 -15"><span class='ocrx_word' id='word_1_294' title='bbox 122 2413 150 2472; x_wconf 67' lang='grc' dir='ltr'>ἓ</span> <span class='ocrx_word' id='word_1_295' title='bbox 183 2413 245 2469; x_wconf 66' lang='lat'>2);</span> <span class='ocrx_word' id='word_1_296' title='bbox 280 2418 443 2470; x_wconf 89' lang='lat' dir='ltr'>praeter</span> <span class='ocrx_word' id='word_1_297' title='bbox 486 2414 559 2458; x_wconf 82' lang='lat' dir='ltr'>hos</span> <span class='ocrx_word' id='word_1_298' title='bbox 602 2416 729 2472; x_wconf 87' lang='lat' dir='ltr'>igitur</span> <span class='ocrx_word' id='word_1_299' title='bbox 767 2417 889 2459; x_wconf 90' lang='lat' dir='ltr'>etiam</span> <span class='ocrx_word' id='word_1_300' title='bbox 925 2414 966 2472; x_wconf 87' lang='lat' dir='ltr'>c)</span> <span class='ocrx_word' id='word_1_301' title='bbox 998 2414 1370 2458; x_wconf 73' lang='lat' dir='ltr'>(iclim&#39;nislratores</span> <span class='ocrx_word' id='word_1_302' title='bbox 1404 2416 1530 2457; x_wconf 87' lang='lat' dir='ltr'>ceteri</span> <span class='ocrx_word' id='word_1_303' title='bbox 1574 2414 1646 2472; x_wconf 73' lang='lat' dir='ltr'>qui</span> <span class='ocrx_word' id='word_1_304' title='bbox 1683 2414 1754 2457; x_wconf 89' lang='lat' dir='ltr'>hu-</span> 
     </span>
     <span class='ocr_line' id='line_1_34' title="bbox 124 2484 1751 2542; baseline 0 -15"><span class='ocrx_word' id='word_1_305' title='bbox 124 2484 300 2528; x_wconf 90' lang='lat' dir='ltr'>iusmodi</span> <span class='ocrx_word' id='word_1_306' title='bbox 334 2499 483 2528; x_wconf 62' lang='lat' dir='ltr'>nucinas</span> <span class='ocrx_word' id='word_1_307' title='bbox 516 2485 567 2529; x_wconf 91' lang='lat' dir='ltr'>ad</span> <span class='ocrx_word' id='word_1_308' title='bbox 602 2498 789 2530; x_wconf 89' lang='lat' dir='ltr'>normam</span> <span class='ocrx_word' id='word_1_309' title='bbox 824 2498 914 2530; x_wconf 90' lang='lat' dir='ltr'>can.</span> <span class='ocrx_word' id='word_1_310' title='bbox 951 2486 1058 2529; x_wconf 70' lang='lat'>1521</span> <span class='ocrx_word' id='word_1_311' title='bbox 1102 2498 1298 2542; x_wconf 68' lang='lat' dir='ltr'>eoepresse</span> <span class='ocrx_word' id='word_1_312' title='bbox 1344 2484 1496 2538; x_wconf 85' lang='lat' dir='ltr'>verbis,</span> <span class='ocrx_word' id='word_1_313' title='bbox 1539 2485 1751 2542; x_wconf 87' lang='lat' dir='ltr'>aequipol-</span> 
     </span>
     <span class='ocr_line' id='line_1_35' title="bbox 124 2554 1752 2614; baseline 0.001 -16"><span class='ocrx_word' id='word_1_314' title='bbox 124 2554 384 2614; x_wconf 87' lang='lat' dir='ltr'>lentibusque</span> <span class='ocrx_word' id='word_1_315' title='bbox 417 2558 545 2613; x_wconf 88' lang='lat' dir='ltr'>signis</span> <span class='ocrx_word' id='word_1_316' title='bbox 578 2556 641 2599; x_wconf 71' lang='lat' dir='ltr'>vel</span> <span class='ocrx_word' id='word_1_317' title='bbox 675 2556 802 2600; x_wconf 80' lang='lat' dir='ltr'>tacite</span> <span class='ocrx_word' id='word_1_318' title='bbox 838 2556 1032 2600; x_wconf 67' lang='lat' dir='ltr'>videlicet</span> <span class='ocrx_word' id='word_1_319' title='bbox 1075 2558 1180 2600; x_wconf 84' lang='lat' dir='ltr'>lacto</span> <span class='ocrx_word' id='word_1_320' title='bbox 1223 2561 1459 2613; x_wconf 73' lang='lat' dir='ltr'>susceptum</span> <span class='ocrx_word' id='word_1_321' title='bbox 1498 2568 1545 2599; x_wconf 89' lang='lat' dir='ltr'>ac</span> <span class='ocrx_word' id='word_1_322' title='bbox 1581 2556 1752 2612; x_wconf 88' lang='lat' dir='ltr'>proinde</span> 
     </span>
     <span class='ocr_line' id='line_1_36' title="bbox 127 2619 1751 2684; baseline 0.001 -16"><span class='ocrx_word' id='word_1_323' title='bbox 127 2625 369 2679; x_wconf 73' lang='lat' dir='ltr'>voluntar1e‚</span> <span class='ocrx_word' id='word_1_324' title='bbox 402 2629 434 2670; x_wconf 91' lang='lat' dir='ltr'>si</span> <span class='ocrx_word' id='word_1_325' title='bbox 468 2625 510 2684; x_wconf 93' lang='lat' dir='ltr'>a)</span> <span class='ocrx_word' id='word_1_326' title='bbox 544 2627 759 2671; x_wconf 76' lang='lat' dir='ltr'>arbitratu</span> <span class='ocrx_word' id='word_1_327' title='bbox 802 2642 876 2671; x_wconf 82' lang='lat' dir='ltr'>suo</span> <span class='ocrx_word' id='word_1_328' title='bbox 920 2619 1172 2672; x_wconf 68' lang='lat' dir='ltr'>idest1‘non</span> <span class='ocrx_word' id='word_1_329' title='bbox 1214 2627 1519 2670; x_wconf 75' lang='lat' dir='ltr'>interveniente</span> <span class='ocrx_word' id='word_1_330' title='bbox 1563 2629 1650 2669; x_wconf 92' lang='lat' dir='ltr'>iure</span> <span class='ocrx_word' id='word_1_331' title='bbox 1688 2625 1751 2670; x_wconf 79' lang='lat' dir='ltr'>rel</span> 
     </span>
     <span class='ocr_line' id='line_1_37' title="bbox 124 2696 1750 2753; baseline 0 -14"><span class='ocrx_word' id='word_1_332' title='bbox 124 2696 335 2740; x_wconf 70' lang='lat' dir='ltr'>voluntate</span> <span class='ocrx_word' id='word_1_333' title='bbox 369 2697 603 2753; x_wconf 88' lang='lat' dir='ltr'>Superioris</span> <span class='ocrx_word' id='word_1_334' title='bbox 636 2698 903 2742; x_wconf 88' lang='lat' dir='ltr'>ecclesiastici</span> <span class='ocrx_word' id='word_1_335' title='bbox 947 2699 997 2742; x_wconf 90' lang='lat' dir='ltr'>ad</span> <span class='ocrx_word' id='word_1_336' title='bbox 1034 2698 1142 2742; x_wconf 89' lang='lat' dir='ltr'>illius</span> <span class='ocrx_word' id='word_1_337' title='bbox 1182 2697 1435 2741; x_wconf 88' lang='lat' dir='ltr'>dimissionis</span> <span class='ocrx_word' id='word_1_338' title='bbox 1481 2696 1750 2752; x_wconf 71' lang='lat' dir='ltr'>validitatem,</span> 
     </span>
     <span class='ocr_line' id='line_1_38' title="bbox 121 2766 1751 2825; baseline -0.001 -15"><span class='ocrx_word' id='word_1_339' title='bbox 121 2772 246 2825; x_wconf 89' lang='lat' dir='ltr'>atque</span> <span class='ocrx_word' id='word_1_340' title='bbox 278 2766 320 2823; x_wconf 81' lang='lat' dir='ltr'>b)</span> <span class='ocrx_word' id='word_1_341' title='bbox 355 2767 416 2810; x_wconf 78' lang='lat' dir='ltr'>ita</span> <span class='ocrx_word' id='word_1_342' title='bbox 449 2772 494 2810; x_wconf 81' lang='lat' dir='ltr'>ut</span> <span class='ocrx_word' id='word_1_343' title='bbox 526 2767 725 2811; x_wconf 78' lang='lat' dir='ltr'>damnum</span> <span class='ocrx_word' id='word_1_344' title='bbox 760 2771 983 2825; x_wconf 74' lang='lat' dir='ltr'>positivum</span> <span class='ocrx_word' id='word_1_345' title='bbox 1020 2769 1082 2812; x_wconf 77' lang='lat' dir='ltr'>vel</span> <span class='ocrx_word' id='word_1_346' title='bbox 1109 2770 1351 2824; x_wconf 74' lang='lat' dir='ltr'>negativum</span> <span class='ocrx_word' id='word_1_347' title='bbox 1371 2767 1440 2810; x_wconf 92' lang='lat' dir='ltr'>sed</span> <span class='ocrx_word' id='word_1_348' title='bbox 1462 2772 1574 2810; x_wconf 89' lang='lat' dir='ltr'>certo</span> <span class='ocrx_word' id='word_1_349' title='bbox 1599 2766 1751 2810; x_wconf 66' lang='lat' dir='ltr'>eoee&#39;nde</span> 
     </span>
     <span class='ocr_line' id='line_1_39' title="bbox 122 2836 1747 2894; baseline -0.001 -12"><span class='ocrx_word' id='word_1_350' title='bbox 122 2837 199 2882; x_wconf 89' lang='lat' dir='ltr'>hoc</span> <span class='ocrx_word' id='word_1_351' title='bbox 233 2841 316 2881; x_wconf 87' lang='lat' dir='ltr'>est:</span> <span class='ocrx_word' id='word_1_352' title='bbox 350 2850 399 2880; x_wconf 86' lang='lat' dir='ltr'>ex</span> <span class='ocrx_word' id='word_1_353' title='bbox 435 2837 505 2881; x_wconf 91' lang='lat' dir='ltr'>tali</span> <span class='ocrx_word' id='word_1_354' title='bbox 540 2838 781 2883; x_wconf 89' lang='lat' dir='ltr'>dimissione</span> <span class='ocrx_word' id='word_1_355' title='bbox 804 2838 1004 2883; x_wconf 78' lang='lat' dir='ltr'>ecclesiae</span> <span class='ocrx_word' id='word_1_356' title='bbox 1022 2842 1135 2882; x_wconf 85' lang='lat' dir='ltr'>iuxta</span> <span class='ocrx_word' id='word_1_357' title='bbox 1158 2839 1503 2894; x_wconf 74' lang='lat' dir='ltr'>significationem</span> <span class='ocrx_word' id='word_1_358' title='bbox 1529 2836 1747 2880; x_wconf 89' lang='lat' dir='ltr'>iuridicam</span> 
     </span>
     <span class='ocr_line' id='line_1_40' title="bbox 120 2907 1746 2967; baseline -0.001 -14"><span class='ocrx_word' id='word_1_359' title='bbox 120 2922 170 2953; x_wconf 88' lang='lat' dir='ltr'>ex</span> <span class='ocrx_word' id='word_1_360' title='bbox 205 2921 295 2953; x_wconf 89' lang='lat' dir='ltr'>ean.</span> <span class='ocrx_word' id='word_1_361' title='bbox 342 2907 455 2952; x_wconf 81' lang='lat'>1498</span> <span class='ocrx_word' id='word_1_362' title='bbox 503 2908 706 2958; x_wconf 78' lang='lat' dir='ltr'>obveniat,</span> <span class='ocrx_word' id='word_1_363' title='bbox 756 2914 924 2967; x_wconf 88' lang='lat' dir='ltr'>propter</span> <span class='ocrx_word' id='word_1_364' title='bbox 955 2914 1212 2954; x_wconf 86' lang='lat' dir='ltr'>contractum</span> <span class='ocrx_word' id='word_1_365' title='bbox 1250 2907 1313 2951; x_wconf 73' lang='lat' dir='ltr'>vel</span> <span class='ocrx_word' id='word_1_366' title='bbox 1348 2909 1746 2964; x_wconf 87' lang='lat' dir='ltr'>quasi-contractum</span> 
     </span>
    </p>
   </div>
  </div>
 </body>
</html>
