1965 3240
145 103 216 136 424
288 101 371 135 L1B.
398 99 471 134 [H.
501 121 512 125 -
540 100 650 134 PARS
676 99 720 134 V.
746 119 762 126 -
787 99 844 134 De
869 100 990 141 benef.
1016 101 1051 133 et
1077 100 1203 133 instit.
1231 98 1358 132 eccles.
1387 108 1467 132 non
1492 97 1623 142 colley.

150 222 287 278 Atque
321 223 359 263 in
394 232 483 263 can.
519 221 642 262 citato
676 218 843 262 firmum
878 218 1030 261 dicitur
1065 219 1364 273 praescriptum
1399 229 1489 260 can.
1530 217 1627 268 188,
1662 229 1698 260 n.
1735 216 1775 268 3,

149 291 331 335 scilicet:
372 308 391 331 «
415 289 467 334 ob
500 292 668 333 tacitam
703 290 1055 332 renunciationem
1081 287 1133 331 ab
1166 289 1253 344 ipso
1287 289 1376 330 iure
1408 287 1630 330 admissam
1655 300 1779 344 quae-

150 361 249 406 libet
281 362 415 405 officia
453 365 600 404 vacant
632 362 719 417 ipso
753 361 858 409 tacto
890 364 930 402 et
961 361 1049 402 sine
1082 358 1163 402 ulla
1197 357 1491 412 declaratione,
1524 357 1774 401 siclericus:

244 432 301 476 3⁰.
337 432 460 476 Aliud
496 432 677 475 officium
711 431 1037 475 ecclesiasticum
1073 442 1166 473 cum
1203 431 1338 485 priore
1372 428 1680 486 incoinpatibilc
1713 442 1776 472 ac-

150 505 381 560 ceptaverit
428 509 467 546 et
514 502 698 546 eiusdem
749 503 962 558 paciticam
1016 502 1312 557 possessionem
1363 499 1649 554 obtinuerit»,
1695 502 1777 542 imo

155 589 176 616 α
200 576 411 618 concessio
445 573 614 617 alterius
646 573 769 616 officii
802 585 823 616 a
857 573 961 616 Sede
995 570 1230 628 Apostolica
1279 572 1382 614 facta
1429 584 1507 613 non
1545 570 1666 622 valet,
1701 572 1775 613 uisi

151 648 190 688 in
223 644 398 702 supplici
434 643 572 688 libello
606 645 759 688 mentio
795 645 942 700 prioris
977 641 1296 698 incompatibilis
1330 640 1543 696 habeatur,
1567 646 1637 684 aut
1664 641 1777 684 clau-

149 715 238 759 sula
271 715 531 771 derogatorta
565 715 846 759 adiicietur».

270 786 392 830 Conc.
426 785 536 831 Trid.
587 788 623 828 in
675 785 764 828 loco
813 785 956 828 ultimo
1004 787 1072 829 cit.
1104 787 1163 827 sic
1214 784 1536 841 prosequitur¹:
1577 782 1774 826 «Verum

151 859 344 914 quoniam
391 855 507 899 multi
551 855 765 912 improbae
799 856 1037 911 cupiditatis
1069 855 1233 907 affectu,
1266 867 1309 897 se
1353 856 1474 910 ipsos,
1507 867 1584 896 non
1633 853 1776 898 Deum,

150 927 420 982 decipientes,
455 939 515 982 ea,
549 940 655 984 quae
701 927 803 971 bene
839 928 1058 970 constituta
1101 930 1208 979 suut,
1247 927 1372 968 variis
1405 924 1562 968 artibus
1595 924 1776 979 eludere,

151 1002 190 1049 et
225 998 340 1054 plura
362 997 483 1041 simul
521 997 718 1042 beneficia
744 997 932 1041 obtinere
955 1010 1034 1039 non
1061 996 1336 1040 erubescunt:
1360 1000 1500 1039 sancta
1528 995 1776 1052 Synodus,...

153 1071 358 1126 praesenti
392 1069 574 1121 decreto,
599 1069 708 1127 quod
745 1071 782 1111 in
818 1068 1150 1126 quibuscumque
1187 1069 1428 1123 personis,...
1454 1068 1613 1110 etiamsi
1637 1065 1776 1110 Cardi-

151 1139 312 1183 nalatus
346 1139 501 1182 bonore
535 1139 732 1195 fulgeant,
767 1139 935 1183 mandat
967 1137 1206 1191 observari3
1240 1140 1393 1185 statuit,
1420 1142 1462 1180 ut
1496 1139 1533 1180 in
1570 1142 1777 1194 posterum

152 1223 278 1253 unum
313 1215 470 1254 tantum
508 1210 754 1254 beneficium
789 1210 1115 1253 ecclesiasticum
1160 1208 1333 1264 singulis
1363 1209 1622 1252 conferatur:
1667 1208 1776 1265 quod

151 1281 319 1338 quidem
352 1284 384 1324 si
419 1281 468 1325 ad
507 1284 631 1324 vitam
667 1284 756 1324 eius
788 1283 853 1325 cui
888 1282 1109 1336 confertur,
1144 1279 1314 1323 honeste
1351 1279 1660 1323 sustentandam
1697 1292 1776 1322 non

150 1353 342 1407 sufficiat,
365 1352 487 1396 liceat
511 1352 779 1396 nihilominus
801 1351 911 1395 aliud
936 1351 1113 1408 simplex
1137 1351 1358 1404 sufficiens,
1377 1350 1604 1394 dummodo
1623 1356 1777 1393 utrum-

151 1436 231 1480 que
266 1423 523 1479 personalem
559 1423 822 1466 residentiam
857 1435 937 1466 non
971 1424 1169 1480 requirat,
1193 1421 1327 1465 eidem
1351 1423 1542 1465 conteri-i.
1568 1420 1776 1478 Haecque,

152 1507 230 1537 non
266 1493 387 1537 modo
420 1493 471 1537 ad
505 1493 765 1537 cathedrales
796 1492 1007 1546 ecclesias,
1029 1492 1099 1536 sed
1135 1495 1258 1535 etiam
1288 1492 1338 1536 ad
1373 1491 1450 1535 alia
1484 1493 1621 1534 omnia
1655 1491 1776 1534 bene-

152 1565 259 1618 ficia,
292 1569 376 1608 tam
409 1563 652 1618 saecularia,
688 1576 810 1622 quam
846 1562 1051 1620 regularia
1086 1575 1389 1621 quaecumque,
1413 1565 1535 1606 etiam
1571 1575 1777 1605 commen-

151 1636 244 1678 data
296 1637 540 1692 pertineant,
575 1637 876 1692 cuiuscumque
925 1634 1029 1677 tituli
1073 1647 1121 1677 ac
1154 1633 1373 1691 ,qualitatis
1404 1636 1644 1677 existant».
1688 1632 1776 1676 Hoc

152 1705 315 1750 Decreti
339 1709 537 1750 statutum
572 1705 689 1762 plene
717 1707 843 1761 viget,
866 1710 1006 1761 utpote
1041 1704 1286 1761 implicitum
1317 1706 1354 1747 in
1390 1706 1592 1760 praesenti
1619 1716 1777 1747 canone

152 1776 437 1820 inhabilitante
479 1776 693 1829 clericum,
728 1781 771 1819 ut
818 1788 959 1831 supra,
993 1780 1032 1818 et
1079 1777 1147 1832 qui
1192 1774 1417 1818 concordat
1463 1787 1556 1818 cum
1604 1773 1777 1817 Decreto

151 1848 286 1904 quoad
320 1850 345 1901 ἓ
376 1849 418 1890 ’2.
455 1845 793 1905 lncompatibilia
826 1851 923 1888 sum
968 1848 1004 1888 in
1040 1846 1185 1889 eodem
1220 1845 1373 1888 clerico
1406 1859 1487 1888 mm
1531 1844 1680 1898 solum,
1716 1850 1775 1888 ut-

152 1923 245 1974 pote
278 1917 524 1974 implicitum
558 1920 597 1960 in
632 1930 722 1960 can.
759 1918 853 1972 156,
878 1921 904 1971 g
934 1917 972 1968 2,
997 1915 1038 1973 a)
1072 1915 1153 1959 duo
1186 1915 1330 1959 saltem
1365 1915 1576 1972 beneficia,
1602 1929 1776 1973 quorum

150 2002 280 2032 onera
314 1991 472 2032 ratione
505 1989 629 2031 officii
664 1988 859 2030 universa
893 1986 1002 2030 idem
1044 1986 1336 2043 beneficiarius
1369 1988 1527 2029 ratione
1562 1989 1776 2044 utriusque

147 2073 226 2118 per
256 2074 314 2113 se,
348 2073 425 2103 nec
457 2060 684 2103 attenditur
715 2058 886 2102 alterius
917 2057 1055 2102 clerici
1090 2059 1340 2114 cooperatio,
1374 2056 1549 2115 implere
1579 2056 1706 2100 sinaut
1727 2069 1774 2100 ea

151 2131 365 2188 possidens
398 2135 590 2188 nequeat,
624 2128 696 2172 sed
726 2129 851 2172 etiam
887 2142 935 2172 ex
971 2128 1048 2172 hoc
1081 2141 1252 2178 canone,
1287 2127 1329 2185 b)
1363 2127 1444 2171 duo
1476 2127 1621 2171 saltem
1656 2127 1772 2170 bene-

151 2201 247 2258 ficia
281 2203 437 2244 ratione
470 2200 588 2255 dotis,
623 2214 671 2243 eo
704 2200 813 2257 quod
845 2199 1019 2243 dicitur:
1054 2212 1229 2256 quorum
1262 2197 1518 2241 alterutrum
1549 2201 1610 2241 vel
1648 2212 1773 2241 unum

152 2286 201 2316 ex
243 2271 429 2328 pluribus
453 2273 651 2328 possessis
683 2269 739 2314 ad
772 2269 988 2313 honestam
1018 2269 1154 2328 ipsius
1188 2285 1208 2310 ((
1229 2269 1481 2313 beneficiarii
1506 2284 1527 2310 2>
1565 2274 1773 2312 sustenta-

154 2343 305 2386 tionem
338 2342 529 2400 sufficiat.
565 2342 605 2384 ln
641 2354 738 2385 casu
776 2355 888 2395 vero,
921 2341 1030 2398 quod
1075 2341 1286 2384 sufficiens
1327 2342 1379 2383 sit
1420 2340 1647 2383 secundum
1694 2340 1776 2383 col·

152 2413 277 2457 latum
313 2418 351 2456 et
386 2414 556 2469 pacifice
591 2425 838 2468 possessum,
873 2425 920 2454 eo
954 2413 1041 2468 ipso
1074 2410 1286 2454 obtentum
1323 2412 1455 2467 primo
1492 2415 1620 2454 vacat.

270 2481 560 2540 Opportunum
610 2483 801 2526 ducimus
856 2484 1038 2525 inserere
1086 2495 1133 2524 ex
1161 2480 1176 2502 ²
1228 2480 1345 2524 Dec.⁰
1399 2480 1772 2524 «Redeuntibus»

152 2555 190 2598 S.
225 2553 374 2610 Congr.
399 2553 588 2597 Consist.⁵
622 2559 764 2596 num.m
788 2554 835 2595 9:
876 2568 895 2592 ((
923 2552 1108 2610 Denique
1141 2554 1307 2595 attentis
1341 2550 1618 2607 peculiaribus
1649 2553 1772 2594 nostri

153 2627 351 2680 temporis
383 2623 700 2679 conditionibus,
724 2622 966 2666 conceditur
988 2619 1222 2666 Ordinariis
1240 2622 1495 2665 dioecesanis
1527 2620 1700 2664 facultas
1722 2621 1772 2664 ad

152 2697 480 2752 quinquennium
520 2694 708 2748 valitura,
742 2705 836 2751 qua,
871 2695 1063 2749 exigente
1096 2694 1328 2735 animarum
1364 2693 1622 2745 necessitate,
1653 2694 1684 2734 si
1709 2691 1777 2734 de—

271 2848 280 2868 ¹
310 2847 401 2891 Cap.
429 2846 483 2887 17,
513 2857 607 2880 sess.
635 2845 769 2879 XXIV
797 2844 843 2878 de
870 2844 955 2879 Ref.
984 2865 1028 2869 —
1054 2844 1069 2866 2
1093 2845 1139 2878 25
1165 2843 1251 2878 Oct.
1283 2844 1386 2887 1918,
1416 2843 1491 2878 CO.
1521 2843 1570 2884 X,
1599 2844 1680 2878 484.
