1965 3240
163 129 230 162 144
751 127 835 161 LIB.
861 126 932 161 III.
960 147 973 151 -
999 126 1057 161 De
1085 128 1198 161 rebus

159 261 326 290 sacram
358 245 562 290 ordinare
593 245 829 303 iiim-qim,
862 259 934 289 seu
988 245 1184 289 «cultum
1232 244 1502 300 publicum»,
1549 249 1639 290 sive
1682 235 1789 290 nova

160 319 293 361 officia
328 322 367 361 et
399 317 542 360 Missas
574 330 803 374 earumque
837 321 974 373 partes
1006 316 1289 370 concedendO,
1335 318 1424 360 sive
1467 330 1540 374 per
1578 317 1792 374 liturgicas

162 390 274 445 leges
304 389 574 444 disponendo,
610 388 821 442 mutando,
856 400 903 431 ac
936 387 1234 449 supprImendo
1268 389 1370 430 ritus
1402 400 1450 431 ac
1492 391 1792 444 caeremonias,

163 459 205 517 b)
242 465 327 502 tum
360 459 582 516 liturqieos
616 459 828 516 praedicta
877 460 1015 501 omnia
1063 460 1320 502 continentes
1369 459 1605 516 approbare
1647 459 1791 514 libros,

164 531 228 575 vel
264 544 337 588 per
368 533 543 587 seipsam
579 530 715 588 quoad
749 530 991 573 eorumdem
1025 529 1227 573 editiones
1260 529 1482 586 originales
1513 544 1584 574 seu
1617 533 1792 588 typicas,

166 603 228 646 vel
264 616 336 659 per
371 602 554 645 locorum
589 599 835 646 Ordinarios
868 603 926 643 eis
969 613 1135 644 normas
1183 600 1506 656 praescribendo
1538 603 1676 659 quoad
1711 602 1794 646 edi-

162 677 294 717 tiones
327 673 407 716 illis
440 675 590 730 typicis
623 673 869 716 conformes.

283 745 378 787 124.
419 747 631 790 Vetitum
656 746 1111 790 communicationis
1133 746 1180 788 in
1203 746 1360 790 sacris
1390 747 1792 791 acatholicorum.

169 815 268 859 Can.
304 817 436 859 1258.
471 815 498 871 ξ
522 818 557 858 1.
582 815 740 858 Statuto
774 815 948 858 Sanctae
980 815 1075 858 Sedi
1109 814 1324 858 exclusivo
1359 818 1461 871 iure,
1494 816 1545 859 ad
1569 815 1794 873 Episcopo-

165 900 254 930 rum
291 889 353 929 ius
386 886 749 929 determinandum
784 887 828 928 tit
862 888 1070 935 transitus,
1105 890 1145 929 et
1177 888 1310 942 primo
1343 888 1381 929 in
1407 886 1509 943 legis
1531 887 1699 930 divinae
1727 887 1795 931 ob-

164 960 374 1002 servantia
409 956 601 1000 fidelibus
633 958 692 1000 sic
726 959 957 1013 proposita:
993 955 1119 999 Haud
1152 956 1316 999 licitum
1338 963 1399 1000 est
1422 956 1612 1013 fidelibus
1637 960 1794 1002 ratione

166 1031 293 1085 ipsius
328 1040 452 1071 verae
486 1028 597 1076 fidei,
632 1032 703 1071 aut
735 1040 858 1084 quam
893 1027 1150 1083 denegarent
1185 1029 1302 1071 factis
1337 1027 1401 1071 vel
1435 1029 1688 1084 professione
1715 1029 1793 1075 ,ial-

164 1101 295 1143 sitatis
328 1102 469 1142 contra
504 1111 610 1151 eam,
649 1100 710 1141 vel
746 1097 1044 1155 approbatione
1077 1098 1203 1142 falsae
1238 1098 1449 1155 religionis
1481 1099 1626 1142 saltem
1660 1099 1794 1156 impli-

163 1173 258 1225 cita,
293 1175 364 1213 aut
396 1169 448 1213 ob
481 1171 762 1226 perversionis
797 1169 1028 1225 perleulum
1063 1175 1103 1212 et
1134 1169 1402 1223 scandalum,
1438 1171 1534 1224 imo,
1569 1169 1631 1213 his
1663 1173 1794 1213 omni·
1831 1209 1834 1212 ,

167 1241 241 1285 bus
275 1241 469 1297 exclusis,
503 1254 551 1284 ex
587 1240 697 1285 loan.
732 1243 948 1295 sententia,
984 1253 1089 1298 quae
1122 1240 1267 1284 saltem
1302 1240 1353 1284 de
1397 1240 1474 1284 hac
1512 1244 1794 1285 communica-

166 1315 276 1356 tione
310 1312 551 1368 accipienda
585 1313 693 1355 est12
735 1327 755 1352 ((
773 1311 812 1354 Si
847 1313 939 1369 quis
975 1314 1087 1354 venit
1119 1311 1169 1354 ad
1216 1325 1302 1366 vos,
1346 1316 1383 1355 et
1424 1311 1529 1355 hanc
1563 1311 1793 1356 doctrinam

165 1384 316 1429 Christi
350 1397 429 1428 non
464 1383 598 1437 affert,
630 1382 756 1426 nolite
790 1385 976 1439 recipere
1009 1395 1103 1425 eum
1140 1384 1178 1425 in
1213 1383 1399 1437 domum,
1433 1396 1508 1426 nec
1541 1382 1632 1426 Ave
1665 1385 1701 1426 ei
1740 1383 1795 1427 (Ιί-

169 1457 325 1499 xeritis.
345 1453 424 1508 Qui
444 1456 555 1497 enim
579 1454 679 1497 dicit
702 1453 757 1496 illi
784 1453 890 1508 Ave,
911 1456 1193 1497 communicat
1217 1453 1412 1510 operIbus
1434 1455 1522 1497 eius
1546 1453 1796 1510 malignis».

169 1527 297 1583 lgitur
323 1527 495 1568 vetitum
519 1525 664 1569 aflicit:
689 1524 729 1581 a)
756 1524 900 1582 quovis
922 1523 1042 1567 modo
1066 1526 1189 1567 etiam
1215 1537 1328 1568 mera
1353 1527 1584 1581 praesentia
1604 1524 1646 1581 b)
1667 1525 1799 1568 (locive

164 1596 382 1646 assistere,
416 1600 620 1652 quatenus
653 1595 691 1637 id
728 1596 797 1637 tiat
831 1596 1009 1651 propriis
1041 1593 1273 1637 actionibus
1306 1597 1502 1648 externis,
1524 1608 1561 1636 v.
1581 1608 1643 1651 gr.
1667 1599 1795 1638 atten-

169 1668 291 1710 tionis
324 1679 418 1709 cum
454 1665 646 1721 religiosa
681 1665 882 1708 modestia
915 1666 955 1721 c)
988 1678 1060 1706 seu
1090 1670 1255 1722 partem
1291 1664 1454 1719 habere,
1500 1679 1539 1707 v.
1573 1679 1633 1721 gr.
1674 1667 1799 1721 parti-

169 1737 345 1793 cipando
379 1748 425 1779 ea
459 1748 565 1793 quae
608 1737 756 1779 intuitu
791 1735 928 1779 cultus
961 1738 999 1777 in
1034 1748 1177 1778 eorum
1211 1728 1487 1779 conventibus
1520 1736 1636 1789 liunt,
1676 1735 1721 1792 d)
1754 1736 1798 1779 in

168 1807 317 1857 sacris,
353 1820 523 1862 nempe:
561 1809 598 1849 in
636 1805 782 1849 ritibus
814 1818 861 1849 ac
894 1807 1169 1849 caeremoniis
1202 1805 1337 1849 cultus
1369 1806 1498 1849 divini
1543 1805 1797 1850 acatholico-

170 1892 276 1930 rum,
313 1879 399 1920 sive
433 1876 473 1919 hi
507 1876 648 1920 salsam
674 1876 869 1920 deitatem
906 1880 1170 1927 venerentur,
1193 1878 1283 1919 sive
1306 1875 1438 1919 Deum
1465 1890 1610 1919 verum
1646 1877 1798 1920 iudicio

170 1950 339 2005 proprio
374 1947 431 1990 illi
465 1947 601 1991 colant
634 1948 743 2004 apud
787 1951 941 1991 sectam
976 1946 1228 1990 haereticam
1267 1946 1330 1990 vel
1373 1946 1696 2003 schismaticam,
1735 1948 1796 1991 vel

171 2023 287 2062 extra
322 2018 433 2061 illam
467 2021 506 2061 in
541 2018 653 2062 cultu
689 2019 928 2074 prolitentes
966 2018 1172 2061 haeresim
1207 2022 1277 2060 aut
1309 2017 1504 2072 schisma,
1528 2018 1595 2061 vel
1628 2018 1796 2062 demum

173 2089 274 2146 legis
309 2091 462 2132 veteris
496 2089 624 2133 cultu.

289 2159 392 2204 Cum
426 2163 605 2203 rationes
639 2163 754 2203 vetiti
789 2173 912 2217 supra
961 2160 1096 2204 dictae
1143 2159 1278 2203 absint
1320 2160 1583 2217 quandoque,
1628 2159 1797 2203 modum

170 2232 320 2275 edocet
352 2231 577 2274 materialis
609 2233 998 2275 communicationis
1029 2231 1057 2288 ἓ
1088 2233 1131 2275 2.
1171 2230 1363 2274 Tolerart'
1392 2236 1542 2288 potest,
1563 2230 1689 2273 veluti
1722 2230 1799 2274 sub

173 2302 449 2360 prohibitione
498 2303 575 2355 §1
614 2316 693 2345 non
742 2302 1054 2358 comprehensa,
1104 2303 1202 2358 quin
1246 2301 1511 2358 approbetur,
1553 2301 1798 2359 praesentia

172 2374 212 2431 a)
242 2375 427 2432 passiva,
463 2388 569 2433 quae
603 2373 780 2418 abstinet
812 2373 863 2417 ab
896 2373 1128 2417 actionibus
1160 2373 1309 2424 cultus,
1333 2387 1405 2416 seu
1428 2386 1539 2415 mere
1559 2371 1800 2415 ritatem'alis

172 2459 266 2489 cum
305 2446 526 2489 voluntatis
559 2445 875 2499 abalienatione,
912 2444 953 2501 b)
977 2443 1113 2487 civilis
1136 2443 1261 2501 officii
1282 2446 1475 2499 suscepti,
1501 2447 1667 2500 propter
1689 2443 1797 2500 quod

173 2517 318 2559 adesse
341 2516 576 2572 obligentur
601 2524 725 2572 mgr.
745 2516 961 2559 domestici
993 2517 1237 2558 comitantes
1274 2515 1487 2557 dominum
1522 2519 1591 2557 aut
1618 2514 1801 2556 fortassis

174 2600 222 2630 ex
260 2586 420 2643 legibus
453 2601 491 2628 v.
526 2601 585 2643 gr.
622 2589 660 2629 in
696 2586 882 2643 partibus
914 2585 1196 2640 orientalibus,
1234 2585 1294 2628 vel
1328 2584 1499 2628 lionoris
1530 2598 1659 2626 causa
1701 2596 1798 2639 erga

173 2660 288 2700 cives
321 2657 571 2701 acatholicos
602 2670 719 2701 sacra
756 2659 1060 2714 participantes,
1098 2670 1135 2698 v,
1169 2670 1229 2712 gr.
1264 2657 1526 2699 matrimonio
1560 2653 1801 2710 iungendos.

174 2728 214 2784 c)
250 2727 296 2771 ob
326 2741 497 2785 qravem
529 2727 752 2783 rationem,
788 2741 827 2770 v.
861 2741 922 2784 gr.
957 2740 1006 2770 ne
1051 2727 1250 2783 praedicti
1293 2726 1473 2769 officium
1523 2726 1724 2776 amittant,
1759 2727 1803 2766 ut

296 2881 306 2902 ¹
334 2880 390 2914 Io.
420 2892 478 2925 ep.
508 2881 558 2914 II.
590 2881 645 2917 10.
676 2881 731 2914 11.
