1965 3240
195 92 267 126 384
327 91 411 125 Lm.
437 90 510 124 III.
541 110 553 116 -
581 90 691 124 PARS
717 90 762 124 V.
791 110 804 115 -
832 90 888 125 De
912 89 1036 132 benef.
1065 92 1098 124 et
1126 92 1254 125 instit.
1284 90 1412 125 eccles.
1442 101 1522 125 non
1546 91 1676 135 colley.

197 209 259 252 vel
292 208 511 266 reliyiosa,
546 210 706 251 ratione
746 207 920 252 subiecti
956 208 1064 265 quod
1101 221 1147 251 ea
1181 207 1351 262 obtinet,
1381 213 1510 265 prout
1548 207 1603 251 ad
1624 207 1735 252 solos
1757 208 1832 252 cle-

195 280 306 324 ricos
339 278 580 323 saeculares
613 292 707 322 cum
742 278 983 322 exclusione
1016 280 1277 336 sequentium
1313 277 1376 321 vel
1413 277 1524 322 solos
1563 278 1736 322 clericos
1771 293 1829 322 re-

196 350 370 408 liyiosos
403 349 585 394 exclusis
629 351 718 393 iure
759 348 1107 406 praecedentibus
1139 354 1343 407 spectant,
1377 351 1431 393 ita
1464 355 1506 393 ut
1539 349 1590 393 ab
1623 349 1832 393 alterutris

198 426 358 466 tantum
393 420 531 464 valide
566 419 843 464 obtineantur.
877 419 1023 464 Utrum
1060 419 1307 463 beneficium
1342 420 1636 477 quodcumque
1668 419 1744 463 sub
1777 420 1830 464 al-

196 497 354 536 terutro
404 490 592 535 membro
637 493 898 534 contineatur
940 503 990 533 ex
1034 490 1220 533 eiusdem
1270 493 1490 534 erectionis
1536 496 1681 535 tenore
1723 496 1830 534 esset
1896 520 1898 522 -

195 562 444 618 eruendum,
468 561 539 605 sed
566 564 666 605 iuris
690 563 972 618 praesumptio
995 560 1241 617 simpliciter
1263 560 1456 605 subditur
1487 563 1546 604 sic
1578 563 1617 604 in
1652 574 1828 605 canone:

195 633 338 677 omnia
363 638 499 676 autem
526 632 739 689 beneficia,
776 631 932 690 absque
967 632 1224 688 limitatione,
1248 637 1386 674 erecta
1420 632 1554 690 quoad
1590 631 1725 676 locum
1759 632 1828 676 ubi

197 717 341 747 eorum
376 707 623 746 exerceatur
656 703 852 758 officium,
885 707 1008 744 extra
1041 701 1239 745 eeclesias
1272 702 1407 760 quoad
1443 701 1605 745 illorum
1650 704 1830 746 ministe-

197 777 319 829 rium,
354 773 417 816 vel
449 773 596 817 domas
642 775 838 817 formatas
885 778 955 816 aut
1002 786 1081 815 non
1134 774 1330 816 formatas
1366 772 1676 830 reliyiosomcm.
1717 776 1826 831 «qui

197 858 346 902 nempe
381 849 476 888 vota
510 849 802 900 nuncuparunt
836 846 874 886 in
909 843 1046 901 aliqua
1081 843 1319 900 religione»
1358 844 1466 901 (can.
1493 844 1590 899 488,
1615 844 1825 901 70)‚ci1·ca

196 921 334 959 cetera
359 915 522 959 illorum
549 917 703 969 munia,
727 915 771 957 in
805 913 928 958 dabie
953 915 1004 957 de
1028 919 1174 958 natura
1208 917 1503 972 uniuscuisque
1536 915 1727 959 beneticii
1751 915 1826 959 sub

196 986 273 1030 hac
307 987 526 1040 divisione,
559 984 804 1028 saecularia
828 999 916 1028 esse
950 990 1298 1042 praesavrmmlmg
1337 990 1518 1028 «contra
1551 998 1675 1043 quam
1711 999 1825 1043 prae·

191 1058 472 1112 sumptionem
516 1056 749 1099 admittitur
779 1055 966 1112 probatio
1006 1060 1091 1099 tum
1131 1056 1288 1099 directa
1322 1061 1409 1099 tum
1443 1056 1683 1100 indirecta»
1721 1059 1825 1110 (can.

203 1127 328 1184 1826)
363 1127 412 1170 ad
447 1127 620 1170 dubium
654 1126 976 1170 excludemlum.
1225 1178 1234 1187 ι

313 1197 481 1242 Sublata
519 1197 744 1241 verborum
778 1198 970 1241 distincta
1004 1200 1043 1240 in
1079 1197 1238 1241 theoria
1278 1200 1394 1254 parri
1440 1200 1638 1241 momenti
1671 1199 1825 1255 signiti-

193 1271 373 1325 cannc,
395 1268 481 1311 vult
504 1268 642 1312 Codex
680 1273 722 1312 ut
756 1268 1041 1312 indifferenter
1073 1269 1264 1312 dicantur
1286 1270 1349 1312 30.
1375 1268 1575 1326 Duplieia
1598 1269 1650 1313 ob
1673 1269 1824 1326 duplex

198 1353 348 1382 munus
389 1353 462 1382 sea
505 1339 822 1394 residenhalia,
855 1339 916 1382 vel
948 1339 1160 1398 simplicia
1204 1345 1372 1396 propter
1414 1342 1581 1383 unicum
1627 1340 1824 1384 recItandi
1885 1347 1892 1354 ”
1936 1325 1938 1358 :

198 1409 394 1453 breviarii
433 1423 582 1453 munus
618 1409 683 1453 vel
717 1410 767 1453 ad
802 1423 1011 1453 summum
1051 1407 1289 1454 celebrandi
1334 1410 1532 1467 quasdam
1568 1409 1722 1463 Missas,
1756 1424 1827 1453 sea

194 1494 278 1523 mon
312 1479 624 1534 resiclentialia,
642 1485 806 1536 sumpta
831 1481 1094 1524 distinctione
1118 1491 1167 1523 ex
1194 1480 1334 1537 verbis
1358 1480 1670 1537 posterioribus,
1686 1487 1826 1538 preat,

189 1556 366 1609 praeter
388 1550 565 1609 officiam
588 1550 838 1607 benefieiale,
864 1553 1058 1609 quamvis
1077 1565 1156 1594 uno
1179 1551 1240 1595 vel
1267 1551 1454 1609 pluribus
1479 1553 1629 1595 muniis
1653 1556 1825 1605 constet,

197 1621 406 1665 adamam
425 1621 574 1664 hahent
601 1622 682 1676 illa,
701 1621 764 1664 vel
786 1622 925 1664 infimas
950 1624 1038 1677 ista,
1058 1621 1353 1679 oblt'yalz'oreem
1371 1621 1587 1665 residendi
1611 1635 1736 1679 penes
1758 1622 1828 1666 ali-

191 1706 319 1751 -quam
354 1693 572 1737 ecclesian]
601 1692 663 1735 vel
693 1695 730 1735 in
756 1692 894 1750 aliquo
919 1695 1126 1736 territorio
1150 1706 1274 1736 causa
1299 1693 1408 1736 illius
1431 1694 1552 1737 oflicii
1578 1693 1823 1750 exequendi.

317 1764 475 1807 Dicitur
509 1766 547 1806 in
581 1776 671 1807 can.
709 1764 819 1806 1409
860 1779 880 1804 ((
901 1763 1149 1807 beneficium
1184 1763 1511 1807 ecclesiasticum
1546 1777 1634 1807 esse
1667 1764 1710 1806 ia
1736 1777 1827 1821 per-

192 1840 366 1893 petuam
399 1839 644 1889 erectum»,
679 1839 718 1877 et
751 1833 854 1878 haec
890 1839 1061 1878 vocatur
1100 1836 1353 1890 perpetuitas
1392 1833 1581 1878 beneficii
1614 1847 1686 1878 seu
1721 1833 1828 1878 obie-

198 1908 306 1950 ctixa
342 1905 438 1949 huic
471 1905 712 1958 essentialis,
735 1907 952 1962 requirens
976 1909 1019 1948 ut
1043 1905 1260 1948 deficiente
1294 1918 1374 1948 uno
1408 1905 1592 1949 eiusdem
1627 1904 1825 1957 subiecto,

198 1977 316 2020 alteri
353 1977 601 2021 beneficium
636 1977 883 2020 conseratur.
919 1976 997 2019 Sed
1022 1975 1125 2019 baec
1149 1978 1331 2032 provisio
1355 1977 1442 2019 fieri
1469 1981 1604 2033 potest
1626 1976 1675 2020 ad
1700 1980 1824 2019 totam

200 2051 354 2104 provisi
401 2050 527 2091 vitam
570 2061 642 2091 seu
686 2047 911 2098 indefinite,
950 2046 1011 2090 vel
1046 2060 1179 2101 secus7
1211 2060 1317 2104 quae
1359 2049 1611 2104 perpetuitas
1656 2052 1828 2091 vocatur

198 2118 445 2171 subiecliva,
479 2132 555 2162 nec
598 2117 790 2161 omnibus
834 2116 1046 2161 beneticiis
1094 2120 1182 2161 iure
1230 2119 1440 2174 competit,
1473 2117 1569 2161 hinc
1618 2117 1826 2161 distinctio

199 2203 340 2233 eorum
375 2189 450 2233 sub
484 2192 543 2232 n.⁰
578 2190 640 2233 40.
665 2187 904 2243 Mawaalia,
943 2188 1068 2231 veluti
1105 2188 1224 2232 facile
1257 2190 1480 2232 transitura
1514 2191 1553 2231 in
1587 2188 1698 2232 aliud
1731 2187 1825 2232 sub-

200 2263 365 2316 lectum,
411 2259 684 2318 temporaria,
717 2272 797 2302 non
842 2259 892 2302 ad
937 2261 1091 2315 provisi
1140 2261 1279 2313 vitam,
1323 2273 1394 2302 sea
1436 2258 1693 2312 amovibilia,
1729 2261 1825 2317 quia

195 2345 341 2374 eorum
378 2333 550 2374 retentio
587 2330 737 2387 pendet
759 2343 781 2373 a
808 2329 1038 2373 rationabili
1073 2330 1306 2386 Superioris
1339 2329 1609 2373 ecclesiastici
1642 2328 1825 2383 arbitrio,

202 2401 261 2444 vel
294 2416 315 2445 e
348 2406 490 2445 contra
521 2405 727 2459 perpetua
762 2402 815 2443 ita
850 2405 893 2443 ut
929 2402 1009 2443 rita
1044 2401 1219 2443 (tutante
1253 2402 1446 2457 provisus
1469 2405 1593 2458 queat
1626 2399 1826 2443 beneficio

199 2473 292 2526 frui,
312 2486 383 2515 seu
407 2471 699 2514 iaamovibili'a
722 2484 771 2514 ex
796 2470 879 2513 sola
904 2472 1137 2527 Superioris
1160 2473 1433 2527 competentis
1459 2470 1681 2524 voluntate,
1701 2475 1828 2528 prom

198 2541 479 2600 conserantur
512 2541 579 2585 illa
613 2540 906 2584 revocabiliter
936 2540 1012 2584 sub
1045 2540 1122 2584 hac
1156 2554 1304 2597 nempe
1342 2540 1488 2584 saltem
1531 2542 1653 2583 tacita
1687 2540 1827 2583 condi-

202 2616 326 2668 tione,
360 2612 422 2655 vel
465 2612 508 2655 in
550 2617 798 2670 perpetuum
844 2614 940 2666 ista3
978 2637 1030 2642 —-
1062 2612 1126 2654 50.
1164 2610 1323 2655 Camala
1369 2610 1430 2653 cel
1465 2624 1545 2654 aon
1585 2616 1734 2653 curata
1768 2612 1826 2654 sic

203 2684 408 2740 explicato
445 2682 660 2737 vocabulo,
686 2687 806 2739 prout
841 2682 906 2726 illa
940 2696 1083 2725 earam
1117 2682 1355 2724 animarem
1390 2681 1537 2725 saltem
1572 2684 1610 2724 in
1648 2683 1735 2724 foro
1769 2683 1827 2724 in·

201 2759 318 2797 terno
352 2766 431 2796 non
464 2753 755 2797 sacramentali
789 2752 997 2795 adaeoeam
1032 2751 1181 2795 habea!
1215 2758 1255 2795 ut
1291 2757 1450 2808 partem
1486 2752 1623 2807 officii,
1647 2750 1710 2793 rel
1747 2765 1828 2794 ozon

203 2839 239 2865 v.
275 2839 334 2880 gr.
369 2826 636 2867 canonicatus
667 2823 857 2880 simplex.
