1965 3240
453 161 536 196 Tm
568 160 692 197 XXV.
719 181 732 187 -
759 160 816 196 De
840 160 1031 204 beneficiis
1057 161 1321 195 ecclesiasticis
1631 163 1698 196 437

76 282 210 337 prouti
244 292 392 336 nempe
427 279 493 323 illa
529 280 632 323 bona
664 284 783 324 erant
815 278 1110 328 ecclesiastica,
1138 278 1199 321 vel
1235 293 1255 322 e
1289 285 1431 323 contra
1467 294 1560 336 pars
1583 286 1700 324 erant

75 350 309 406 patrimonii
345 349 478 393 tidelis
513 349 719 401 benevoli,
752 351 841 393 sive
874 347 1115 392 constabant
1151 362 1199 391 ex
1237 351 1433 406 utrisque.

193 420 257 464 lus
289 425 530 476 patronatus
567 423 625 464 sic
669 422 876 476 acceptari
923 421 1051 475 potuit
1095 432 1115 461 a
1161 420 1378 463 fundatore
1425 426 1465 463 ut
1509 422 1693 465 eiusdem

74 496 206 534 morte
238 493 519 547 extinguatur,
559 491 621 534 vel
657 504 678 534 e
711 495 854 534 contra
887 492 918 533 si
953 494 1014 532 est
1048 489 1205 545 laicale,
1241 495 1370 546 potest
1405 491 1616 534 ordinario
1649 492 1700 535 ad

73 561 175 605 alios
207 563 398 616 transire,
430 566 469 604 et
503 561 597 604 hinc
642 560 872 605 secundum
922 561 1223 603 derivationem
1275 566 1335 604 est
1380 560 1444 603 .'›’.⁰
1479 560 1700 604 Heredita-

72 632 197 684 rium,
228 631 464 690 familiare,
497 632 775 689 yentilitium,
809 632 1002 683 mixtum,
1031 637 1159 689 prout
1194 632 1351 674 transi!
1381 635 1613 688 respective
1647 632 1702 676 nd

73 701 245 746 heredes
282 703 620 758 «fundatoris»,
657 703 718 746 cel
751 702 806 746 ad
838 716 906 746 eos
939 702 1011 760 qui
1043 701 1094 745 (te
1125 701 1312 758 saneilia,
1338 716 1486 759 nempe
1519 703 1569 746 ad
1604 718 1700 747 con-

71 776 321 830 sanguineos
343 774 658 829 descendentes,
684 779 759 817 aa!
788 778 912 832 yeme
933 778 1030 816 sun!
1053 772 1313 830 fraudatoris,
1341 773 1560 817 videlicet:
1594 776 1625 817 si
1650 775 1699 817 ad

72 844 311 900 potiendum
345 857 394 888 eo
429 846 764 901 iurepatrouatus
797 844 1070 887 admittantur
1103 845 1226 886 etiam
1252 845 1548 900 consanguinei
1582 844 1700 887 colla-

71 914 221 958 terales
254 916 402 971 prioris
436 917 613 971 patroni,
646 914 708 958 vel
741 914 797 958 ad
829 929 897 958 eos
930 913 1001 972 qui
1033 919 1130 956 sant
1165 913 1352 967 heredes,
1393 919 1433 957 ut
1469 916 1505 956 in
1554 917 1700 970 primo,

71 990 111 1028 e!
143 984 193 1028 (le
223 984 395 1043 familia
430 985 492 1028 rel
523 986 667 1029 saltem
704 990 745 1029 ut
779 998 901 1042 supra
937 985 988 1028 de
1019 990 1142 1041 yeme
1174 984 1437 1042 fundatoris,
1472 998 1543 1028 seu
1580 987 1699 1041 primi

73 1058 247 1113 patroni.

188 1126 275 1171 Hae
308 1128 535 1171 divisiones
569 1131 794 1185 respiciunt
839 1131 901 1172 ius
936 1133 1176 1184 patronatus
1201 1130 1427 1184 privatum,
1461 1133 1701 1184 competens

71 1211 218 1256 nempe
254 1202 441 1255 personis
475 1199 654 1256 physicis
687 1205 755 1243 aut
791 1198 1031 1253 moralibus,
1065 1201 1155 1242 sive
1181 1199 1309 1242 laicae
1332 1201 1413 1242 sint
1446 1201 1536 1242 sive
1569 1199 1700 1242 eccle-

69 1271 274 1323 siasticae,
307 1273 371 1314 cui
406 1271 824 1328 contradistinguitur
859 1273 920 1314 ius
955 1274 1196 1327 patronatus
1232 1273 1408 1327 regium,
1432 1270 1541 1328 quod
1577 1283 1598 1313 a
1622 1269 1700 1313 Re-

70 1339 204 1396 gibus,
241 1341 304 1384 vel
337 1344 542 1398 supremis
575 1339 884 1398 Magistratibus
916 1341 1131 1385 obtentum
1167 1346 1228 1384 est
1261 1355 1309 1384 ex
1346 1341 1489 1397 Aplco.
1531 1341 1699 1397 privile-

70 1413 152 1468 gio,
186 1412 369 1456 fortassis
403 1415 500 1456 nixo
536 1415 572 1456 in
608 1412 900 1457 donationibus
951 1412 1013 1455 vel
1060 1413 1371 1455 fundatmnibus
1418 1414 1698 1456 muniticentia

71 1484 182 1538 regia
218 1484 427 1539 perfectis

189 1553 285 1597 353.
321 1556 500 1601 Modus
542 1557 830 1613 acquirendi
875 1557 1143 1612 original-ie
1186 1557 1261 1601 ius
1307 1558 1601 1612 patronatus
1639 1560 1699 1598 est

70 1624 137 1668 ille
170 1638 252 1683 quo
285 1626 391 1669 istud
425 1628 557 1669 oritur
592 1628 726 1682 primo
760 1625 812 1670 ob
844 1626 1026 1684 aliquam
1062 1639 1227 1669 causam
1253 1638 1273 1669 a
1301 1627 1388 1669 iure
1412 1627 1612 1669 canonico
1637 1639 1698 1668 re·

68 1697 275 1751 cognitam
312 1697 368 1738 uti
402 1696 694 1752 productivam
729 1699 831 1741 eius.
866 1696 965 1740 'l'res
997 1702 1112 1740 erant
1139 1698 1176 1739 in
1202 1698 1292 1739 iure
1314 1698 1484 1753 antiquo
1509 1695 1548 1738 hi
1575 1696 1699 1750 modi,

67 1765 246 1810 scilicet:
283 1767 482 1822 fundatio,
516 1770 771 1811 constructio
805 1773 843 1810 et
877 1768 1046 1812 dotatio.
1094 1793 1146 1798 —
1194 1766 1248 1810 De
1293 1769 1599 1810 constructione
1633 1766 1700 1810 ha-

70 1835 214 1880 bemus
248 1842 404 1881 textum
456 1841 494 1881 in
543 1838 831 1882 Decretalibus
856 1838 893 1882 1;
934 1858 948 1877 «
976 1838 1103 1882 Nobis
1135 1840 1251 1881 t'uit...
1287 1840 1318 1881 si
1354 1840 1446 1895 quis
1479 1838 1696 1881 ecclesiam

67 1920 160 1950 cum
196 1920 365 1952 assensu
397 1909 630 1953 dioecesani
666 1912 912 1964 construxit,
946 1923 995 1953 ex
1022 1923 1069 1952 eo
1095 1911 1156 1952 ius
1181 1914 1422 1965 patronatus
1454 1910 1697 1966 acquirit».

67 2005 124 2009 -—
158 1978 214 2022 De
247 1979 456 2024 dotatione
490 1985 602 2023 extat
637 1980 733 2024 Dee.
768 1979 891 2025 Cone.
926 1980 1036 2023 Trid.
1065 1979 1102 2024 ²:
1143 1979 1330 2033 «Nemo,
1363 1982 1487 2023 etiam
1513 1982 1699 2023 cuiusvis

67 2049 280 2105 dignitatis
312 2050 620 2095 ecclesiasticae
658 2051 719 2094 vel
754 2051 992 2105 saecularis,
1026 2064 1291 2108 quacumque
1327 2054 1497 2105 ratione,
1523 2053 1597 2093 uisi
1632 2064 1697 2095 ec-

67 2120 251 2176 clesiam,
285 2120 532 2165 beneficium
567 2127 636 2166 aut
671 2122 872 2179 capellam
917 2122 1015 2179 (non
1040 2123 1161 2166 aliter
1184 2136 1231 2166 ac
1254 2135 1378 2178 supra
1405 2124 1441 2164 iu
1468 2136 1556 2165 cau.
1588 2122 1697 2165 1448

69 2190 220 2234 dicitur
251 2196 489 2248 competere
523 2195 585 2236 ius
619 2193 891 2249 patronatus),
927 2194 978 2237 de
1013 2207 1121 2236 novo
1161 2194 1399 2236 fundaverit
1438 2198 1475 2236 et
1509 2197 1696 2236 constru-

70 2264 188 2315 xerit,
221 2276 293 2306 seu
328 2266 407 2306 iam
442 2268 640 2318 erectam,
673 2278 779 2320 quae
813 2270 949 2309 tamen
984 2267 1071 2308 sine
1105 2265 1323 2308 sufficienti
1358 2264 1453 2307 dote
1486 2264 1623 2316 suerit,
1646 2264 1697 2307 de

67 2334 151 2376 suis
185 2336 361 2390 propriis
402 2339 442 2377 et
486 2335 846 2391 patrimonialibus
890 2335 1008 2380 bonis
1051 2340 1335 2391 competenter
1368 2335 1600 2390 dotaverit,
1636 2337 1697 2378 ius

70 2407 309 2458 patronatus
342 2407 566 2461 impetrare
600 2411 671 2449 aut
704 2405 892 2450 obtinere
926 2409 1051 2463 possit
1085 2412 1153 2450 aut
1185 2405 1397 2449 debeat».

186 2473 244 2518 De
277 2475 514 2519 fundatione
546 2481 721 2520 cavetur
753 2479 875 2520 etiam
912 2479 949 2520 in
986 2477 1061 2521 hoc
1093 2479 1241 2533 capite,
1266 2481 1305 2519 et
1327 2478 1521 2534 quamvis
1556 2476 1696 2519 videa-

67 2549 133 2588 tur
167 2558 239 2601 per
270 2559 313 2588 se
345 2545 474 2589 solam
509 2559 588 2590 non
623 2547 815 2591 sufficere
849 2548 919 2591 sed
965 2562 1060 2591 cum
1103 2549 1411 2590 constructione
1444 2546 1495 2590 ob
1529 2549 1696 2590 coniun-

66 2618 220 2659 ctivam
254 2616 512 2673 particulam,
549 2617 650 2661 baec
693 2622 830 2661 tamen
871 2620 1002 2675 accipi
1046 2618 1169 2662 debet
1212 2618 1462 2661 disiunctive
1505 2619 1609 2659 sicut
1655 2619 1692 2659 in

66 2686 158 2730 aliis
190 2700 240 2731 ss.
276 2687 526 2741 canonibus,
570 2692 656 2731 tum
701 2690 797 2745 quia
831 2702 878 2732 ex
919 2688 1200 2733 Decretalibus
1233 2688 1382 2731 sufficit
1426 2689 1693 2743 constructio,

65 2762 190 2815 atque
223 2760 286 2801 ius
319 2757 418 2801 illud
456 2760 567 2814 viget
600 2772 678 2802 non
715 2764 955 2803 revocatum
996 2773 1192 2816 expresse
1224 2772 1245 2802 a
1279 2757 1402 2802 Cone.
1437 2757 1562 2807 Trio„
1597 2771 1691 2801 cum

184 2865 195 2886 ¹
223 2863 313 2908 Cap.
351 2864 409 2904 25,
452 2863 532 2897 «de
567 2864 930 2909 iurepatrouatus»
965 2866 1024 2909 38,
1062 2865 1148 2899 Lib.
1187 2864 1258 2899 III.
1293 2863 1342 2897 X.
1386 2884 1427 2889 —
1468 2864 1481 2885 2’
1513 2863 1603 2908 Cap.
1635 2864 1693 2905 12,

65 2921 159 2945 sess.
188 2911 283 2945 XIV
309 2910 355 2945 de
382 2910 472 2945 Res.
