<?xml version="1.0" encoding="UTF-8"?>
<!DOCTYPE html PUBLIC "-//W3C//DTD XHTML 1.0 Transitional//EN"
    "http://www.w3.org/TR/xhtml1/DTD/xhtml1-transitional.dtd">
<html xmlns="http://www.w3.org/1999/xhtml" xml:lang="en" lang="en">
 <head>
  <title>
</title>
<meta http-equiv="Content-Type" content="text/html;charset=utf-8" />
  <meta name='ocr-system' content='tesseract 3.04.00' />
  <meta name='ocr-capabilities' content='ocr_page ocr_carea ocr_par ocr_line ocrx_word'/>
</head>
<body>
  <div class='ocr_page' id='page_1' title='image "./commentariumtext03blatuoft_0350.png"; bbox 0 0 1965 3240; ppageno 0'>
   <div class='ocr_carea' id='block_1_1' title="bbox 148 124 1513 170">
    <p class='ocr_par' dir='ltr' id='par_1_1' title="bbox 148 124 1513 170">
     <span class='ocr_line' id='line_1_1' title="bbox 148 124 1513 170; baseline 0.002 -12"><span class='ocrx_word' id='word_1_1' title='bbox 148 127 219 163; x_wconf 82' lang='lat'>338</span> <span class='ocrx_word' id='word_1_2' title='bbox 409 125 495 159; x_wconf 90' lang='lat' dir='ltr'><strong>L1B.</strong></span> <span class='ocrx_word' id='word_1_3' title='bbox 523 124 594 159; x_wconf 89' lang='lat' dir='ltr'><strong>III.</strong></span> <span class='ocrx_word' id='word_1_4' title='bbox 624 145 636 150; x_wconf 97' lang='lat'>-</span> <span class='ocrx_word' id='word_1_5' title='bbox 663 124 773 160; x_wconf 71' lang='lat' dir='ltr'><strong>PARS</strong></span> <span class='ocrx_word' id='word_1_6' title='bbox 797 125 862 160; x_wconf 92' lang='lat' dir='ltr'>IV.</span> <span class='ocrx_word' id='word_1_7' title='bbox 890 146 902 151; x_wconf 97' lang='lat'>-</span> <span class='ocrx_word' id='word_1_8' title='bbox 928 125 986 161; x_wconf 83' lang='lat' dir='ltr'>De</span> <span class='ocrx_word' id='word_1_9' title='bbox 1011 128 1234 170; x_wconf 64' lang='lat' dir='ltr'>wmytsterto</span> <span class='ocrx_word' id='word_1_10' title='bbox 1261 127 1513 161; x_wconf 75' lang='lat' dir='ltr'>ecclesiastico</span> 
     </span>
    </p>
   </div>
   <div class='ocr_carea' id='block_1_2' title="bbox 174 187 1607 192">
    <p class='ocr_par' dir='ltr' id='par_1_2' title="bbox 174 187 1607 192">
     <span class='ocr_line' id='line_1_2' title="bbox 174 187 1607 192; baseline 0 0"><span class='ocrx_word' id='word_1_11' title='bbox 174 187 1607 192; x_wconf 95' lang='lat' dir='ltr'> </span> 
     </span>
    </p>
   </div>
   <div class='ocr_carea' id='block_1_3' title="bbox 149 244 1777 2782">
    <p class='ocr_par' dir='ltr' id='par_1_3' title="bbox 149 244 1777 1224">
     <span class='ocr_line' id='line_1_3' title="bbox 150 244 1772 303; baseline 0 -13"><span class='ocrx_word' id='word_1_12' title='bbox 150 260 309 302; x_wconf 88' lang='lat' dir='ltr'>eorum,</span> <span class='ocrx_word' id='word_1_13' title='bbox 342 245 384 301; x_wconf 81' lang='lat' dir='ltr'>d)</span> <span class='ocrx_word' id='word_1_14' title='bbox 415 244 541 303; x_wconf 73' lang='lat' dir='ltr'>solia,</span> <span class='ocrx_word' id='word_1_15' title='bbox 572 257 677 301; x_wconf 87' lang='lat' dir='ltr'>quae</span> <span class='ocrx_word' id='word_1_16' title='bbox 711 257 834 287; x_wconf 90' lang='lat' dir='ltr'>unam</span> <span class='ocrx_word' id='word_1_17' title='bbox 872 244 933 287; x_wconf 86' lang='lat' dir='ltr'>vel</span> <span class='ocrx_word' id='word_1_18' title='bbox 969 244 1140 287; x_wconf 86' lang='lat' dir='ltr'>alteram</span> <span class='ocrx_word' id='word_1_19' title='bbox 1165 246 1394 287; x_wconf 90' lang='lat' dir='ltr'>orationem</span> <span class='ocrx_word' id='word_1_20' title='bbox 1421 245 1689 302; x_wconf 78' lang='lat' dir='ltr'>indulgentiis</span> <span class='ocrx_word' id='word_1_21' title='bbox 1712 247 1772 290; x_wconf 90' lang='lat' dir='ltr'>di-</span> 
     </span>
     <span class='ocr_line' id='line_1_4' title="bbox 149 314 1773 373; baseline -0.001 -12"><span class='ocrx_word' id='word_1_22' title='bbox 149 322 275 361; x_wconf 87' lang='lat' dir='ltr'>tatam</span> <span class='ocrx_word' id='word_1_23' title='bbox 310 316 491 370; x_wconf 85' lang='lat' dir='ltr'>edicunt,</span> <span class='ocrx_word' id='word_1_24' title='bbox 524 320 615 365; x_wconf 71' lang='lat' dir='ltr'>eto„</span> <span class='ocrx_word' id='word_1_25' title='bbox 648 314 692 357; x_wconf 77' lang='lat' dir='ltr'>in</span> <span class='ocrx_word' id='word_1_26' title='bbox 725 314 872 372; x_wconf 75' lang='lat' dir='ltr'>quibas</span> <span class='ocrx_word' id='word_1_27' title='bbox 904 314 1078 371; x_wconf 91' lang='lat' dir='ltr'>singulis</span> <span class='ocrx_word' id='word_1_28' title='bbox 1102 314 1324 371; x_wconf 89' lang='lat' dir='ltr'>praedictis</span> <span class='ocrx_word' id='word_1_29' title='bbox 1350 328 1496 358; x_wconf 77' lang='lat' dir='ltr'>earum</span> <span class='ocrx_word' id='word_1_30' title='bbox 1521 329 1691 373; x_wconf 84' lang='lat' dir='ltr'>nempe:</span> <span class='ocrx_word' id='word_1_31' title='bbox 1716 319 1773 360; x_wconf 89' lang='lat' dir='ltr'>in·</span> 
     </span>
     <span class='ocr_line' id='line_1_5' title="bbox 149 384 1772 444; baseline -0.001 -13"><span class='ocrx_word' id='word_1_32' title='bbox 149 388 457 444; x_wconf 87' lang='lat' dir='ltr'>dulgentiarum</span> <span class='ocrx_word' id='word_1_33' title='bbox 491 385 787 428; x_wconf 48' lang='lat' dir='ltr'>eoncessiones.</span> <span class='ocrx_word' id='word_1_34' title='bbox 808 386 1034 428; x_wconf 88' lang='lat' dir='ltr'>summarie</span> <span class='ocrx_word' id='word_1_35' title='bbox 1068 384 1349 441; x_wconf 71' lang='lat' dir='ltr'>eontinentur,</span> <span class='ocrx_word' id='word_1_36' title='bbox 1383 389 1594 443; x_wconf 81' lang='lat' dir='ltr'>tamquam</span> <span class='ocrx_word' id='word_1_37' title='bbox 1629 387 1772 443; x_wconf 88' lang='lat' dir='ltr'>regula</span> 
     </span>
     <span class='ocr_line' id='line_1_6' title="bbox 150 454 1776 516; baseline -0.001 -14"><span class='ocrx_word' id='word_1_38' title='bbox 150 458 356 516; x_wconf 87' lang='lat' dir='ltr'>generalis</span> <span class='ocrx_word' id='word_1_39' title='bbox 387 471 438 500; x_wconf 76' lang='lat' dir='ltr'>ne</span> <span class='ocrx_word' id='word_1_40' title='bbox 470 455 664 503; x_wconf 75' lang='lat' dir='ltr'>edantur,</span> <span class='ocrx_word' id='word_1_41' title='bbox 694 460 814 513; x_wconf 84' lang='lat' dir='ltr'>prout</span> <span class='ocrx_word' id='word_1_42' title='bbox 836 458 1001 512; x_wconf 90' lang='lat' dir='ltr'>saepius</span> <span class='ocrx_word' id='word_1_43' title='bbox 1040 454 1348 499; x_wconf 89' lang='lat' dir='ltr'>declaravimus</span> <span class='ocrx_word' id='word_1_44' title='bbox 1371 455 1449 500; x_wconf 89' lang='lat' dir='ltr'>hoc</span> <span class='ocrx_word' id='word_1_45' title='bbox 1474 456 1776 512; x_wconf 77' lang='lat' dir='ltr'>verbum,sine</span> 
     </span>
     <span class='ocr_line' id='line_1_7' title="bbox 150 521 1773 586; baseline 0 -13"><span class='ocrx_word' id='word_1_46' title='bbox 150 529 323 573; x_wconf 78' lang='lat' dir='ltr'>lic-entia</span> <span class='ocrx_word' id='word_1_47' title='bbox 359 527 586 572; x_wconf 71' lang='lat' dir='ltr'>Ordinarii</span> <span class='ocrx_word' id='word_1_48' title='bbox 618 526 699 570; x_wconf 73' lang='lat' dir='ltr'>loci</span> <span class='ocrx_word' id='word_1_49' title='bbox 731 529 853 570; x_wconf 93' lang='lat' dir='ltr'>unius</span> <span class='ocrx_word' id='word_1_50' title='bbox 877 540 924 570; x_wconf 85' lang='lat' dir='ltr'>ex</span> <span class='ocrx_word' id='word_1_51' title='bbox 952 521 1082 569; x_wconf 86' lang='lat' dir='ltr'>tribus</span> <span class='ocrx_word' id='word_1_52' title='bbox 1105 526 1329 570; x_wconf 85' lang='lat' dir='ltr'>declaratis</span> <span class='ocrx_word' id='word_1_53' title='bbox 1353 528 1392 569; x_wconf 90' lang='lat' dir='ltr'>in</span> <span class='ocrx_word' id='word_1_54' title='bbox 1417 539 1506 570; x_wconf 90' lang='lat' dir='ltr'>can.</span> <span class='ocrx_word' id='word_1_55' title='bbox 1534 528 1661 583; x_wconf 76' lang='lat'>1385,</span> <span class='ocrx_word' id='word_1_56' title='bbox 1682 528 1710 586; x_wconf 64' lang='grc' dir='ltr'>ἓ</span> <span class='ocrx_word' id='word_1_57' title='bbox 1734 529 1773 573; x_wconf 71' lang='lat'>2.</span> 
     </span>
     <span class='ocr_line' id='line_1_8' title="bbox 150 596 1776 656; baseline -0.001 -13"><span class='ocrx_word' id='word_1_58' title='bbox 150 626 206 632; x_wconf 88' lang='lat'><strong>—</strong></span> <span class='ocrx_word' id='word_1_59' title='bbox 238 600 294 643; x_wconf 90' lang='lat' dir='ltr'>lta</span> <span class='ocrx_word' id='word_1_60' title='bbox 330 603 486 642; x_wconf 88' lang='lat' dir='ltr'>mutata</span> <span class='ocrx_word' id='word_1_61' title='bbox 519 603 579 642; x_wconf 87' lang='lat' dir='ltr'>est</span> <span class='ocrx_word' id='word_1_62' title='bbox 611 597 809 653; x_wconf 77' lang='lat' dir='ltr'>clausula,</span> <span class='ocrx_word' id='word_1_63' title='bbox 844 610 967 654; x_wconf 83' lang='lat' dir='ltr'>quam</span> <span class='ocrx_word' id='word_1_64' title='bbox 1002 596 1233 640; x_wconf 79' lang='lat' dir='ltr'>declaravit</span> <span class='ocrx_word' id='word_1_65' title='bbox 1265 599 1512 654; x_wconf 86' lang='lat' dir='ltr'>rescriptum</span> <span class='ocrx_word' id='word_1_66' title='bbox 1546 598 1584 642; x_wconf 89' lang='lat' dir='ltr'>S.</span> <span class='ocrx_word' id='word_1_67' title='bbox 1608 598 1776 656; x_wconf 56' lang='lat' dir='ltr'>Congu*</span> 
     </span>
     <span class='ocr_line' id='line_1_9' title="bbox 150 665 1773 727; baseline -0.002 -12"><span class='ocrx_word' id='word_1_68' title='bbox 150 671 302 715; x_wconf 90' lang='lat' dir='ltr'>Indicis</span> <span class='ocrx_word' id='word_1_69' title='bbox 326 672 359 714; x_wconf 71' lang='lat'>¹:</span> <span class='ocrx_word' id='word_1_70' title='bbox 400 674 575 713; x_wconf 77' lang='lat' dir='ltr'>«utrum</span> <span class='ocrx_word' id='word_1_71' title='bbox 611 671 649 711; x_wconf 92' lang='lat' dir='ltr'>in</span> <span class='ocrx_word' id='word_1_72' title='bbox 684 681 796 712; x_wconf 91' lang='lat' dir='ltr'>num.</span> <span class='ocrx_word' id='word_1_73' title='bbox 832 668 884 711; x_wconf 79' lang='lat'>17</span> <span class='ocrx_word' id='word_1_74' title='bbox 918 666 1111 712; x_wconf 78' lang='lat' dir='ltr'>Decret.¹³²</span> <span class='ocrx_word' id='word_1_75' title='bbox 1144 665 1381 723; x_wconf 69' lang='lat' dir='ltr'>Gene1·.¹²²...,</span> <span class='ocrx_word' id='word_1_76' title='bbox 1421 668 1546 712; x_wconf 84' lang='lat' dir='ltr'>verba</span> <span class='ocrx_word' id='word_1_77' title='bbox 1584 682 1666 712; x_wconf 75' lang='lat' dir='ltr'>non</span> <span class='ocrx_word' id='word_1_78' title='bbox 1695 683 1773 727; x_wconf 80' lang='lat' dir='ltr'>pu-</span> 
     </span>
     <span class='ocr_line' id='line_1_10' title="bbox 150 737 1773 798; baseline -0.002 -12"><span class='ocrx_word' id='word_1_79' title='bbox 150 743 356 786; x_wconf 77' lang='lat' dir='ltr'>blicentur</span> <span class='ocrx_word' id='word_1_80' title='bbox 389 740 542 798; x_wconf 79' lang='lat' dir='ltr'>absque</span> <span class='ocrx_word' id='word_1_81' title='bbox 573 739 843 797; x_wconf 70' lang='lat' dir='ltr'>competentis</span> <span class='ocrx_word' id='word_1_82' title='bbox 875 738 1148 781; x_wconf 76' lang='lat' dir='ltr'>auctoritatis</span> <span class='ocrx_word' id='word_1_83' title='bbox 1190 737 1363 781; x_wconf 77' lang='lat' dir='ltr'>licentia</span> <span class='ocrx_word' id='word_1_84' title='bbox 1405 741 1459 782; x_wconf 83' lang='lat' dir='ltr'>ila</span> <span class='ocrx_word' id='word_1_85' title='bbox 1503 741 1583 782; x_wconf 87' lang='lat' dir='ltr'>sint</span> <span class='ocrx_word' id='word_1_86' title='bbox 1626 740 1773 784; x_wconf 88' lang='lat' dir='ltr'>intelli-</span> 
     </span>
     <span class='ocr_line' id='line_1_11' title="bbox 151 808 1777 871; baseline -0.001 -14"><span class='ocrx_word' id='word_1_87' title='bbox 151 814 300 871; x_wconf 88' lang='lat' dir='ltr'>genda,</span> <span class='ocrx_word' id='word_1_88' title='bbox 333 817 377 856; x_wconf 89' lang='lat' dir='ltr'>ut</span> <span class='ocrx_word' id='word_1_89' title='bbox 409 814 448 855; x_wconf 91' lang='lat' dir='ltr'>in</span> <span class='ocrx_word' id='word_1_90' title='bbox 484 816 691 868; x_wconf 82' lang='lat' dir='ltr'>posterum</span> <span class='ocrx_word' id='word_1_91' title='bbox 728 809 1090 866; x_wconf 69' lang='lat' dir='ltr'>indulyenliaram</span> <span class='ocrx_word' id='word_1_92' title='bbox 1122 808 1262 854; x_wconf 76' lang='lat' dir='ltr'>libri...</span> <span class='ocrx_word' id='word_1_93' title='bbox 1299 815 1376 853; x_wconf 91' lang='lat' dir='ltr'>etc.</span> <span class='ocrx_word' id='word_1_94' title='bbox 1410 823 1550 853; x_wconf 71' lang='lat' dir='ltr'>omnes</span> <span class='ocrx_word' id='word_1_95' title='bbox 1583 811 1632 854; x_wconf 87' lang='lat' dir='ltr'>ad</span> <span class='ocrx_word' id='word_1_96' title='bbox 1667 811 1777 855; x_wconf 90' lang='lat' dir='ltr'>solos</span> 
     </span>
     <span class='ocr_line' id='line_1_12' title="bbox 151 879 1774 937; baseline -0.001 -9"><span class='ocrx_word' id='word_1_97' title='bbox 151 885 336 928; x_wconf 89' lang='lat' dir='ltr'>locorum</span> <span class='ocrx_word' id='word_1_98' title='bbox 371 880 617 927; x_wconf 88' lang='lat' dir='ltr'>Ordinarios</span> <span class='ocrx_word' id='word_1_99' title='bbox 652 894 724 937; x_wconf 92' lang='lat' dir='ltr'>pro</span> <span class='ocrx_word' id='word_1_100' title='bbox 757 880 1019 937; x_wconf 81' lang='lat' dir='ltr'>impetranda</span> <span class='ocrx_word' id='word_1_101' title='bbox 1054 879 1217 923; x_wconf 85' lang='lat' dir='ltr'>licentia</span> <span class='ocrx_word' id='word_1_102' title='bbox 1250 882 1331 923; x_wconf 89' lang='lat' dir='ltr'>sint</span> <span class='ocrx_word' id='word_1_103' title='bbox 1364 881 1606 925; x_wconf 72' lang='lat' dir='ltr'>referendi?</span> <span class='ocrx_word' id='word_1_104' title='bbox 1631 909 1683 912; x_wconf 97' lang='lat'><strong>—</strong></span> <span class='ocrx_word' id='word_1_105' title='bbox 1711 882 1774 926; x_wconf 88' lang='lat' dir='ltr'>An</span> 
     </span>
     <span class='ocr_line' id='line_1_13' title="bbox 151 949 1775 1010; baseline -0.002 -11"><span class='ocrx_word' id='word_1_106' title='bbox 151 969 251 999; x_wconf 91' lang='lat' dir='ltr'>vero</span> <span class='ocrx_word' id='word_1_107' title='bbox 283 953 531 998; x_wconf 88' lang='lat' dir='ltr'>subiiciendi</span> <span class='ocrx_word' id='word_1_108' title='bbox 554 954 634 995; x_wconf 90' lang='lat' dir='ltr'>sint</span> <span class='ocrx_word' id='word_1_109' title='bbox 657 963 857 995; x_wconf 75' lang='lat' dir='ltr'>censurae</span> <span class='ocrx_word' id='word_1_110' title='bbox 890 955 960 994; x_wconf 88' lang='lat' dir='ltr'>aut</span> <span class='ocrx_word' id='word_1_111' title='bbox 992 951 1029 994; x_wconf 84' lang='lat' dir='ltr'>S.</span> <span class='ocrx_word' id='word_1_112' title='bbox 1054 949 1220 1007; x_wconf 76' lang='lat' dir='ltr'>Cong1·.³</span> <span class='ocrx_word' id='word_1_113' title='bbox 1257 951 1611 1007; x_wconf 86' lang='lat' dir='ltr'>lndulgentiarum</span> <span class='ocrx_word' id='word_1_114' title='bbox 1647 952 1775 1010; x_wconf 81' lang='lat' dir='ltr'>(nunc</span> 
     </span>
     <span class='ocr_line' id='line_1_14' title="bbox 151 1016 1775 1079; baseline -0.003 -8"><span class='ocrx_word' id='word_1_115' title='bbox 151 1016 375 1071; x_wconf 87' lang='lat' dir='ltr'>dicendum</span> <span class='ocrx_word' id='word_1_116' title='bbox 408 1025 446 1068; x_wconf 86' lang='lat' dir='ltr'>S.</span> <span class='ocrx_word' id='word_1_117' title='bbox 469 1021 624 1079; x_wconf 72' lang='lat' dir='ltr'>Officii)</span> <span class='ocrx_word' id='word_1_118' title='bbox 648 1026 716 1065; x_wconf 90' lang='lat' dir='ltr'>aut</span> <span class='ocrx_word' id='word_1_119' title='bbox 739 1019 949 1066; x_wconf 85' lang='lat' dir='ltr'>Ordinarii</span> <span class='ocrx_word' id='word_1_120' title='bbox 977 1021 1054 1065; x_wconf 92' lang='lat' dir='ltr'>loci</span> <span class='ocrx_word' id='word_1_121' title='bbox 1077 1021 1306 1065; x_wconf 85' lang='lat' dir='ltr'>secundum</span> <span class='ocrx_word' id='word_1_122' title='bbox 1332 1035 1497 1065; x_wconf 88' lang='lat' dir='ltr'>normas</span> <span class='ocrx_word' id='word_1_123' title='bbox 1521 1028 1615 1066; x_wconf 82' lang='lat' dir='ltr'>ante</span> <span class='ocrx_word' id='word_1_124' title='bbox 1637 1021 1775 1067; x_wconf 86' lang='lat' dir='ltr'>Const.</span> 
     </span>
     <span class='ocr_line' id='line_1_15' title="bbox 155 1091 1772 1149; baseline -0.001 -10"><span class='ocrx_word' id='word_1_125' title='bbox 155 1114 174 1139; x_wconf 81' lang='lat'>(‹</span> <span class='ocrx_word' id='word_1_126' title='bbox 199 1095 445 1142; x_wconf 83' lang='lat' dir='ltr'>Officiorum</span> <span class='ocrx_word' id='word_1_127' title='bbox 468 1107 516 1138; x_wconf 90' lang='lat' dir='ltr'>ac</span> <span class='ocrx_word' id='word_1_128' title='bbox 541 1107 758 1137; x_wconf 87' lang='lat' dir='ltr'>munerum</span> <span class='ocrx_word' id='word_1_129' title='bbox 784 1109 804 1134; x_wconf 82' lang='lat'>»</span> <span class='ocrx_word' id='word_1_130' title='bbox 832 1092 1065 1136; x_wconf 74' lang='lat' dir='ltr'>stabilitas?</span> <span class='ocrx_word' id='word_1_131' title='bbox 1089 1118 1142 1123; x_wconf 93' lang='lat'>—</span> <span class='ocrx_word' id='word_1_132' title='bbox 1166 1092 1204 1135; x_wconf 88' lang='lat' dir='ltr'>S.</span> <span class='ocrx_word' id='word_1_133' title='bbox 1227 1091 1376 1149; x_wconf 87' lang='lat' dir='ltr'>Congr.</span> <span class='ocrx_word' id='word_1_134' title='bbox 1402 1093 1636 1149; x_wconf 88' lang='lat' dir='ltr'>respondit:</span> <span class='ocrx_word' id='word_1_135' title='bbox 1667 1109 1687 1135; x_wconf 75' lang='lat'>«</span> <span class='ocrx_word' id='word_1_136' title='bbox 1710 1094 1772 1137; x_wconf 85' lang='lat' dir='ltr'>Ad</span> 
     </span>
     <span class='ocr_line' id='line_1_16' title="bbox 154 1163 1184 1224; baseline -0.008 -13"><span class='ocrx_word' id='word_1_137' title='bbox 154 1169 205 1211; x_wconf 77' lang='lat' dir='ltr'>1m</span> <span class='ocrx_word' id='word_1_138' title='bbox 240 1171 412 1224; x_wconf 84' lang='lat' dir='ltr'>partem,</span> <span class='ocrx_word' id='word_1_139' title='bbox 447 1167 653 1220; x_wconf 80' lang='lat' dir='ltr'>negative.</span> <span class='ocrx_word' id='word_1_140' title='bbox 689 1163 748 1207; x_wconf 81' lang='lat' dir='ltr'>Ad</span> <span class='ocrx_word' id='word_1_141' title='bbox 786 1163 839 1206; x_wconf 66' lang='lat'>2¹²²</span> <span class='ocrx_word' id='word_1_142' title='bbox 871 1163 1184 1206; x_wconf 83' lang='lat' dir='ltr'>affirmative».</span> 
     </span>
    </p>

    <p class='ocr_par' dir='ltr' id='par_1_4' title="bbox 151 1232 1776 2004">
     <span class='ocr_line' id='line_1_17' title="bbox 271 1232 1774 1291; baseline -0.003 -10"><span class='ocrx_word' id='word_1_143' title='bbox 271 1237 356 1281; x_wconf 90' lang='lat' dir='ltr'>Hae</span> <span class='ocrx_word' id='word_1_144' title='bbox 388 1248 558 1279; x_wconf 90' lang='lat' dir='ltr'>normae</span> <span class='ocrx_word' id='word_1_145' title='bbox 591 1239 808 1278; x_wconf 79' lang='lat' dir='ltr'>contentae</span> <span class='ocrx_word' id='word_1_146' title='bbox 843 1236 880 1276; x_wconf 94' lang='lat' dir='ltr'>in</span> <span class='ocrx_word' id='word_1_147' title='bbox 915 1233 1076 1277; x_wconf 87' lang='lat' dir='ltr'>duobus</span> <span class='ocrx_word' id='word_1_148' title='bbox 1110 1232 1221 1277; x_wconf 82' lang='lat' dir='ltr'>Dec.⁵</span> <span class='ocrx_word' id='word_1_149' title='bbox 1243 1233 1280 1278; x_wconf 82' lang='lat' dir='ltr'>S.</span> <span class='ocrx_word' id='word_1_150' title='bbox 1305 1232 1470 1290; x_wconf 86' lang='lat' dir='ltr'>Congr.S</span> <span class='ocrx_word' id='word_1_151' title='bbox 1492 1234 1774 1291; x_wconf 86' lang='lat' dir='ltr'>Indulgentia-</span> 
     </span>
     <span class='ocr_line' id='line_1_18' title="bbox 151 1303 1774 1361; baseline -0.002 -8"><span class='ocrx_word' id='word_1_152' title='bbox 151 1322 242 1353; x_wconf 86' lang='lat' dir='ltr'>rum</span> <span class='ocrx_word' id='word_1_153' title='bbox 267 1308 281 1330; x_wconf 71' lang='lat'>‘²</span> <span class='ocrx_word' id='word_1_154' title='bbox 314 1308 506 1351; x_wconf 82' lang='lat' dir='ltr'>distincte</span> <span class='ocrx_word' id='word_1_155' title='bbox 539 1310 634 1349; x_wconf 90' lang='lat' dir='ltr'>sunt</span> <span class='ocrx_word' id='word_1_156' title='bbox 667 1307 821 1361; x_wconf 83' lang='lat' dir='ltr'>positae</span> <span class='ocrx_word' id='word_1_157' title='bbox 856 1307 894 1347; x_wconf 91' lang='lat' dir='ltr'>in</span> <span class='ocrx_word' id='word_1_158' title='bbox 929 1303 1091 1348; x_wconf 85' lang='lat' dir='ltr'>duobus</span> <span class='ocrx_word' id='word_1_159' title='bbox 1130 1303 1400 1361; x_wconf 85' lang='lat' dir='ltr'>paragraphis</span> <span class='ocrx_word' id='word_1_160' title='bbox 1432 1307 1615 1348; x_wconf 80' lang='lat' dir='ltr'>canonis.</span> <span class='ocrx_word' id='word_1_161' title='bbox 1653 1304 1774 1349; x_wconf 89' lang='lat' dir='ltr'>Vide-</span> 
     </span>
     <span class='ocr_line' id='line_1_19' title="bbox 151 1375 1775 1432; baseline -0.003 -8"><span class='ocrx_word' id='word_1_162' title='bbox 151 1380 269 1424; x_wconf 87' lang='lat' dir='ltr'>licet:</span> <span class='ocrx_word' id='word_1_163' title='bbox 305 1381 344 1422; x_wconf 89' lang='lat' dir='ltr'>in</span> <span class='ocrx_word' id='word_1_164' title='bbox 380 1378 422 1421; x_wconf 83' lang='grc' dir='ltr'>1Ο</span> <span class='ocrx_word' id='word_1_165' title='bbox 456 1376 573 1421; x_wconf 90' lang='lat' dir='ltr'>Dec.⁰</span> <span class='ocrx_word' id='word_1_166' title='bbox 608 1376 815 1419; x_wconf 87' lang='lat' dir='ltr'>antedicto</span> <span class='ocrx_word' id='word_1_167' title='bbox 848 1377 906 1419; x_wconf 88' lang='lat' dir='ltr'>sic</span> <span class='ocrx_word' id='word_1_168' title='bbox 941 1375 1113 1432; x_wconf 84' lang='lat' dir='ltr'>legitur:</span> <span class='ocrx_word' id='word_1_169' title='bbox 1154 1391 1173 1415; x_wconf 69' lang='grc' dir='ltr'>(ι</span> <span class='ocrx_word' id='word_1_170' title='bbox 1197 1377 1228 1418; x_wconf 88' lang='lat' dir='ltr'>si</span> <span class='ocrx_word' id='word_1_171' title='bbox 1253 1380 1400 1431; x_wconf 87' lang='lat' dir='ltr'>agatur</span> <span class='ocrx_word' id='word_1_172' title='bbox 1422 1375 1473 1418; x_wconf 93' lang='lat' dir='ltr'>de</span> <span class='ocrx_word' id='word_1_173' title='bbox 1497 1375 1656 1419; x_wconf 90' lang='lat' dir='ltr'>edenda</span> <span class='ocrx_word' id='word_1_174' title='bbox 1679 1389 1775 1419; x_wconf 84' lang='lat' dir='ltr'>eon-</span> 
     </span>
     <span class='ocr_line' id='line_1_20' title="bbox 151 1445 1773 1504; baseline -0.003 -9"><span class='ocrx_word' id='word_1_175' title='bbox 151 1453 336 1495; x_wconf 88' lang='lat' dir='ltr'>cessione</span> <span class='ocrx_word' id='word_1_176' title='bbox 369 1449 547 1492; x_wconf 89' lang='lat' dir='ltr'>alicuius</span> <span class='ocrx_word' id='word_1_177' title='bbox 580 1447 877 1503; x_wconf 75' lang='lat' dir='ltr'>indulgentiae,</span> <span class='ocrx_word' id='word_1_178' title='bbox 913 1446 974 1489; x_wconf 85' lang='lat' dir='ltr'>vel</span> <span class='ocrx_word' id='word_1_179' title='bbox 1009 1446 1231 1489; x_wconf 84' lang='lat' dir='ltr'>Summarii</span> <span class='ocrx_word' id='word_1_180' title='bbox 1263 1445 1630 1503; x_wconf 75' lang='lat' dir='ltr'>indulgentiarum,</span> <span class='ocrx_word' id='word_1_181' title='bbox 1664 1446 1773 1504; x_wconf 90' lang='lat' dir='ltr'>quod</span> 
     </span>
     <span class='ocr_line' id='line_1_21' title="bbox 151 1516 1774 1576; baseline -0.004 -10"><span class='ocrx_word' id='word_1_182' title='bbox 151 1536 199 1566; x_wconf 84' lang='lat' dir='ltr'>ex</span> <span class='ocrx_word' id='word_1_183' title='bbox 236 1522 357 1565; x_wconf 87' lang='lat' dir='ltr'>Brevi</span> <span class='ocrx_word' id='word_1_184' title='bbox 390 1519 628 1576; x_wconf 88' lang='lat' dir='ltr'>Apostolico</span> <span class='ocrx_word' id='word_1_185' title='bbox 661 1516 834 1574; x_wconf 76' lang='lat' dir='ltr'>(unico),</span> <span class='ocrx_word' id='word_1_186' title='bbox 870 1517 932 1560; x_wconf 80' lang='lat' dir='ltr'>vel</span> <span class='ocrx_word' id='word_1_187' title='bbox 968 1516 1181 1573; x_wconf 86' lang='lat' dir='ltr'>Rescripto</span> <span class='ocrx_word' id='word_1_188' title='bbox 1214 1520 1325 1570; x_wconf 91' lang='lat' dir='ltr'>(uno)</span> <span class='ocrx_word' id='word_1_189' title='bbox 1357 1517 1659 1560; x_wconf 85' lang='lat' dir='ltr'>desumendum</span> <span class='ocrx_word' id='word_1_190' title='bbox 1700 1522 1774 1569; x_wconf 87' lang='lat' dir='ltr'>est,</span> 
     </span>
     <span class='ocr_line' id='line_1_22' title="bbox 151 1586 1774 1645; baseline -0.004 -8"><span class='ocrx_word' id='word_1_191' title='bbox 151 1598 221 1637; x_wconf 90' lang='lat' dir='ltr'>aut</span> <span class='ocrx_word' id='word_1_192' title='bbox 254 1593 304 1636; x_wconf 91' lang='lat' dir='ltr'>de</span> <span class='ocrx_word' id='word_1_193' title='bbox 336 1592 570 1635; x_wconf 87' lang='lat' dir='ltr'>Summario</span> <span class='ocrx_word' id='word_1_194' title='bbox 595 1603 645 1633; x_wconf 82' lang='lat' dir='ltr'>ex</span> <span class='ocrx_word' id='word_1_195' title='bbox 669 1591 914 1633; x_wconf 80' lang='lat' dir='ltr'>auctoritate</span> <span class='ocrx_word' id='word_1_196' title='bbox 937 1589 1087 1632; x_wconf 77' lang='lat' dir='ltr'>Sacrae</span> <span class='ocrx_word' id='word_1_197' title='bbox 1110 1586 1452 1644; x_wconf 84' lang='lat' dir='ltr'>Congregationis</span> <span class='ocrx_word' id='word_1_198' title='bbox 1486 1587 1774 1645; x_wconf 85' lang='lat' dir='ltr'>(competenti)</span> 
     </span>
     <span class='ocr_line' id='line_1_23' title="bbox 151 1656 1772 1719; baseline -0.003 -13"><span class='ocrx_word' id='word_1_199' title='bbox 151 1666 232 1708; x_wconf 91' lang='lat' dir='ltr'>iam</span> <span class='ocrx_word' id='word_1_200' title='bbox 270 1662 451 1719; x_wconf 79' lang='lat' dir='ltr'>vulgato,</span> <span class='ocrx_word' id='word_1_201' title='bbox 486 1663 525 1703; x_wconf 90' lang='lat' dir='ltr'>in</span> <span class='ocrx_word' id='word_1_202' title='bbox 562 1664 762 1716; x_wconf 85' lang='lat' dir='ltr'>potestate</span> <span class='ocrx_word' id='word_1_203' title='bbox 794 1656 1005 1704; x_wconf 89' lang='lat' dir='ltr'>Ordinarii</span> <span class='ocrx_word' id='word_1_204' title='bbox 1039 1661 1091 1701; x_wconf 87' lang='lat' dir='ltr'>sit</span> <span class='ocrx_word' id='word_1_205' title='bbox 1125 1658 1332 1701; x_wconf 88' lang='lat' dir='ltr'>licentiam</span> <span class='ocrx_word' id='word_1_206' title='bbox 1356 1659 1587 1702; x_wconf 89' lang='lat' dir='ltr'>concedere</span> <span class='ocrx_word' id='word_1_207' title='bbox 1610 1671 1772 1701; x_wconf 88' lang='lat' dir='ltr'>earum-</span> 
     </span>
     <span class='ocr_line' id='line_1_24' title="bbox 151 1729 1773 1789; baseline -0.004 -11"><span class='ocrx_word' id='word_1_208' title='bbox 151 1735 246 1778; x_wconf 87' lang='lat' dir='ltr'>dem</span> <span class='ocrx_word' id='word_1_209' title='bbox 282 1733 632 1789; x_wconf 83' lang='lat' dir='ltr'>indulgentiarum</span> <span class='ocrx_word' id='word_1_210' title='bbox 662 1732 950 1774; x_wconf 87' lang='lat' dir='ltr'>concessiones</span> <span class='ocrx_word' id='word_1_211' title='bbox 984 1731 1091 1786; x_wconf 72' lang='lat' dir='ltr'>typis</span> <span class='ocrx_word' id='word_1_212' title='bbox 1124 1729 1389 1785; x_wconf 89' lang='lat' dir='ltr'>imprimendi</span> <span class='ocrx_word' id='word_1_213' title='bbox 1423 1729 1670 1786; x_wconf 89' lang='lat' dir='ltr'>(dummodo</span> <span class='ocrx_word' id='word_1_214' title='bbox 1699 1742 1773 1785; x_wconf 88' lang='lat' dir='ltr'>pro</span> 
     </span>
     <span class='ocr_line' id='line_1_25' title="bbox 151 1799 1776 1863; baseline -0.004 -14"><span class='ocrx_word' id='word_1_215' title='bbox 151 1805 289 1863; x_wconf 89' lang='lat' dir='ltr'>aliquo</span> <span class='ocrx_word' id='word_1_216' title='bbox 322 1802 494 1847; x_wconf 91' lang='lat' dir='ltr'>elencho</span> <span class='ocrx_word' id='word_1_217' title='bbox 528 1815 607 1845; x_wconf 89' lang='lat' dir='ltr'>non</span> <span class='ocrx_word' id='word_1_218' title='bbox 631 1803 683 1845; x_wconf 86' lang='lat' dir='ltr'>sit</span> <span class='ocrx_word' id='word_1_219' title='bbox 704 1800 895 1857; x_wconf 85' lang='lat' dir='ltr'>specialis</span> <span class='ocrx_word' id='word_1_220' title='bbox 917 1804 956 1843; x_wconf 83' lang='lat' dir='ltr'>et</span> <span class='ocrx_word' id='word_1_221' title='bbox 979 1811 1174 1856; x_wconf 83' lang='lat' dir='ltr'>expressa</span> <span class='ocrx_word' id='word_1_222' title='bbox 1209 1799 1445 1856; x_wconf 82' lang='lat' dir='ltr'>prohibitio)</span> <span class='ocrx_word' id='word_1_223' title='bbox 1470 1815 1515 1854; x_wconf 73' lang='lat'>»3</span> <span class='ocrx_word' id='word_1_224' title='bbox 1549 1801 1655 1843; x_wconf 82' lang='lat' dir='ltr'>sicut</span> <span class='ocrx_word' id='word_1_225' title='bbox 1687 1805 1776 1843; x_wconf 89' lang='lat' dir='ltr'>erat</span> 
     </span>
     <span class='ocr_line' id='line_1_26' title="bbox 152 1869 1774 1932; baseline -0.003 -14"><span class='ocrx_word' id='word_1_226' title='bbox 152 1878 190 1918; x_wconf 92' lang='lat' dir='ltr'>in</span> <span class='ocrx_word' id='word_1_227' title='bbox 226 1887 361 1932; x_wconf 91' lang='lat' dir='ltr'>praec.</span> <span class='ocrx_word' id='word_1_228' title='bbox 398 1875 486 1916; x_wconf 92' lang='lat' dir='ltr'>iure</span> <span class='ocrx_word' id='word_1_229' title='bbox 531 1886 604 1928; x_wconf 87' lang='lat' dir='ltr'>pro</span> <span class='ocrx_word' id='word_1_230' title='bbox 646 1871 889 1915; x_wconf 89' lang='lat' dir='ltr'>collectione</span> <span class='ocrx_word' id='word_1_231' title='bbox 932 1875 972 1913; x_wconf 89' lang='lat' dir='ltr'>et</span> <span class='ocrx_word' id='word_1_232' title='bbox 1012 1869 1183 1913; x_wconf 83' lang='lat' dir='ltr'>elencho</span> <span class='ocrx_word' id='word_1_233' title='bbox 1227 1870 1278 1913; x_wconf 92' lang='lat' dir='ltr'>de</span> <span class='ocrx_word' id='word_1_234' title='bbox 1316 1869 1466 1926; x_wconf 78' lang='lat' dir='ltr'>quibus</span> <span class='ocrx_word' id='word_1_235' title='bbox 1500 1869 1681 1926; x_wconf 85' lang='lat' dir='ltr'>loquitur</span> <span class='ocrx_word' id='word_1_236' title='bbox 1712 1883 1774 1913; x_wconf 91' lang='lat' dir='ltr'>se-</span> 
     </span>
     <span class='ocr_line' id='line_1_27' title="bbox 151 1948 386 2004; baseline -0.013 -15"><span class='ocrx_word' id='word_1_237' title='bbox 151 1960 283 2004; x_wconf 82' lang='lat' dir='ltr'>quens</span> <span class='ocrx_word' id='word_1_238' title='bbox 315 1948 386 1998; x_wconf 58' lang='lat'>§⁰⁵-</span> 
     </span>
    </p>

    <p class='ocr_par' dir='ltr' id='par_1_5' title="bbox 151 2011 1776 2782">
     <span class='ocr_line' id='line_1_28' title="bbox 271 2011 1776 2073; baseline -0.003 -14"><span class='ocrx_word' id='word_1_239' title='bbox 271 2016 537 2073; x_wconf 84' lang='lat' dir='ltr'>Prosequitur</span> <span class='ocrx_word' id='word_1_240' title='bbox 569 2015 635 2057; x_wconf 92' lang='lat' dir='ltr'>cit.</span> <span class='ocrx_word' id='word_1_241' title='bbox 672 2012 792 2057; x_wconf 68' lang='lat' dir='ltr'>Dee:</span> <span class='ocrx_word' id='word_1_242' title='bbox 833 2028 853 2053; x_wconf 80' lang='lat'>«</span> <span class='ocrx_word' id='word_1_243' title='bbox 877 2026 897 2056; x_wconf 93' lang='lat' dir='ltr'>e</span> <span class='ocrx_word' id='word_1_244' title='bbox 931 2016 1073 2056; x_wconf 89' lang='lat' dir='ltr'>contra</span> <span class='ocrx_word' id='word_1_245' title='bbox 1111 2025 1208 2055; x_wconf 92' lang='lat' dir='ltr'>vero</span> <span class='ocrx_word' id='word_1_246' title='bbox 1241 2013 1274 2054; x_wconf 92' lang='lat' dir='ltr'>si</span> <span class='ocrx_word' id='word_1_247' title='bbox 1306 2024 1445 2054; x_wconf 90' lang='lat' dir='ltr'>sermo</span> <span class='ocrx_word' id='word_1_248' title='bbox 1487 2014 1539 2054; x_wconf 92' lang='lat' dir='ltr'>sit</span> <span class='ocrx_word' id='word_1_249' title='bbox 1575 2011 1627 2054; x_wconf 92' lang='lat' dir='ltr'>de</span> <span class='ocrx_word' id='word_1_250' title='bbox 1659 2011 1776 2055; x_wconf 87' lang='lat' dir='ltr'>Sum-</span> 
     </span>
     <span class='ocr_line' id='line_1_29' title="bbox 153 2081 1772 2140; baseline -0.004 -9"><span class='ocrx_word' id='word_1_251' title='bbox 153 2089 283 2131; x_wconf 91' lang='lat' dir='ltr'>mario</span> <span class='ocrx_word' id='word_1_252' title='bbox 318 2086 382 2130; x_wconf 85' lang='lat' dir='ltr'>vel</span> <span class='ocrx_word' id='word_1_253' title='bbox 415 2090 536 2129; x_wconf 89' lang='lat' dir='ltr'>antea</span> <span class='ocrx_word' id='word_1_254' title='bbox 569 2084 757 2138; x_wconf 89' lang='lat' dir='ltr'>collecto,</span> <span class='ocrx_word' id='word_1_255' title='bbox 790 2083 861 2127; x_wconf 87' lang='lat' dir='ltr'>sed</span> <span class='ocrx_word' id='word_1_256' title='bbox 906 2092 1132 2140; x_wconf 78' lang='lat' dir='ltr'>numquam</span> <span class='ocrx_word' id='word_1_257' title='bbox 1175 2081 1417 2139; x_wconf 86' lang='lat' dir='ltr'>approbate,</span> <span class='ocrx_word' id='word_1_258' title='bbox 1454 2081 1515 2125; x_wconf 80' lang='lat' dir='ltr'>vel</span> <span class='ocrx_word' id='word_1_259' title='bbox 1548 2095 1659 2125; x_wconf 83' lang='lat' dir='ltr'>nunc</span> <span class='ocrx_word' id='word_1_260' title='bbox 1692 2085 1772 2139; x_wconf 90' lang='lat' dir='ltr'>pri-</span> 
     </span>
     <span class='ocr_line' id='line_1_30' title="bbox 153 2153 1773 2209; baseline -0.004 -7"><span class='ocrx_word' id='word_1_261' title='bbox 153 2172 265 2202; x_wconf 92' lang='lat' dir='ltr'>mum</span> <span class='ocrx_word' id='word_1_262' title='bbox 315 2171 364 2201; x_wconf 86' lang='lat' dir='ltr'>ex</span> <span class='ocrx_word' id='word_1_263' title='bbox 413 2156 592 2199; x_wconf 85' lang='lat' dir='ltr'>(liversis</span> <span class='ocrx_word' id='word_1_264' title='bbox 639 2153 976 2198; x_wconf 83' lang='lat' dir='ltr'>concessionibus</span> <span class='ocrx_word' id='word_1_265' title='bbox 1018 2153 1266 2209; x_wconf 88' lang='lat' dir='ltr'>colligendo,</span> <span class='ocrx_word' id='word_1_266' title='bbox 1310 2155 1537 2209; x_wconf 85' lang='lat' dir='ltr'>requiritur</span> <span class='ocrx_word' id='word_1_267' title='bbox 1579 2164 1773 2209; x_wconf 87' lang='lat' dir='ltr'>expressa</span> 
     </span>
     <span class='ocr_line' id='line_1_31' title="bbox 152 2223 1776 2285; baseline -0.004 -12"><span class='ocrx_word' id='word_1_268' title='bbox 152 2230 190 2273; x_wconf 81' lang='lat' dir='ltr'>S.</span> <span class='ocrx_word' id='word_1_269' title='bbox 225 2227 390 2285; x_wconf 81' lang='lat' dir='ltr'>Congr.S</span> <span class='ocrx_word' id='word_1_270' title='bbox 424 2226 778 2282; x_wconf 86' lang='lat' dir='ltr'>Indulgentiarum</span> <span class='ocrx_word' id='word_1_271' title='bbox 812 2228 935 2278; x_wconf 89' lang='lat' dir='ltr'>(nunc</span> <span class='ocrx_word' id='word_1_272' title='bbox 958 2225 998 2268; x_wconf 86' lang='lat' dir='ltr'>S.</span> <span class='ocrx_word' id='word_1_273' title='bbox 1026 2223 1384 2280; x_wconf 87' lang='lat' dir='ltr'>Poenitentiariae)</span> <span class='ocrx_word' id='word_1_274' title='bbox 1411 2223 1573 2266; x_wconf 89' lang='lat' dir='ltr'>licentia</span> <span class='ocrx_word' id='word_1_275' title='bbox 1598 2238 1636 2266; x_wconf 83' lang='grc'>)).</span> <span class='ocrx_word' id='word_1_276' title='bbox 1667 2238 1686 2263; x_wconf 87' lang='grc'>((</span> <span class='ocrx_word' id='word_1_277' title='bbox 1708 2223 1776 2266; x_wconf 94' lang='lat' dir='ltr'>lus</span> 
     </span>
     <span class='ocr_line' id='line_1_32' title="bbox 153 2293 1774 2356; baseline -0.006 -12"><span class='ocrx_word' id='word_1_278' title='bbox 153 2313 252 2356; x_wconf 88' lang='lat' dir='ltr'>ergo</span> <span class='ocrx_word' id='word_1_279' title='bbox 296 2303 415 2342; x_wconf 88' lang='lat' dir='ltr'>vetus</span> <span class='ocrx_word' id='word_1_280' title='bbox 457 2311 506 2341; x_wconf 87' lang='lat' dir='ltr'>ex</span> <span class='ocrx_word' id='word_1_281' title='bbox 548 2299 708 2353; x_wconf 90' lang='lat' dir='ltr'>integro</span> <span class='ocrx_word' id='word_1_282' title='bbox 743 2297 868 2339; x_wconf 84' lang='lat' dir='ltr'>refert</span> <span class='ocrx_word' id='word_1_283' title='bbox 891 2312 911 2337; x_wconf 87' lang='lat'>))</span> <span class='ocrx_word' id='word_1_284' title='bbox 965 2295 1073 2352; x_wconf 87' lang='lat' dir='ltr'>(can.</span> <span class='ocrx_word' id='word_1_285' title='bbox 1110 2296 1148 2348; x_wconf 80' lang='lat' dir='ltr'>li,</span> <span class='ocrx_word' id='word_1_286' title='bbox 1184 2295 1243 2342; x_wconf 68' lang='lat'>⁶2⁰&gt;</span> <span class='ocrx_word' id='word_1_287' title='bbox 1278 2293 1399 2337; x_wconf 91' lang='lat' dir='ltr'>simul</span> <span class='ocrx_word' id='word_1_288' title='bbox 1433 2307 1528 2337; x_wconf 90' lang='lat' dir='ltr'>cum</span> <span class='ocrx_word' id='word_1_289' title='bbox 1562 2293 1605 2348; x_wconf 54' lang='grc' dir='ltr'>ἕο</span> <span class='ocrx_word' id='word_1_290' title='bbox 1638 2306 1774 2350; x_wconf 87' lang='lat' dir='ltr'>praec.</span> 
     </span>
     <span class='ocr_line' id='line_1_33' title="bbox 152 2363 1775 2426; baseline -0.004 -12"><span class='ocrx_word' id='word_1_291' title='bbox 152 2374 176 2426; x_wconf 62' lang='grc' dir='ltr'><strong>ἓ</strong></span> <span class='ocrx_word' id='word_1_292' title='bbox 209 2372 246 2414; x_wconf 66' lang='grc'>2.</span> <span class='ocrx_word' id='word_1_293' title='bbox 283 2368 532 2426; x_wconf 74' lang='lat' dir='ltr'>Requirilm·</span> <span class='ocrx_word' id='word_1_294' title='bbox 563 2380 658 2410; x_wconf 74' lang='lat' dir='ltr'>vero</span> <span class='ocrx_word' id='word_1_295' title='bbox 685 2366 797 2410; x_wconf 91' lang='lat' dir='ltr'>velut</span> <span class='ocrx_word' id='word_1_296' title='bbox 821 2379 892 2422; x_wconf 89' lang='lat' dir='ltr'>per</span> <span class='ocrx_word' id='word_1_297' title='bbox 915 2367 1201 2422; x_wconf 80' lang='lat' dir='ltr'>exceptionem</span> <span class='ocrx_word' id='word_1_298' title='bbox 1235 2378 1435 2422; x_wconf 75' lang='lat' dir='ltr'>eoepressa</span> <span class='ocrx_word' id='word_1_299' title='bbox 1458 2363 1631 2407; x_wconf 73' lang='lat' dir='ltr'>licentia</span> <span class='ocrx_word' id='word_1_300' title='bbox 1655 2363 1775 2408; x_wconf 78' lang='lat' dir='ltr'>Sedis</span> 
     </span>
     <span class='ocr_line' id='line_1_34' title="bbox 151 2435 1775 2500; baseline -0.005 -14"><span class='ocrx_word' id='word_1_301' title='bbox 151 2440 418 2500; x_wconf 68' lang='lat' dir='ltr'>Apostolieae</span> <span class='ocrx_word' id='word_1_302' title='bbox 451 2453 523 2496; x_wconf 91' lang='lat' dir='ltr'>per</span> <span class='ocrx_word' id='word_1_303' title='bbox 556 2439 594 2483; x_wconf 88' lang='lat' dir='ltr'>S.</span> <span class='ocrx_word' id='word_1_304' title='bbox 631 2438 991 2481; x_wconf 87' lang='lat' dir='ltr'>Poenitentiariam</span> <span class='ocrx_word' id='word_1_305' title='bbox 1027 2436 1140 2494; x_wconf 81' lang='lat' dir='ltr'>(narn</span> <span class='ocrx_word' id='word_1_306' title='bbox 1179 2436 1410 2479; x_wconf 82' lang='lat' dir='ltr'>«eiusdem</span> <span class='ocrx_word' id='word_1_307' title='bbox 1444 2439 1505 2479; x_wconf 86' lang='lat' dir='ltr'>est</span> <span class='ocrx_word' id='word_1_308' title='bbox 1538 2435 1589 2479; x_wconf 90' lang='lat' dir='ltr'>de</span> <span class='ocrx_word' id='word_1_309' title='bbox 1622 2437 1670 2479; x_wconf 90' lang='lat' dir='ltr'>iis</span> <span class='ocrx_word' id='word_1_310' title='bbox 1692 2449 1775 2478; x_wconf 89' lang='lat' dir='ltr'>om-</span> 
     </span>
     <span class='ocr_line' id='line_1_35' title="bbox 152 2505 1773 2567; baseline -0.004 -11"><span class='ocrx_word' id='word_1_311' title='bbox 152 2512 273 2556; x_wconf 83' lang='lat' dir='ltr'>nibus</span> <span class='ocrx_word' id='word_1_312' title='bbox 306 2511 491 2554; x_wconf 90' lang='lat' dir='ltr'>iudicare</span> <span class='ocrx_word' id='word_1_313' title='bbox 524 2521 630 2567; x_wconf 81' lang='lat' dir='ltr'>quae</span> <span class='ocrx_word' id='word_1_314' title='bbox 662 2512 849 2565; x_wconf 84' lang='lat' dir='ltr'>spectant</span> <span class='ocrx_word' id='word_1_315' title='bbox 882 2508 931 2551; x_wconf 90' lang='lat' dir='ltr'>ad</span> <span class='ocrx_word' id='word_1_316' title='bbox 967 2521 1088 2551; x_wconf 88' lang='lat' dir='ltr'>usum</span> <span class='ocrx_word' id='word_1_317' title='bbox 1131 2511 1171 2550; x_wconf 90' lang='lat' dir='ltr'>et</span> <span class='ocrx_word' id='word_1_318' title='bbox 1212 2508 1521 2550; x_wconf 90' lang='lat' dir='ltr'>concessionem</span> <span class='ocrx_word' id='word_1_319' title='bbox 1556 2505 1773 2563; x_wconf 89' lang='lat' dir='ltr'>indulgen-</span> 
     </span>
     <span class='ocr_line' id='line_1_36' title="bbox 151 2577 1773 2639; baseline -0.004 -12"><span class='ocrx_word' id='word_1_320' title='bbox 151 2586 302 2627; x_wconf 87' lang='lat' dir='ltr'>tiarum</span> <span class='ocrx_word' id='word_1_321' title='bbox 327 2581 371 2639; x_wconf 81' lang='grc'>)))</span> <span class='ocrx_word' id='word_1_322' title='bbox 406 2581 514 2638; x_wconf 87' lang='lat' dir='ltr'>(can.</span> <span class='ocrx_word' id='word_1_323' title='bbox 547 2581 645 2634; x_wconf 68' lang='lat'>258,</span> <span class='ocrx_word' id='word_1_324' title='bbox 676 2579 780 2637; x_wconf 54' lang='grc' dir='ltr'>ἓξ),</span> <span class='ocrx_word' id='word_1_325' title='bbox 816 2584 859 2622; x_wconf 73' lang='lat' dir='ltr'>ut</span> <span class='ocrx_word' id='word_1_326' title='bbox 893 2579 933 2636; x_wconf 85' lang='lat' dir='ltr'>a)</span> <span class='ocrx_word' id='word_1_327' title='bbox 969 2578 1080 2637; x_wconf 75' lang='lat' dir='ltr'>typis</span> <span class='ocrx_word' id='word_1_328' title='bbox 1112 2577 1235 2621; x_wconf 83' lang='lat' dir='ltr'>edere</span> <span class='ocrx_word' id='word_1_329' title='bbox 1268 2580 1306 2620; x_wconf 92' lang='lat' dir='ltr'>in</span> <span class='ocrx_word' id='word_1_330' title='bbox 1343 2590 1461 2621; x_wconf 91' lang='lat' dir='ltr'>usum</span> <span class='ocrx_word' id='word_1_331' title='bbox 1487 2577 1698 2634; x_wconf 87' lang='lat' dir='ltr'>publicum</span> <span class='ocrx_word' id='word_1_332' title='bbox 1722 2577 1773 2620; x_wconf 72' lang='lat'>[27-</span> 
     </span>
     <span class='ocr_line' id='line_1_37' title="bbox 152 2648 1772 2711; baseline -0.004 -14"><span class='ocrx_word' id='word_1_333' title='bbox 152 2660 257 2707; x_wconf 67' lang='grc' dir='ltr'>ορατ,</span> <span class='ocrx_word' id='word_1_334' title='bbox 292 2655 389 2711; x_wconf 89' lang='lat' dir='ltr'>quin</span> <span class='ocrx_word' id='word_1_335' title='bbox 436 2653 548 2694; x_wconf 85' lang='lat' dir='ltr'>veris</span> <span class='ocrx_word' id='word_1_336' title='bbox 591 2650 859 2707; x_wconf 83' lang='lat' dir='ltr'>indulgentiis</span> <span class='ocrx_word' id='word_1_337' title='bbox 898 2649 1053 2707; x_wconf 83' lang='lat' dir='ltr'>aliquid</span> <span class='ocrx_word' id='word_1_338' title='bbox 1098 2662 1146 2692; x_wconf 87' lang='lat' dir='ltr'>ex</span> <span class='ocrx_word' id='word_1_339' title='bbox 1193 2649 1520 2704; x_wconf 85' lang='lat' dir='ltr'>transgressione</span> <span class='ocrx_word' id='word_1_340' title='bbox 1562 2648 1772 2704; x_wconf 88' lang='lat' dir='ltr'>depereat,</span> 
     </span>
     <span class='ocr_line' id='line_1_38' title="bbox 152 2715 1773 2782; baseline -0.005 -14"><span class='ocrx_word' id='word_1_341' title='bbox 152 2724 195 2782; x_wconf 87' lang='lat' dir='ltr'>b)</span> <span class='ocrx_word' id='word_1_342' title='bbox 230 2723 372 2782; x_wconf 74' lang='lat' dir='ltr'>quovis</span> <span class='ocrx_word' id='word_1_343' title='bbox 408 2721 622 2778; x_wconf 76' lang='lat' dir='ltr'>idiomate,</span> <span class='ocrx_word' id='word_1_344' title='bbox 656 2723 730 2764; x_wconf 89' lang='lat' dir='ltr'>etsi</span> <span class='ocrx_word' id='word_1_345' title='bbox 765 2720 978 2764; x_wconf 86' lang='lat' dir='ltr'>translatio</span> <span class='ocrx_word' id='word_1_346' title='bbox 1010 2722 1061 2763; x_wconf 87' lang='lat' dir='ltr'>sit.</span> <span class='ocrx_word' id='word_1_347' title='bbox 1094 2719 1228 2763; x_wconf 88' lang='lat' dir='ltr'>tidelis</span> <span class='ocrx_word' id='word_1_348' title='bbox 1271 2721 1383 2762; x_wconf 80' lang='lat' dir='ltr'>iuxta</span> <span class='ocrx_word' id='word_1_349' title='bbox 1422 2715 1634 2762; x_wconf 90' lang='lat' dir='ltr'>Ordinarii</span> <span class='ocrx_word' id='word_1_350' title='bbox 1668 2719 1773 2761; x_wconf 89' lang='lat' dir='ltr'>iudi-</span> 
     </span>
    </p>
   </div>
   <div class='ocr_carea' id='block_1_4' title="bbox 153 2823 1773 2912">
    <p class='ocr_par' dir='ltr' id='par_1_6' title="bbox 153 2823 1773 2912">
     <span class='ocr_line' id='line_1_39' title="bbox 153 2823 1773 2912; baseline -0.002 -50"><span class='ocrx_word' id='word_1_351' title='bbox 153 2877 222 2912; x_wconf 71' lang='lat'>383</span> <span class='ocrx_word' id='word_1_352' title='bbox 270 2829 458 2910; x_wconf 50' lang='lat' dir='ltr'>138283ug.</span> <span class='ocrx_word' id='word_1_353' title='bbox 488 2827 590 2862; x_wconf 74' lang='lat'><strong>1897.</strong></span> <span class='ocrx_word' id='word_1_354' title='bbox 630 2847 674 2852; x_wconf 94' lang='lat'><strong>—</strong></span> <span class='ocrx_word' id='word_1_355' title='bbox 711 2827 724 2848; x_wconf 68' lang='lat'><em>2</em></span> <span class='ocrx_word' id='word_1_356' title='bbox 750 2827 795 2859; x_wconf 77' lang='lat'>22</span> <span class='ocrx_word' id='word_1_357' title='bbox 821 2826 903 2860; x_wconf 88' lang='lat' dir='ltr'>Ian.</span> <span class='ocrx_word' id='word_1_358' title='bbox 942 2826 1044 2860; x_wconf 77' lang='lat'><strong>1858.</strong></span> <span class='ocrx_word' id='word_1_359' title='bbox 1073 2826 1096 2860; x_wconf 78' lang='lat'>8</span> <span class='ocrx_word' id='word_1_360' title='bbox 1130 2825 1212 2859; x_wconf 84' lang='lat' dir='ltr'>Ian.</span> <span class='ocrx_word' id='word_1_361' title='bbox 1251 2824 1352 2859; x_wconf 76' lang='lat'><strong>1861.</strong></span> <span class='ocrx_word' id='word_1_362' title='bbox 1391 2823 1478 2858; x_wconf 86' lang='lat' dir='ltr'>Dec.</span> <span class='ocrx_word' id='word_1_363' title='bbox 1516 2823 1628 2857; x_wconf 75' lang='lat' dir='ltr'>auth.</span> <span class='ocrx_word' id='word_1_364' title='bbox 1666 2835 1773 2859; x_wconf 88' lang='lat' dir='ltr'>num.</span> 
     </span>
     <span class='ocr_line' id='line_1_40' title="bbox 248 2878 396 2910; baseline -0.007 0"><span class='ocrx_word' id='word_1_365' title='bbox 248 2878 321 2910; x_wconf 76' lang='lat' dir='ltr'>et‘-</span> <span class='ocrx_word' id='word_1_366' title='bbox 388 2901 396 2909; x_wconf 87' lang='lat'><strong>.</strong></span> 
     </span>
    </p>
   </div>
   <div class='ocr_carea' id='block_1_5' title="bbox 1849 0 1962 3240">
    <p class='ocr_par' dir='ltr' id='par_1_7' title="bbox 1849 0 1962 3240">
     <span class='ocr_line' id='line_1_41' title="bbox 1849 0 1962 3240; baseline 0 0"><span class='ocrx_word' id='word_1_367' title='bbox 1849 0 1962 3240; x_wconf 95' lang='lat' dir='ltr'> </span> 
     </span>
    </p>
   </div>
  </div>
 </body>
</html>
