1965 3240
235 132 316 166 ΤιΤ.
343 131 494 166 XXIII.
521 152 531 157 -
559 132 615 167 De
636 135 799 176 praevia
824 142 988 166 cen-sterce
1015 134 1205 167 libror-mn
1232 145 1441 178 eorumque
1463 136 1614 178 prohib.
1662 135 1729 169 361

117 249 209 292 beat
241 252 279 292 iu
314 249 470 293 cultum
505 250 692 293 divinum
718 263 841 308 quam
870 262 966 292 vera
990 249 1149 306 religio,
1174 251 1242 293 sed
1269 254 1364 308 quia
1387 252 1554 296 exhibet
1578 252 1734 295 cultum

114 319 302 362 (livinum
341 319 402 362 vel
436 333 483 362 eo
519 320 640 362 modo
674 334 754 377 quo
790 333 868 363 non
903 319 1025 362 (lebet
1052 319 1078 372 ¹,
1116 320 1179 363 vel
1215 323 1278 363 cui
1316 335 1393 365 non
1422 322 1558 375 debet,
1581 323 1739 366 scilicet

114 391 362 446 cuicumque
396 395 625 441 creaturae,
659 396 697 434 et
731 390 807 434 hoc
841 390 950 433 aliud
986 393 1290 446 superstitionis
1333 406 1463 447 genus
1508 395 1544 435 in
1592 393 1741 436 multas

113 462 272 515 speeies
305 460 508 503 dividitur
539 462 769 504 secundum
805 461 994 504 diversos
1029 461 1130 504 lines
1163 462 1293 504 ‹lix-ini
1329 462 1476 505 cultus.
1511 462 1742 507 Ordinatur

113 532 222 573 enim
259 533 389 587 primo
423 531 591 576 (livinus
623 532 758 575 cultus
791 531 840 575 ad
867 534 1145 575 reverentiam
1173 532 1256 575 Deo
1280 533 1582 581 exhibendam:
1618 540 1654 577 ct
1678 549 1740 577 se-

113 601 295 645 cundum
332 601 409 645 hoc
445 604 574 657 prima
609 605 769 658 species
802 602 924 646 'huius
957 605 1121 659 generis
1153 608 1213 646 est
1237 603 1484 658 idololatria,
1508 618 1613 661 quae
1638 606 1740 647 (livi-

113 684 204 714 nam
243 674 518 715 reverentiam
555 672 736 716 indebite
769 672 937 716 exhibet
970 677 1199 716 creaturae.
1235 674 1426 717 Secundo
1451 675 1666 717 ordinatur
1689 676 1738 718 ad

113 741 189 786 hoc
221 743 330 800 qued
366 742 488 785 homo
524 745 751 787 instruatur
785 758 804 787 a
841 743 938 797 Dee,
973 758 1095 801 quem
1131 744 1251 799 colit3
1286 749 1325 787 et
1358 746 1407 788 ad
1444 745 1519 788 hoc
1565 749 1741 801 pei-unet

110 816 347 870 superstitio
381 815 626 870 dixiuativa,
647 829 753 872 quae
777 816 1001 858 daemones
1034 815 1212 858 consulit
1246 829 1319 872 per
1341 816 1477 873 aliqua
1505 822 1620 871 pacta
1646 831 1739 861 cum

110 886 169 927 eis
202 886 315 939 inita,
352 885 414 928 vel
450 887 570 928 tacita
608 886 672 929 vel
708 898 918 942 expressa.
956 885 1093 929 Tertio
1137 886 1353 929 ordinatur
1395 887 1562 930 (livinus
1606 888 1741 932 cultus

110 955 160 998 ad
194 956 418 1012 quamdam
453 956 726 999 directionem
762 957 1040 1000 humanorum
1074 962 1240 1000 actuum
1283 958 1511 1001 secuudum
1558 962 1739 1003 instituta

111 1026 195 1079 Dei,
231 1028 300 1083 qui
334 1026 505 1080 celitur;
542 1032 581 1070 et
614 1028 663 1070 ad
702 1027 778 1070 hoc
813 1030 987 1084 pertinet
1021 1030 1259 1083 superstitio
1293 1029 1569 1085 quarumdam
1606 1029 1740 1074 obser-

113 1100 323 1141 vationum
348 1114 368 1139 »
398 1097 426 1140 ².
461 1097 525 1142 Uti
561 1098 869 1154 praedictarum
903 1101 1243 1154 superstitionum
1268 1100 1459 1156 exempla
1491 1103 1622 1156 magis
1646 1107 1737 1145 nota

109 1172 363 1212 memoratur
396 1181 527 1212 canon
561 1168 785 1226 sortilegia
828 1183 899 1212 seu
944 1169 1243 1213 divinationem
1290 1184 1361 1226 per
1393 1176 1538 1225 sortes,
1571 1172 1737 1228 quando

114 1253 135 1280 ‹(
157 1241 244 1282 sine
277 1252 473 1295 expressa
503 1239 754 1283 daemonum
788 1242 1065 1295 invocatione,
1100 1241 1302 1284 divinatio
1347 1242 1390 1284 lit
1423 1255 1471 1284 ex
1507 1242 1741 1286 censidera-

108 1312 218 1352 tione
251 1323 394 1352 eorum
429 1323 536 1367 quae
574 1312 745 1353 veniunt
779 1324 826 1353 ex
863 1310 1113 1367 quibusdam
1138 1324 1245 1368 quae
1278 1312 1329 1354 ab
1364 1311 1600 1355 hominibus
1631 1316 1738 1356 serio

108 1382 211 1423 tiunt
244 1381 292 1424 ad
329 1380 483 1437 aliquid
526 1381 733 1425 occultum
780 1382 1136 1439 inquirendum»,
1172 1381 1489 1432 ‹lz'vz'nalionem,
1529 1399 1549 1423 ((
1573 1384 1739 1440 quamlo

107 1451 158 1494 ad
191 1452 547 1507 praenoscendum
583 1453 735 1507 futura,
769 1452 925 1510 absque
959 1466 1155 1509 expressa
1185 1453 1435 1496 daemonum
1461 1456 1738 1508 invocatione,

107 1522 261 1578 aliquid
298 1523 586 1566 consideratur
622 1528 659 1566 in
695 1523 1034 1580 dispositionibus
1057 1524 1289 1581 aliquarum
1319 1538 1456 1568 rerum
1480 1542 1515 1577 i),
1540 1525 1737 1582 *neuyiunu

107 1606 212 1650 quae
245 1599 305 1636 est
335 1594 561 1649 praedictio
596 1595 828 1637 futurorum
865 1608 937 1651 per
976 1594 1164 1638 homiues
1211 1598 1328 1638 vivos
1367 1601 1528 1639 utentes
1571 1597 1618 1639 ad
1661 1596 1737 1639 hoc

107 1667 239 1721 ipsum
275 1665 423 1708 mediis
455 1665 546 1708 aliis
578 1665 649 1708 sed
687 1667 836 1721 ineptis
869 1666 918 1708 ad
957 1665 1069 1708 illum
1116 1667 1254 1721 linem,
1290 1667 1398 1709 unde
1437 1682 1456 1707 ((
1483 1673 1645 1723 praeter
1679 1670 1736 1710 iu-

106 1737 329 1779 tentionem
366 1735 545 1779 hominis
577 1749 620 1779 se
655 1736 815 1779 occulte
846 1736 1022 1779 daemon
1069 1739 1222 1793 ingerit
1264 1738 1313 1780 ad
1360 1739 1735 1794 praenuntiandum

107 1807 243 1849 futura
277 1807 498 1864 quaedam,
532 1820 638 1864 quae
673 1807 911 1850 homiuibus
945 1812 1040 1850 sunt
1073 1810 1225 1863 ignota,
1250 1811 1285 1851 ei
1310 1813 1446 1851 autem
1473 1812 1636 1865 cognita
1666 1823 1738 1865 per

106 1877 250 1920 modos
272 1893 291 1918 »
332 1874 506 1934 aliquos,
544 1891 580 1919 v.
614 1892 677 1934 gr.
711 1891 784 1934 pro
817 1877 1028 1936 aliquibus
1061 1878 1276 1922 ell'ectibus
1311 1879 1575 1935 hypnotisini,
1600 1894 1737 1923 evoca-

105 1947 258 1990 tionem
290 1948 535 2005 spiritumn,
568 1951 657 1992 sive
698 1949 966 2004 daemonum,
1005 1950 1170 2007 quande
1216 1950 1378 1993 illorum
1424 1951 1624 1994 auxilium
1673 1952 1733 1994 vel

104 2019 322 2062 consilium
366 2033 561 2076 expresse
606 2020 868 2077 imploratur,
912 2023 1002 2064 sive
1044 2021 1337 2064 defunctorum
1377 2035 1412 2065 v,
1448 2036 1509 2078 gr.
1545 2025 1582 2065 in
1622 2025 1737 2078 spiri-

103 2091 238 2143 tisme‚
272 2089 444 2147 aliaque
478 2090 521 2133 id
550 2105 683 2147 {senus
717 2104 887 2147 nempe:
923 2094 1257 2148 superstitionem
1298 2095 1566 2146 continentia,
1600 2099 1640 2136 ut
1677 2096 1734 2136 in-

104 2165 255 2203 nuatur
298 2173 443 2217 parum
479 2162 633 2204 referre
668 2164 834 2205 nemina
879 2162 1030 2220 quibus
1074 2163 1378 2218 discernantur,
1413 2163 1557 2206 floren!
1591 2177 1732 2207 earum

104 2231 359 2286 singularum
396 2234 556 2288 praxim
596 2232 709 2275 velut
741 2237 872 2276 artem
909 2234 1135 2291 quandam,
1173 2233 1233 2276 rel
1265 2233 1554 2277 commendant
1589 2247 1731 2277 earum

106 2314 237 2356 usum,
270 2304 389 2346 sicuti
426 2302 578 2346 bonum
611 2303 756 2347 saltem
793 2304 906 2359 utile,
939 2305 1122 2347 fortassis
1146 2307 1244 2362 quin
1271 2305 1437 2348 medum
1464 2305 1651 2349 doceant.
1679 2332 1730 2336 —

104 2371 152 2415 Et
187 2371 252 2415 hic
285 2385 483 2416 numerus
516 2376 708 2430 congruit
742 2388 779 2417 n.
818 2375 870 2417 12
905 2375 1055 2420 Decr.m
1089 2382 1274 2431 generum.

223 2441 368 2487 Verbis
401 2457 479 2487 non
522 2445 660 2488 dill'ert
708 2458 730 2488 a
779 2459 892 2490 uum.
929 2446 980 2488 14
1016 2447 1274 2500 eorumdem,
1312 2449 1610 2503 praescriptum
1655 2447 1732 2491 sub

103 2513 161 2557 n.⁰
195 2515 257 2558 80.
298 2529 318 2555 <c
343 2514 431 2571 lpse
464 2517 553 2558 iure
589 2515 860 2571 prohibentur
895 2519 1049 2573 pariter
1072 2534 1092 2558 ))
1120 2516 1240 2560 Libri
1263 2531 1311 2560 ex
1338 2519 1520 2573 ipsorum
1545 2518 1730 2561 subiecta

104 2587 290 2640 materia,
322 2585 363 2641 a)
382 2585 454 2642 qui
484 2585 629 2629 saltem
663 2586 850 2629 duellum
884 2587 1010 2630 idest:
1046 2601 1226 2644 pugnam
1261 2589 1438 2631 duorum
1464 2601 1512 2631 ex
1539 2589 1729 2632 condicto

100 2660 290 2712 suscepta
324 2669 418 2699 eum
452 2658 579 2699 armis
613 2656 847 2713 lethalibus,
874 2657 935 2701 rel
956 2658 1184 2701 szcicidiwn
1208 2672 1472 2716 quocumque
1496 2672 1544 2701 ex
1571 2661 1727 2701 motivo

100 2739 147 2770 ac
182 2727 304 2770 mede
338 2731 537 2783 patretur,
574 2727 634 2770 vel
666 2727 895 2771 divertium
929 2732 1171 2785 praesertim
1206 2730 1339 2787 quoad
1371 2729 1581 2772 vinculum
1606 2729 1725 2772 licita

219 2881 230 2902 1
256 2880 303 2914 D.
333 2879 403 2914 Th.
434 2879 541 2922 II-H,
569 2892 603 2925 q.
634 2880 757 2925 XCII,
787 2885 860 2915 art.
893 2883 909 2916 1
937 2893 968 2916 c.
1000 2903 1041 2906 -—
1069 2883 1082 2905 2
1108 2883 1155 2916 D.
1185 2882 1256 2916 Th.
1288 2883 1357 2916 loc.
1389 2882 1455 2915 cit.
1486 2893 1518 2916 a.
1548 2882 1582 2924 2,
1612 2895 1643 2915 c.
