1965 3240
605 190 690 224 ΤιΤ.
720 189 872 224 XXIX.
903 210 913 215 -
941 190 998 224 De
1023 191 1288 225 contractibus
1693 189 1761 223 565

132 309 225 353 dam
260 308 486 352 declaratio
519 309 558 353 S.
592 308 634 353 C.
669 309 711 354 C.
744 308 928 353 Romana
955 313 994 352 et
1027 308 1201 352 aliarum
1229 309 1253 352 ¹.
1296 324 1315 349 «
1340 308 1367 351 l.
1402 310 1463 352 An
1500 324 1572 366 pro
1605 309 1759 353 aliena-

133 379 313 423 tionibus
348 379 608 436 publicarun]
648 393 929 432 versurarum,
963 380 1012 422 ad
1048 379 1327 423 ecclesiastica
1364 383 1471 423 entia
1510 380 1571 424 vel
1596 381 1645 423 ad
1674 383 1761 437 pias

131 463 276 494 causas
310 450 464 493 tutelae
499 450 709 494 Ecclesiae
741 450 950 494 subiectas
992 453 1282 506 spectantium,
1319 451 1600 507 Apostolicum
1639 451 1759 494 bene-

133 521 327 577 placitum
367 524 602 578 requiratur
638 524 769 578 prouti
808 534 879 578 pro
913 520 1232 564 alienationibus
1256 520 1457 565 bonorum
1485 521 1759 565 immobilium

131 604 178 635 ac
213 605 350 634 rerum
388 594 690 647 pretiosarum3
728 592 778 635 ll.
821 601 869 635 an
915 591 1060 635 eadem
1098 591 1270 635 l'acultas
1315 595 1550 649 requiratur
1590 607 1662 649 pro
1700 606 1764 636 ea-

132 662 305 705 rundem
345 665 690 718 permutationem
728 666 764 706 iu
799 663 901 707 alias
935 662 1121 719 publicas
1148 676 1340 706 versuras
1358 668 1427 706 aut
1454 663 1614 706 valores
1638 666 1762 707 etiam

133 732 396 786 immobiles;
433 733 494 776 lll.
533 734 593 776 An
634 734 869 778 venditores
901 738 940 777 et
972 736 1236 791 acquirentes
1279 733 1444 777 obnoxii
1470 736 1547 777 sint
1573 735 1762 778 ecclesia-

129 806 242 848 sticis
277 807 417 860 poeuis
451 817 471 847 a
505 804 628 849 Cone.
665 804 776 849 Trid.
812 807 974 848 statutis
1006 818 1095 862 cap.
1138 806 1202 859 ll,
1233 819 1333 848 sess.
1372 804 1481 847 xxti
1507 805 1558 848 de
1581 805 1759 849 Relorm.

129 874 180 918 ab
205 874 374 918 Extrav.
406 891 427 915 «
448 875 703 919 Ambitiosae
728 892 747 917 ))
776 882 813 919 et
838 889 858 919 a
883 876 1017 920 Const.
1049 892 1068 916 «
1091 876 1355 932 Apostolicae
1378 876 1495 919 Sedis
1512 893 1552 920 ».
1577 902 1633 907 —
1657 876 1761 919 E.mi

133 945 313 990 Patres...
349 947 683 1003 respondemlum
719 953 1000 991 censuerunt:
1035 946 1097 990 Ad
1134 947 1162 990 l.
1202 947 1478 990 Affirmative.
1513 948 1574 990 Ad
1617 947 1660 991 ll.
1696 948 1763 991 Af-

132 1017 353 1071 lirinatire,
385 1022 560 1074 excepto
595 1031 690 1060 casu
730 1020 913 1074 urgentis
945 1020 1216 1073 necessitatis,
1253 1020 1291 1060 in
1326 1031 1407 1075 quo
1443 1018 1673 1074 periculum
1710 1021 1762 1061 sit

132 1089 170 1130 in
207 1101 319 1130 mora
354 1093 393 1131 et
427 1093 588 1145 tempus
634 1103 712 1131 non
756 1094 946 1146 suppetat
990 1089 1231 1132 recurrendi
1266 1089 1315 1132 ad
1355 1091 1394 1134 S.
1433 1089 1598 1143 Sedent,
1622 1088 1762 1133 habito

131 1163 266 1202 tamen
302 1161 338 1202 in
375 1158 437 1202 bis
470 1160 676 1203 adiunctis
719 1158 931 1204 Ordinarii
979 1160 1253 1216 beneplacito,
1288 1165 1327 1204 et
1360 1159 1436 1204 sub
1471 1160 1560 1217 lege
1594 1166 1635 1203 ut
1672 1175 1761 1217 per-

131 1232 303 1273 mutatio
338 1230 407 1273 stat
440 1232 477 1273 in
515 1230 641 1274 titulis
675 1244 799 1288 quam
838 1234 1016 1275 maxime
1043 1234 1152 1274 tutis.
1177 1231 1238 1274 Ad
1261 1231 1324 1275 ΙΙΙ.
1345 1231 1759 1289 Affirmativequoad

131 1314 283 1357 poenas
318 1303 354 1344 in
390 1301 690 1358 Extravaganti
730 1319 751 1343 «
775 1302 1029 1346 Ambitiosae
1052 1318 1074 1344 »
1113 1308 1150 1346 et
1183 1301 1319 1347 Const.
1363 1318 1384 1343 «
1407 1302 1669 1359 Apostolicae
1692 1303 1760 1346 Se-

130 1373 193 1415 (iis
215 1387 236 1412 n
274 1377 446 1416 statutas
469 1389 508 1414 )).

247 1443 433 1498 Quaeres
467 1457 574 1487 nunc
610 1457 660 1487 an
686 1444 865 1501 religiosi
894 1449 1112 1488 teneantur
1135 1448 1259 1488 etiam
1285 1458 1455 1488 servare
1479 1445 1701 1503 semper-gi
1724 1445 1760 1487 2¹

132 1515 468 1571 praescriptum?
503 1542 555 1546 ——
591 1515 649 1559 Ex
685 1516 806 1559 dietis
851 1516 969 1559 l'acile
1014 1516 1235 1560 deducitur
1278 1530 1456 1574 sequens
1501 1530 1758 1573 responsum.

130 1584 344 1642 Neganve‚
380 1600 427 1630 eo
461 1588 569 1644 quod
606 1601 654 1631 ex
690 1593 886 1631 contextu
921 1588 958 1641 ,ξι
992 1588 1119 1645 liquet
1166 1591 1319 1646 requiri
1360 1604 1381 1629 «
1404 1602 1652 1632 consensum
1686 1585 1759 1632 Or-

130 1656 343 1711 dinarii»,
387 1660 505 1701 cuius
547 1658 894 1702 administrationi
938 1672 1015 1702 non
1062 1659 1297 1703 subduntur
1342 1660 1445 1703 bona
1480 1659 1761 1703 ecclesiastica

130 1727 434 1783 religiosorum,
470 1734 634 1786 praeter
667 1743 786 1773 casus
820 1735 1015 1787 exceptos
1040 1733 1077 1773 in
1103 1743 1193 1774 can.
1221 1730 1303 1773 533
1327 1744 1450 1787 supra
1476 1733 1612 1785 citato,
1638 1735 1762 1788 atque

130 1811 177 1841 ex
213 1799 339 1842 altera
366 1805 480 1856 parte
504 1801 748 1857 Superiores
784 1802 1030 1858 religionum
1058 1801 1265 1845 laicalium
1302 1802 1365 1845 vel
1391 1801 1645 1845 clericalium
1681 1815 1760 1844 non

130 1876 418 1927 exemptarum
452 1871 528 1915 sub
561 1872 837 1929 appellatione
861 1870 1072 1917 Ordinarii
1101 1875 1270 1916 minime
1298 1875 1484 1917 veniunt.
1511 1900 1557 1903 w
1590 1872 1760 1916 Verum-

130 1945 282 1995 tamen,
317 1941 582 1986 limitationes
617 1944 725 1986 illius
758 1944 809 1999 gi,
844 1958 947 2002 quas
979 1958 1102 2000 supra
1128 1947 1409 2001 exposuimus,
1434 1944 1638 2001 religiosis
1661 1958 1761 2002 quo-

129 2024 209 2068 que
241 2017 336 2055 sunt
371 2014 585 2068 impositae
629 2017 788 2057 ratione
827 2014 1002 2057 aliorum
1038 2028 1259 2069 canonum,
1295 2027 1398 2071 quos
1432 2015 1554 2058 iidem
1589 2028 1760 2059 servare

129 2082 294 2135 debent,
328 2096 375 2126 ac
411 2090 578 2140 propter
610 2098 714 2142 quos
748 2085 840 2128 illae
877 2088 1032 2142 vigent.

249 2154 346 2196 456.
382 2156 453 2201 De
496 2157 660 2202 locato
703 2160 752 2202 et
795 2159 1053 2210 conducto,
1088 2160 1146 2200 tit.
1181 2155 1326 2211 xviii,
1360 2156 1446 2201 Lib.
1480 2157 1532 2200 lll
1568 2157 1758 2202 Decreta-

129 2224 227 2267 lium
265 2225 442 2271 rubrica.
479 2228 621 2283 incipit
655 2239 780 2283 agere
813 2242 902 2270 ean.
930 2230 1049 2271 1540
1068 2228 1297 2271 extendens
1314 2242 1433 2271 suum
1457 2231 1757 2285 praescriptum

128 2296 178 2339 ad
217 2296 510 2351 venditionem,
547 2310 670 2354 quam
708 2298 829 2354 paulo
862 2303 956 2342 ante
990 2299 1127 2343 Codex
1164 2299 1402 2342 moderatus
1434 2304 1508 2342 est.
1534 2299 1759 2343 Proliibitio

130 2377 252 2421 nova,
284 2370 479 2425 quamvis
524 2369 720 2425 prudens,
759 2383 937 2427 sequens
970 2375 1043 2414 est.
1092 2369 1208 2413 Bona
1242 2369 1442 2413 ecclesiae
1474 2371 1523 2413 ad
1570 2384 1758 2414 normam

129 2449 218 2479 can.
256 2437 381 2493 1498,
424 2439 495 2483 sed
541 2439 772 2483 itnmobili'a
811 2443 848 2484 in
883 2454 972 2485 cao.
1013 2441 1138 2495 1497,
1170 2442 1197 2499 ξ
1231 2442 1249 2484 1
1289 2441 1515 2495 declarata,
1548 2441 1643 2485 hinc
1679 2456 1760 2485 ino-

129 2505 224 2550 bilia
258 2510 381 2551 etiam
419 2512 596 2565 pretiosa
630 2516 726 2554 sunt
758 2511 810 2555 ab
845 2511 921 2556 hac
957 2512 1234 2568 prohibitione
1267 2511 1451 2566 exclusa,
1471 2515 1565 2569 quia
1595 2512 1761 2569 «leges,

130 2589 235 2634 quae
269 2578 443 2622 liberum
481 2583 632 2623 iurium
668 2584 913 2625 exercitium
950 2587 1175 2636 coarctant,
1209 2585 1377 2625 strictae
1420 2583 1592 2626 subsunt
1638 2586 1760 2626 inter-

131 2651 347 2703 pretationi
376 2665 393 2689 i>
424 2650 531 2707 (cau.
562 2650 645 2708 19),
672 2665 749 2694 non
775 2658 942 2696 extante
966 2666 1138 2707 canone,
1163 2655 1232 2710 qui
1266 2653 1342 2696 sub
1380 2653 1652 2696 immobilium
1691 2667 1759 2696 no-

131 2720 240 2761 mine
274 2719 446 2775 intelligi
471 2720 581 2764 dicat
607 2721 771 2765 mobilia
810 2725 1006 2778 praelata,
1040 2725 1078 2779 a)
1095 2723 1286 2781 propriis
1324 2740 1345 2764 «
1369 2724 1568 2767 ecclesiae
1592 2740 1613 2763 »
1653 2723 1761 2767 illius

130 2787 565 2845 adminiseraloribus,
600 2804 680 2849 qua
716 2806 858 2836 eorum
905 2794 1112 2850 peculium
1156 2793 1418 2847 habentibus,
1450 2796 1539 2837 sive
1582 2794 1758 2848 clericis,

248 2942 257 2962 1
289 2940 330 2975 17
358 2940 468 2975 Febr.
501 2928 609 2975 1eoe.'
633 2943 733 2977 Acta
760 2943 798 2977 s.
827 2943 940 2978 Sedis
966 2945 1157 2985 ΧΧΧΙΧ,
1191 2945 1268 2980 159.
