<?xml version="1.0" encoding="UTF-8"?>
<!DOCTYPE html PUBLIC "-//W3C//DTD XHTML 1.0 Transitional//EN"
    "http://www.w3.org/TR/xhtml1/DTD/xhtml1-transitional.dtd">
<html xmlns="http://www.w3.org/1999/xhtml" xml:lang="en" lang="en">
 <head>
  <title>
</title>
<meta http-equiv="Content-Type" content="text/html;charset=utf-8" />
  <meta name='ocr-system' content='tesseract 3.04.00' />
  <meta name='ocr-capabilities' content='ocr_page ocr_carea ocr_par ocr_line ocrx_word'/>
</head>
<body>
  <div class='ocr_page' id='page_1' title='image "./commentariumtext03blatuoft_0092.png"; bbox 0 0 1965 3240; ppageno 0'>
   <div class='ocr_carea' id='block_1_1' title="bbox 147 180 1536 224">
    <p class='ocr_par' dir='ltr' id='par_1_1' title="bbox 147 180 1536 224">
     <span class='ocr_line' id='line_1_1' title="bbox 147 180 1536 224; baseline -0.003 -6"><span class='ocrx_word' id='word_1_1' title='bbox 147 184 195 218; x_wconf 80' lang='lat'>80</span> <span class='ocrx_word' id='word_1_2' title='bbox 384 183 468 217; x_wconf 73' lang='lat' dir='ltr'>Lm.</span> <span class='ocrx_word' id='word_1_3' title='bbox 496 182 565 216; x_wconf 85' lang='grc' dir='ltr'>ΙΙΙ.</span> <span class='ocrx_word' id='word_1_4' title='bbox 593 202 605 207; x_wconf 96' lang='grc'>-</span> <span class='ocrx_word' id='word_1_5' title='bbox 632 181 742 215; x_wconf 79' lang='lat' dir='ltr'>PARS</span> <span class='ocrx_word' id='word_1_6' title='bbox 768 181 821 215; x_wconf 86' lang='grc' dir='ltr'>Π.</span> <span class='ocrx_word' id='word_1_7' title='bbox 850 201 861 206; x_wconf 98' lang='grc'>-</span> <span class='ocrx_word' id='word_1_8' title='bbox 888 180 945 215; x_wconf 90' lang='lat' dir='ltr'>De</span> <span class='ocrx_word' id='word_1_9' title='bbox 972 181 1065 215; x_wconf 82' lang='lat' dir='ltr'>locis</span> <span class='ocrx_word' id='word_1_10' title='bbox 1091 184 1126 215; x_wconf 79' lang='lat' dir='ltr'>et</span> <span class='ocrx_word' id='word_1_11' title='bbox 1151 181 1388 224; x_wconf 76' lang='lat' dir='ltr'><em>temporibus</em></span> <span class='ocrx_word' id='word_1_12' title='bbox 1412 182 1536 215; x_wconf 84' lang='lat' dir='ltr'>sacris</span> 
     </span>
    </p>
   </div>
   <div class='ocr_carea' id='block_1_2' title="bbox 150 239 1717 249">
    <p class='ocr_par' dir='ltr' id='par_1_2' title="bbox 150 239 1717 249">
     <span class='ocr_line' id='line_1_2' title="bbox 150 239 1717 249; baseline 0 0"><span class='ocrx_word' id='word_1_13' title='bbox 150 239 1717 249; x_wconf 95' lang='lat' dir='ltr'> </span> 
     </span>
    </p>
   </div>
   <div class='ocr_carea' id='block_1_3' title="bbox 111 297 1772 2825">
    <p class='ocr_par' dir='ltr' id='par_1_3' title="bbox 145 297 1772 554">
     <span class='ocr_line' id='line_1_3' title="bbox 152 297 1772 358; baseline -0.001 -14"><span class='ocrx_word' id='word_1_14' title='bbox 152 301 339 358; x_wconf 79' lang='lat' dir='ltr'>religioni</span> <span class='ocrx_word' id='word_1_15' title='bbox 373 303 425 343; x_wconf 88' lang='lat' dir='ltr'>sit</span> <span class='ocrx_word' id='word_1_16' title='bbox 457 301 614 344; x_wconf 78' lang='lat' dir='ltr'>directe</span> <span class='ocrx_word' id='word_1_17' title='bbox 657 312 915 352; x_wconf 77' lang='lat' dir='ltr'>conoessum,</span> <span class='ocrx_word' id='word_1_18' title='bbox 950 304 1126 356; x_wconf 72' lang='lat' dir='ltr'>possunt</span> <span class='ocrx_word' id='word_1_19' title='bbox 1165 297 1315 341; x_wconf 76' lang='lat' dir='ltr'>habere</span> <span class='ocrx_word' id='word_1_20' title='bbox 1352 299 1639 342; x_wconf 67' lang='lat' dir='ltr'>coemeterium</span> <span class='ocrx_word' id='word_1_21' title='bbox 1673 313 1772 357; x_wconf 89' lang='lat' dir='ltr'>pro-</span> 
     </span>
     <span class='ocr_line' id='line_1_4' title="bbox 145 369 1770 429; baseline 0 -16"><span class='ocrx_word' id='word_1_22' title='bbox 145 372 304 429; x_wconf 83' lang='lat' dir='ltr'>prium,</span> <span class='ocrx_word' id='word_1_23' title='bbox 337 384 486 427; x_wconf 80' lang='lat' dir='ltr'>nempe</span> <span class='ocrx_word' id='word_1_24' title='bbox 520 384 592 427; x_wconf 87' lang='lat' dir='ltr'>pro</span> <span class='ocrx_word' id='word_1_25' title='bbox 625 371 779 413; x_wconf 89' lang='lat' dir='ltr'>eisdem</span> <span class='ocrx_word' id='word_1_26' title='bbox 814 369 1064 425; x_wconf 77' lang='lat' dir='ltr'>sepeliendis</span> <span class='ocrx_word' id='word_1_27' title='bbox 1097 382 1145 412; x_wconf 91' lang='grc'>30</span> <span class='ocrx_word' id='word_1_28' title='bbox 1188 372 1294 413; x_wconf 89' lang='lat' dir='ltr'>inter</span> <span class='ocrx_word' id='word_1_29' title='bbox 1331 382 1472 412; x_wconf 90' lang='lat' dir='ltr'>eorum</span> <span class='ocrx_word' id='word_1_30' title='bbox 1518 369 1623 413; x_wconf 89' lang='lat' dir='ltr'>bona</span> <span class='ocrx_word' id='word_1_31' title='bbox 1658 383 1770 413; x_wconf 88' lang='grc'>00111-</span> 
     </span>
     <span class='ocr_line' id='line_1_5' title="bbox 151 439 1770 498; baseline -0.001 -14"><span class='ocrx_word' id='word_1_32' title='bbox 151 442 392 498; x_wconf 80' lang='grc'>[1111311(13111,</span> <span class='ocrx_word' id='word_1_33' title='bbox 417 455 441 483; x_wconf 88' lang='lat' dir='ltr'>a</span> <span class='ocrx_word' id='word_1_34' title='bbox 466 441 673 484; x_wconf 68' lang='lat' dir='ltr'>communi</span> <span class='ocrx_word' id='word_1_35' title='bbox 695 441 745 483; x_wconf 88' lang='lat' dir='ltr'>de</span> <span class='ocrx_word' id='word_1_36' title='bbox 768 453 849 497; x_wconf 85' lang='lat' dir='ltr'>quo</span> <span class='ocrx_word' id='word_1_37' title='bbox 884 442 921 482; x_wconf 89' lang='lat' dir='ltr'>in</span> <span class='ocrx_word' id='word_1_38' title='bbox 955 439 1000 497; x_wconf 66' lang='lat'>§⁰</span> <span class='ocrx_word' id='word_1_39' title='bbox 1027 439 1070 482; x_wconf 89' lang='lat'>1⁰</span> <span class='ocrx_word' id='word_1_40' title='bbox 1094 440 1337 483; x_wconf 65' lang='lat' dir='ltr'>coemeterio</span> <span class='ocrx_word' id='word_1_41' title='bbox 1360 439 1618 494; x_wconf 74' lang='lat' dir='ltr'>distinctum,</span> <span class='ocrx_word' id='word_1_42' title='bbox 1642 453 1770 497; x_wconf 89' lang='lat' dir='ltr'>prope</span> 
     </span>
     <span class='ocr_line' id='line_1_6' title="bbox 149 506 933 554; baseline -0.004 0"><span class='ocrx_word' id='word_1_43' title='bbox 149 512 248 554; x_wconf 91' lang='lat' dir='ltr'>illud</span> <span class='ocrx_word' id='word_1_44' title='bbox 286 511 349 554; x_wconf 71' lang='grc' dir='ltr'>1·οΙ</span> <span class='ocrx_word' id='word_1_45' title='bbox 383 511 433 554; x_wconf 88' lang='lat' dir='ltr'>ab</span> <span class='ocrx_word' id='word_1_46' title='bbox 467 525 514 554; x_wconf 89' lang='lat' dir='ltr'>eo</span> <span class='ocrx_word' id='word_1_47' title='bbox 548 512 750 554; x_wconf 81' lang='lat' dir='ltr'>dissitum.</span> <span class='ocrx_word' id='word_1_48' title='bbox 930 506 933 510; x_wconf 77' lang='grc'><strong>’</strong></span> 
     </span>
    </p>

    <p class='ocr_par' dir='ltr' id='par_1_4' title="bbox 146 581 1772 1059">
     <span class='ocr_line' id='line_1_7' title="bbox 265 581 1770 640; baseline 0 -16"><span class='ocrx_word' id='word_1_49' title='bbox 265 582 292 640; x_wconf 61' lang='grc' dir='ltr'>ξ</span> <span class='ocrx_word' id='word_1_50' title='bbox 325 582 362 624; x_wconf 81' lang='lat'>3.</span> <span class='ocrx_word' id='word_1_51' title='bbox 387 581 531 624; x_wconf 80' lang='lat' dir='ltr'>Etiam</span> <span class='ocrx_word' id='word_1_52' title='bbox 557 581 658 623; x_wconf 84' lang='lat' dir='ltr'>aliis</span> <span class='ocrx_word' id='word_1_53' title='bbox 689 582 870 637; x_wconf 68' lang='lat' dir='ltr'>(praeter</span> <span class='ocrx_word' id='word_1_54' title='bbox 894 581 1181 638; x_wconf 85' lang='lat' dir='ltr'>religiosorum</span> <span class='ocrx_word' id='word_1_55' title='bbox 1207 583 1337 626; x_wconf 81' lang='lat' dir='ltr'>dietas</span> <span class='ocrx_word' id='word_1_56' title='bbox 1362 582 1554 640; x_wconf 82' lang='lat' dir='ltr'>familias)</span> <span class='ocrx_word' id='word_1_57' title='bbox 1575 582 1770 639; x_wconf 77' lang='lat' dir='ltr'>personis</span> 
     </span>
     <span class='ocr_line' id='line_1_8' title="bbox 148 651 1771 711; baseline 0.001 -16"><span class='ocrx_word' id='word_1_58' title='bbox 148 652 378 695; x_wconf 72' lang='lat' dir='ltr'>moralibus</span> <span class='ocrx_word' id='word_1_59' title='bbox 406 666 441 693; x_wconf 86' lang='lat' dir='ltr'>v.</span> <span class='ocrx_word' id='word_1_60' title='bbox 463 666 523 708; x_wconf 83' lang='lat' dir='ltr'>gr.</span> <span class='ocrx_word' id='word_1_61' title='bbox 548 651 727 707; x_wconf 80' lang='lat' dir='ltr'>capitulo</span> <span class='ocrx_word' id='word_1_62' title='bbox 761 654 1056 695; x_wconf 80' lang='lat' dir='ltr'>canonicorum</span> <span class='ocrx_word' id='word_1_63' title='bbox 1089 652 1152 696; x_wconf 74' lang='lat' dir='ltr'>rel</span> <span class='ocrx_word' id='word_1_64' title='bbox 1174 652 1357 711; x_wconf 83' lang='lat' dir='ltr'>familiis</span> <span class='ocrx_word' id='word_1_65' title='bbox 1376 653 1577 711; x_wconf 76' lang='lat' dir='ltr'>privatis,</span> <span class='ocrx_word' id='word_1_66' title='bbox 1599 666 1670 696; x_wconf 92' lang='lat' dir='ltr'>seu</span> <span class='ocrx_word' id='word_1_67' title='bbox 1706 665 1771 696; x_wconf 91' lang='lat' dir='ltr'>na-</span> 
     </span>
     <span class='ocr_line' id='line_1_9' title="bbox 149 722 1772 779; baseline -0.001 -13"><span class='ocrx_word' id='word_1_68' title='bbox 149 728 238 766; x_wconf 87' lang='lat' dir='ltr'>tura</span> <span class='ocrx_word' id='word_1_69' title='bbox 273 726 516 772; x_wconf 68' lang='lat' dir='ltr'>constitutis,</span> <span class='ocrx_word' id='word_1_70' title='bbox 552 724 625 765; x_wconf 86' lang='lat' dir='ltr'>etsi</span> <span class='ocrx_word' id='word_1_71' title='bbox 662 722 884 779; x_wconf 76' lang='lat' dir='ltr'>regalibus,</span> <span class='ocrx_word' id='word_1_72' title='bbox 918 736 997 765; x_wconf 90' lang='lat' dir='ltr'>non</span> <span class='ocrx_word' id='word_1_73' title='bbox 1031 725 1274 766; x_wconf 80' lang='lat' dir='ltr'>conceditur</span> <span class='ocrx_word' id='word_1_74' title='bbox 1317 726 1554 767; x_wconf 84' lang='lat' dir='ltr'>coemeterii</span> <span class='ocrx_word' id='word_1_75' title='bbox 1591 726 1665 774; x_wconf 75' lang='lat' dir='ltr'>ius,</span> <span class='ocrx_word' id='word_1_76' title='bbox 1699 722 1772 766; x_wconf 79' lang='lat' dir='ltr'>sed</span> 
     </span>
     <span class='ocr_line' id='line_1_10' title="bbox 146 791 1772 851; baseline 0.001 -16"><span class='ocrx_word' id='word_1_77' title='bbox 146 793 338 851; x_wconf 62' lang='lat' dir='ltr'>pei-milli</span> <span class='ocrx_word' id='word_1_78' title='bbox 366 798 503 850; x_wconf 78' lang='lat' dir='ltr'>polest</span> <span class='ocrx_word' id='word_1_79' title='bbox 536 792 584 835; x_wconf 83' lang='lat' dir='ltr'>ab</span> <span class='ocrx_word' id='word_1_80' title='bbox 625 791 858 836; x_wconf 76' lang='lat' dir='ltr'>Ordiuario</span> <span class='ocrx_word' id='word_1_81' title='bbox 891 792 972 836; x_wconf 74' lang='lat' dir='ltr'>loci</span> <span class='ocrx_word' id='word_1_82' title='bbox 1002 793 1220 851; x_wconf 75' lang='lat' dir='ltr'>peculiare</span> <span class='ocrx_word' id='word_1_83' title='bbox 1253 807 1325 850; x_wconf 91' lang='lat' dir='ltr'>pro</span> <span class='ocrx_word' id='word_1_84' title='bbox 1368 794 1541 851; x_wconf 82' lang='lat' dir='ltr'>singulis</span> <span class='ocrx_word' id='word_1_85' title='bbox 1591 794 1653 838; x_wconf 88' lang='lat' dir='ltr'>vel</span> <span class='ocrx_word' id='word_1_86' title='bbox 1689 794 1772 850; x_wconf 93' lang='lat' dir='ltr'>plu-</span> 
     </span>
     <span class='ocr_line' id='line_1_11' title="bbox 148 863 1769 922; baseline 0 -16"><span class='ocrx_word' id='word_1_87' title='bbox 148 863 262 907; x_wconf 84' lang='lat' dir='ltr'>ribus</span> <span class='ocrx_word' id='word_1_88' title='bbox 294 863 545 920; x_wconf 76' lang='lat' dir='ltr'>sepulerum,</span> <span class='ocrx_word' id='word_1_89' title='bbox 579 877 650 906; x_wconf 87' lang='lat' dir='ltr'>seu</span> <span class='ocrx_word' id='word_1_90' title='bbox 686 868 728 906; x_wconf 90' lang='lat' dir='ltr'>ut</span> <span class='ocrx_word' id='word_1_91' title='bbox 761 863 941 907; x_wconf 77' lang='lat' dir='ltr'>habeant</span> <span class='ocrx_word' id='word_1_92' title='bbox 983 864 1221 921; x_wconf 87' lang='lat' dir='ltr'>sepulturae</span> <span class='ocrx_word' id='word_1_93' title='bbox 1261 864 1396 908; x_wconf 86' lang='lat' dir='ltr'>loeum</span> <span class='ocrx_word' id='word_1_94' title='bbox 1430 865 1471 922; x_wconf 90' lang='lat' dir='ltr'>a)</span> <span class='ocrx_word' id='word_1_95' title='bbox 1504 870 1625 907; x_wconf 68' lang='lat' dir='ltr'>erlra</span> <span class='ocrx_word' id='word_1_96' title='bbox 1659 878 1769 908; x_wconf 90' lang='grc'>0031-</span> 
     </span>
     <span class='ocr_line' id='line_1_12' title="bbox 149 933 1769 992; baseline 0.001 -16"><span class='ocrx_word' id='word_1_97' title='bbox 149 947 271 976; x_wconf 84' lang='grc'>311130</span> <span class='ocrx_word' id='word_1_98' title='bbox 296 939 338 976; x_wconf 59' lang='lat' dir='ltr'>ut,</span> <span class='ocrx_word' id='word_1_99' title='bbox 360 946 484 989; x_wconf 84' lang='lat' dir='ltr'>supra</span> <span class='ocrx_word' id='word_1_100' title='bbox 504 933 793 977; x_wconf 72' lang='lat' dir='ltr'>coemeterium</span> <span class='ocrx_word' id='word_1_101' title='bbox 813 935 1009 992; x_wconf 69' lang='lat' dir='ltr'>positum,</span> <span class='ocrx_word' id='word_1_102' title='bbox 1030 940 1069 976; x_wconf 78' lang='lat' dir='ltr'>el</span> <span class='ocrx_word' id='word_1_103' title='bbox 1093 933 1148 977; x_wconf 80' lang='lat' dir='ltr'>ad</span> <span class='ocrx_word' id='word_1_104' title='bbox 1171 935 1309 977; x_wconf 72' lang='lat' dir='ltr'>instar</span> <span class='ocrx_word' id='word_1_105' title='bbox 1327 935 1578 986; x_wconf 77' lang='lat' dir='ltr'>coemeterii,</span> <span class='ocrx_word' id='word_1_106' title='bbox 1597 948 1769 991; x_wconf 86' lang='lat' dir='ltr'>nempe:</span> 
     </span>
     <span class='ocr_line' id='line_1_13' title="bbox 148 1003 1689 1059; baseline 0 -12"><span class='ocrx_word' id='word_1_107' title='bbox 148 1004 196 1047; x_wconf 90' lang='lat' dir='ltr'>ad</span> <span class='ocrx_word' id='word_1_108' title='bbox 232 1016 419 1046; x_wconf 90' lang='lat' dir='ltr'>normam</span> <span class='ocrx_word' id='word_1_109' title='bbox 456 1016 546 1047; x_wconf 90' lang='grc'>0311.</span> <span class='ocrx_word' id='word_1_110' title='bbox 583 1004 694 1047; x_wconf 68' lang='lat'>1205</span> <span class='ocrx_word' id='word_1_111' title='bbox 728 1006 752 1054; x_wconf 66' lang='grc' dir='ltr'>ξ</span> <span class='ocrx_word' id='word_1_112' title='bbox 787 1005 802 1046; x_wconf 93' lang='grc'>1</span> <span class='ocrx_word' id='word_1_113' title='bbox 844 1003 1111 1059; x_wconf 73' lang='lat' dir='ltr'>benedielum,</span> <span class='ocrx_word' id='word_1_114' title='bbox 1147 1007 1200 1048; x_wconf 88' lang='lat' dir='ltr'>ita</span> <span class='ocrx_word' id='word_1_115' title='bbox 1235 1010 1278 1048; x_wconf 89' lang='lat' dir='ltr'>ut</span> <span class='ocrx_word' id='word_1_116' title='bbox 1312 1006 1382 1048; x_wconf 77' lang='lat' dir='ltr'>liat</span> <span class='ocrx_word' id='word_1_117' title='bbox 1413 1018 1530 1049; x_wconf 83' lang='lat' dir='ltr'>sacer</span> <span class='ocrx_word' id='word_1_118' title='bbox 1564 1006 1689 1048; x_wconf 81' lang='lat' dir='ltr'>locus.</span> 
     </span>
    </p>

    <p class='ocr_par' dir='ltr' id='par_1_5' title="bbox 145 1075 1772 2178">
     <span class='ocr_line' id='line_1_14' title="bbox 266 1075 1771 1134; baseline 0.002 -19"><span class='ocrx_word' id='word_1_119' title='bbox 266 1076 332 1116; x_wconf 84' lang='grc'>66.</span> <span class='ocrx_word' id='word_1_120' title='bbox 354 1076 631 1121; x_wconf 87' lang='lat' dir='ltr'>Diversitas</span> <span class='ocrx_word' id='word_1_121' title='bbox 650 1077 984 1132; x_wconf 85' lang='lat' dir='ltr'>sepulcrorum</span> <span class='ocrx_word' id='word_1_122' title='bbox 1006 1076 1238 1118; x_wconf 85' lang='lat' dir='ltr'>admittitur</span> <span class='ocrx_word' id='word_1_123' title='bbox 1258 1078 1294 1118; x_wconf 89' lang='lat' dir='ltr'>in</span> <span class='ocrx_word' id='word_1_124' title='bbox 1315 1090 1404 1118; x_wconf 71' lang='lat' dir='ltr'>caii.</span> <span class='ocrx_word' id='word_1_125' title='bbox 1426 1078 1557 1118; x_wconf 56' lang='lat'>1:³09.</span> <span class='ocrx_word' id='word_1_126' title='bbox 1572 1076 1600 1134; x_wconf 58' lang='lat' dir='ltr'>g</span> <span class='ocrx_word' id='word_1_127' title='bbox 1615 1077 1651 1118; x_wconf 91' lang='grc'>1.</span> <span class='ocrx_word' id='word_1_128' title='bbox 1674 1075 1771 1119; x_wconf 85' lang='lat' dir='ltr'>Tum</span> 
     </span>
     <span class='ocr_line' id='line_1_15' title="bbox 146 1145 1769 1203; baseline 0.002 -16"><span class='ocrx_word' id='word_1_129' title='bbox 146 1145 188 1187; x_wconf 82' lang='lat' dir='ltr'>in</span> <span class='ocrx_word' id='word_1_130' title='bbox 224 1145 483 1187; x_wconf 75' lang='lat' dir='ltr'>coemeteriis</span> <span class='ocrx_word' id='word_1_131' title='bbox 503 1145 831 1202; x_wconf 69' lang='lat' dir='ltr'>paroecialibus,</span> <span class='ocrx_word' id='word_1_132' title='bbox 864 1159 1013 1202; x_wconf 87' lang='lat' dir='ltr'>nempe</span> <span class='ocrx_word' id='word_1_133' title='bbox 1047 1146 1096 1189; x_wconf 89' lang='lat' dir='ltr'>ad</span> <span class='ocrx_word' id='word_1_134' title='bbox 1132 1159 1321 1188; x_wconf 83' lang='lat' dir='ltr'>normam</span> <span class='ocrx_word' id='word_1_135' title='bbox 1344 1145 1372 1203; x_wconf 63' lang='lat' dir='ltr'>g</span> <span class='ocrx_word' id='word_1_136' title='bbox 1393 1146 1451 1188; x_wconf 66' lang='lat'>1³²²</span> <span class='ocrx_word' id='word_1_137' title='bbox 1473 1152 1580 1190; x_wconf 81' lang='lat' dir='ltr'>can.S</span> <span class='ocrx_word' id='word_1_138' title='bbox 1604 1152 1769 1203; x_wconf 58' lang='lat' dir='ltr'>praeof,</span> 
     </span>
     <span class='ocr_line' id='line_1_16' title="bbox 146 1215 1769 1274; baseline 0.002 -17"><span class='ocrx_word' id='word_1_139' title='bbox 146 1230 197 1257; x_wconf 61' lang='lat' dir='ltr'>er</span> <span class='ocrx_word' id='word_1_140' title='bbox 229 1215 401 1258; x_wconf 79' lang='lat' dir='ltr'>lieenlia</span> <span class='ocrx_word' id='word_1_141' title='bbox 436 1217 476 1272; x_wconf 87' lang='lat' dir='ltr'>a)</span> <span class='ocrx_word' id='word_1_142' title='bbox 511 1216 672 1274; x_wconf 76' lang='lat' dir='ltr'>scripta</span> <span class='ocrx_word' id='word_1_143' title='bbox 708 1216 748 1273; x_wconf 85' lang='lat' dir='ltr'>b)</span> <span class='ocrx_word' id='word_1_144' title='bbox 787 1215 1013 1259; x_wconf 81' lang='lat' dir='ltr'>Ordiuarii</span> <span class='ocrx_word' id='word_1_145' title='bbox 1046 1216 1127 1260; x_wconf 75' lang='lat' dir='ltr'>loci</span> <span class='ocrx_word' id='word_1_146' title='bbox 1159 1217 1209 1260; x_wconf 89' lang='lat' dir='ltr'>ad</span> <span class='ocrx_word' id='word_1_147' title='bbox 1244 1230 1430 1260; x_wconf 88' lang='lat' dir='ltr'>normam</span> <span class='ocrx_word' id='word_1_148' title='bbox 1460 1230 1549 1260; x_wconf 89' lang='grc'>0311.</span> <span class='ocrx_word' id='word_1_149' title='bbox 1580 1218 1659 1260; x_wconf 84' lang='grc'>198</span> <span class='ocrx_word' id='word_1_150' title='bbox 1683 1219 1708 1271; x_wconf 59' lang='grc' dir='ltr'><strong>ἓ</strong></span> <span class='ocrx_word' id='word_1_151' title='bbox 1732 1217 1769 1272; x_wconf 68' lang='grc'>2,</span> 
     </span>
     <span class='ocr_line' id='line_1_17' title="bbox 147 1288 1770 1345; baseline 0.001 -16"><span class='ocrx_word' id='word_1_152' title='bbox 147 1291 269 1344; x_wconf 78' lang='lat' dir='ltr'>atque</span> <span class='ocrx_word' id='word_1_153' title='bbox 304 1289 415 1329; x_wconf 80' lang='lat' dir='ltr'>iuxta</span> <span class='ocrx_word' id='word_1_154' title='bbox 451 1301 534 1343; x_wconf 80' lang='lat' dir='ltr'>reg.</span> <span class='ocrx_word' id='word_1_155' title='bbox 571 1288 624 1329; x_wconf 85' lang='lat'>68</span> <span class='ocrx_word' id='word_1_156' title='bbox 659 1290 759 1330; x_wconf 92' lang='lat' dir='ltr'>iuris</span> <span class='ocrx_word' id='word_1_157' title='bbox 793 1289 830 1330; x_wconf 90' lang='lat' dir='ltr'>in</span> <span class='ocrx_word' id='word_1_158' title='bbox 867 1289 910 1330; x_wconf 79' lang='lat'>6⁰</span> <span class='ocrx_word' id='word_1_159' title='bbox 956 1288 1134 1330; x_wconf 77' lang='lat' dir='ltr'>«Potest</span> <span class='ocrx_word' id='word_1_160' title='bbox 1169 1290 1261 1345; x_wconf 82' lang='lat' dir='ltr'>quis</span> <span class='ocrx_word' id='word_1_161' title='bbox 1296 1301 1367 1343; x_wconf 91' lang='lat' dir='ltr'>per</span> <span class='ocrx_word' id='word_1_162' title='bbox 1400 1288 1540 1337; x_wconf 86' lang='lat' dir='ltr'>alium,</span> <span class='ocrx_word' id='word_1_163' title='bbox 1566 1288 1674 1345; x_wconf 83' lang='lat' dir='ltr'>quod</span> <span class='ocrx_word' id='word_1_164' title='bbox 1702 1301 1770 1343; x_wconf 89' lang='lat' dir='ltr'>po-</span> 
     </span>
     <span class='ocr_line' id='line_1_18' title="bbox 147 1358 1769 1415; baseline 0.001 -16"><span class='ocrx_word' id='word_1_165' title='bbox 147 1362 223 1400; x_wconf 80' lang='lat' dir='ltr'>test</span> <span class='ocrx_word' id='word_1_166' title='bbox 242 1359 377 1400; x_wconf 78' lang='lat' dir='ltr'>faeere</span> <span class='ocrx_word' id='word_1_167' title='bbox 399 1371 469 1413; x_wconf 86' lang='lat' dir='ltr'>per</span> <span class='ocrx_word' id='word_1_168' title='bbox 491 1371 534 1400; x_wconf 90' lang='lat' dir='ltr'>se</span> <span class='ocrx_word' id='word_1_169' title='bbox 559 1360 691 1414; x_wconf 88' lang='lat' dir='ltr'>ipsum</span> <span class='ocrx_word' id='word_1_170' title='bbox 712 1374 732 1399; x_wconf 84' lang='lat'>))</span> <span class='ocrx_word' id='word_1_171' title='bbox 762 1358 901 1400; x_wconf 74' lang='lat' dir='ltr'>eiusre</span> <span class='ocrx_word' id='word_1_172' title='bbox 923 1358 1107 1415; x_wconf 70' lang='lat' dir='ltr'>deleyali</span> <span class='ocrx_word' id='word_1_173' title='bbox 1129 1359 1273 1401; x_wconf 86' lang='lat' dir='ltr'>saltem</span> <span class='ocrx_word' id='word_1_174' title='bbox 1299 1359 1348 1401; x_wconf 89' lang='lat' dir='ltr'>ad</span> <span class='ocrx_word' id='word_1_175' title='bbox 1370 1359 1446 1401; x_wconf 84' lang='lat' dir='ltr'>hoe</span> <span class='ocrx_word' id='word_1_176' title='bbox 1465 1358 1686 1415; x_wconf 84' lang='lat' dir='ltr'>singularis</span> <span class='ocrx_word' id='word_1_177' title='bbox 1706 1358 1769 1401; x_wconf 84' lang='lat' dir='ltr'>vel</span> 
     </span>
     <span class='ocr_line' id='line_1_19' title="bbox 148 1428 1770 1485; baseline 0.001 -15"><span class='ocrx_word' id='word_1_178' title='bbox 148 1442 220 1484; x_wconf 91' lang='lat' dir='ltr'>pro</span> <span class='ocrx_word' id='word_1_179' title='bbox 254 1441 504 1485; x_wconf 85' lang='lat' dir='ltr'>unoquoque</span> <span class='ocrx_word' id='word_1_180' title='bbox 539 1431 789 1472; x_wconf 85' lang='lat' dir='ltr'>coemeterio</span> <span class='ocrx_word' id='word_1_181' title='bbox 815 1428 878 1471; x_wconf 83' lang='lat' dir='ltr'>vet</span> <span class='ocrx_word' id='word_1_182' title='bbox 906 1442 977 1485; x_wconf 91' lang='lat' dir='ltr'>pro</span> <span class='ocrx_word' id='word_1_183' title='bbox 1009 1428 1196 1485; x_wconf 90' lang='lat' dir='ltr'>pluribus</span> <span class='ocrx_word' id='word_1_184' title='bbox 1229 1429 1431 1472; x_wconf 78' lang='lat' dir='ltr'>dioecesis</span> <span class='ocrx_word' id='word_1_185' title='bbox 1465 1434 1534 1472; x_wconf 88' lang='lat' dir='ltr'>aut</span> <span class='ocrx_word' id='word_1_186' title='bbox 1566 1428 1770 1483; x_wconf 82' lang='lat' dir='ltr'>omnibus,</span> 
     </span>
     <span class='ocr_line' id='line_1_20' title="bbox 148 1498 1772 1557; baseline 0.002 -18"><span class='ocrx_word' id='word_1_187' title='bbox 148 1504 233 1540; x_wconf 78' lang='lat' dir='ltr'>tum</span> <span class='ocrx_word' id='word_1_188' title='bbox 266 1498 307 1540; x_wconf 83' lang='lat' dir='ltr'>in</span> <span class='ocrx_word' id='word_1_189' title='bbox 343 1499 588 1542; x_wconf 80' lang='lat' dir='ltr'>coemeterio</span> <span class='ocrx_word' id='word_1_190' title='bbox 619 1499 794 1556; x_wconf 84' lang='lat' dir='ltr'>proprio</span> <span class='ocrx_word' id='word_1_191' title='bbox 828 1499 878 1542; x_wconf 88' lang='lat' dir='ltr'>ad</span> <span class='ocrx_word' id='word_1_192' title='bbox 914 1512 1100 1542; x_wconf 86' lang='lat' dir='ltr'>normam</span> <span class='ocrx_word' id='word_1_193' title='bbox 1135 1499 1191 1557; x_wconf 62' lang='lat' dir='ltr'>§g</span> <span class='ocrx_word' id='word_1_194' title='bbox 1226 1500 1248 1542; x_wconf 65' lang='lat' dir='ltr'><strong><em>Q</em></strong></span> <span class='ocrx_word' id='word_1_195' title='bbox 1283 1505 1319 1542; x_wconf 91' lang='lat' dir='ltr'>et</span> <span class='ocrx_word' id='word_1_196' title='bbox 1356 1500 1378 1542; x_wconf 83' lang='lat'>3</span> <span class='ocrx_word' id='word_1_197' title='bbox 1418 1499 1530 1542; x_wconf 88' lang='lat' dir='ltr'>alius</span> <span class='ocrx_word' id='word_1_198' title='bbox 1566 1513 1772 1557; x_wconf 75' lang='lat' dir='ltr'>personae</span> 
     </span>
     <span class='ocr_line' id='line_1_21' title="bbox 147 1568 1771 1627; baseline 0.002 -17"><span class='ocrx_word' id='word_1_199' title='bbox 147 1568 336 1621; x_wconf 40' lang='lat' dir='ltr'>moral&amp;</span> <span class='ocrx_word' id='word_1_200' title='bbox 373 1583 423 1611; x_wconf 65' lang='lat' dir='ltr'>ear</span> <span class='ocrx_word' id='word_1_201' title='bbox 462 1569 634 1612; x_wconf 75' lang='lat' dir='ltr'>liceulia</span> <span class='ocrx_word' id='word_1_202' title='bbox 672 1569 713 1627; x_wconf 87' lang='lat' dir='ltr'>a)</span> <span class='ocrx_word' id='word_1_203' title='bbox 747 1570 906 1627; x_wconf 75' lang='lat' dir='ltr'>scripta</span> <span class='ocrx_word' id='word_1_204' title='bbox 946 1569 988 1627; x_wconf 87' lang='lat' dir='ltr'>b)</span> <span class='ocrx_word' id='word_1_205' title='bbox 1028 1570 1271 1627; x_wconf 74' lang='lat' dir='ltr'>Superioris</span> <span class='ocrx_word' id='word_1_206' title='bbox 1314 1570 1615 1613; x_wconf 78' lang='lat' dir='ltr'>determinatae</span> <span class='ocrx_word' id='word_1_207' title='bbox 1663 1570 1771 1613; x_wconf 88' lang='lat' dir='ltr'>illius</span> 
     </span>
     <span class='ocr_line' id='line_1_22' title="bbox 152 1639 1769 1698; baseline 0.002 -19"><span class='ocrx_word' id='word_1_208' title='bbox 152 1652 459 1695; x_wconf 81' lang='lat' dir='ltr'>«personae»,</span> <span class='ocrx_word' id='word_1_209' title='bbox 494 1639 637 1696; x_wconf 78' lang='lat' dir='ltr'>fideles</span> <span class='ocrx_word' id='word_1_210' title='bbox 680 1640 854 1698; x_wconf 88' lang='lat' dir='ltr'>quilibet</span> <span class='ocrx_word' id='word_1_211' title='bbox 896 1639 976 1683; x_wconf 85' lang='lat' dir='ltr'>sibi</span> <span class='ocrx_word' id='word_1_212' title='bbox 1016 1646 1172 1683; x_wconf 87' lang='lat' dir='ltr'>tantum</span> <span class='ocrx_word' id='word_1_213' title='bbox 1209 1641 1378 1698; x_wconf 80' lang='lat' dir='ltr'>suisque</span> <span class='ocrx_word' id='word_1_214' title='bbox 1415 1646 1611 1683; x_wconf 63' lang='lat' dir='ltr'>eoelruere</span> <span class='ocrx_word' id='word_1_215' title='bbox 1643 1646 1769 1683; x_wconf 88' lang='lat' dir='ltr'>mate-</span> 
     </span>
     <span class='ocr_line' id='line_1_23' title="bbox 146 1710 1771 1769; baseline 0.001 -17"><span class='ocrx_word' id='word_1_216' title='bbox 146 1710 318 1753; x_wconf 84' lang='lat' dir='ltr'>rialibus</span> <span class='ocrx_word' id='word_1_217' title='bbox 352 1710 405 1753; x_wconf 91' lang='lat' dir='ltr'>ibi</span> <span class='ocrx_word' id='word_1_218' title='bbox 443 1711 665 1754; x_wconf 79' lang='lat' dir='ltr'>inserendis</span> <span class='ocrx_word' id='word_1_219' title='bbox 693 1716 871 1769; x_wconf 72' lang='lat' dir='ltr'>possunt</span> <span class='ocrx_word' id='word_1_220' title='bbox 899 1711 1092 1769; x_wconf 75' lang='lat' dir='ltr'>sepulcra</span> <span class='ocrx_word' id='word_1_221' title='bbox 1123 1711 1425 1769; x_wconf 71' lang='lat' dir='ltr'>particularia,</span> <span class='ocrx_word' id='word_1_222' title='bbox 1461 1724 1566 1768; x_wconf 82' lang='lat' dir='ltr'>quae</span> <span class='ocrx_word' id='word_1_223' title='bbox 1602 1714 1771 1754; x_wconf 81' lang='lat' dir='ltr'>veniunt.</span> 
     </span>
     <span class='ocr_line' id='line_1_24' title="bbox 147 1780 1770 1839; baseline 0.001 -16"><span class='ocrx_word' id='word_1_224' title='bbox 147 1783 184 1823; x_wconf 95' lang='lat' dir='ltr'>in</span> <span class='ocrx_word' id='word_1_225' title='bbox 222 1784 309 1824; x_wconf 90' lang='lat' dir='ltr'>iure</span> <span class='ocrx_word' id='word_1_226' title='bbox 343 1784 510 1825; x_wconf 87' lang='lat' dir='ltr'>nomine</span> <span class='ocrx_word' id='word_1_227' title='bbox 550 1798 569 1822; x_wconf 82' lang='lat'>«</span> <span class='ocrx_word' id='word_1_228' title='bbox 591 1782 770 1838; x_wconf 84' lang='lat' dir='ltr'>sepulcri</span> <span class='ocrx_word' id='word_1_229' title='bbox 805 1784 1053 1825; x_wconf 83' lang='lat' dir='ltr'>maiorum»</span> <span class='ocrx_word' id='word_1_230' title='bbox 1098 1782 1206 1839; x_wconf 85' lang='lat' dir='ltr'>(ean.</span> <span class='ocrx_word' id='word_1_231' title='bbox 1250 1780 1373 1837; x_wconf 63' lang='lat'>1929,</span> <span class='ocrx_word' id='word_1_232' title='bbox 1407 1782 1435 1839; x_wconf 59' lang='grc' dir='ltr'>ξ</span> <span class='ocrx_word' id='word_1_233' title='bbox 1470 1781 1530 1838; x_wconf 80' lang='grc'>1);</span> <span class='ocrx_word' id='word_1_234' title='bbox 1567 1795 1685 1839; x_wconf 81' lang='lat' dir='ltr'>quae,</span> <span class='ocrx_word' id='word_1_235' title='bbox 1720 1781 1770 1824; x_wconf 81' lang='lat' dir='ltr'>de</span> 
     </span>
     <span class='ocr_line' id='line_1_25' title="bbox 147 1852 1768 1910; baseline 0.001 -17"><span class='ocrx_word' id='word_1_236' title='bbox 147 1866 347 1894; x_wconf 74' lang='lat' dir='ltr'>consensu</span> <span class='ocrx_word' id='word_1_237' title='bbox 381 1852 566 1895; x_wconf 77' lang='lat' dir='ltr'>eiusdem</span> <span class='ocrx_word' id='word_1_238' title='bbox 605 1852 831 1896; x_wconf 79' lang='lat' dir='ltr'>Orsliuarii</span> <span class='ocrx_word' id='word_1_239' title='bbox 863 1858 937 1895; x_wconf 77' lang='lat' dir='ltr'>siut</span> <span class='ocrx_word' id='word_1_240' title='bbox 970 1852 1226 1910; x_wconf 84' lang='lat' dir='ltr'>Superioris,</span> <span class='ocrx_word' id='word_1_241' title='bbox 1259 1866 1309 1895; x_wconf 89' lang='lat' dir='ltr'>ne</span> <span class='ocrx_word' id='word_1_242' title='bbox 1344 1855 1431 1895; x_wconf 89' lang='lat' dir='ltr'>iure</span> <span class='ocrx_word' id='word_1_243' title='bbox 1465 1866 1538 1895; x_wconf 90' lang='lat' dir='ltr'>suo</span> <span class='ocrx_word' id='word_1_244' title='bbox 1563 1852 1768 1895; x_wconf 84' lang='lat' dir='ltr'>antedicto</span> 
     </span>
     <span class='ocr_line' id='line_1_26' title="bbox 148 1923 1768 1981; baseline 0 -16"><span class='ocrx_word' id='word_1_245' title='bbox 148 1923 403 1970; x_wconf 73' lang='lat' dir='ltr'>fraudentur,</span> <span class='ocrx_word' id='word_1_246' title='bbox 437 1928 613 1981; x_wconf 74' lang='lat' dir='ltr'>possunt</span> <span class='ocrx_word' id='word_1_247' title='bbox 636 1937 796 1981; x_wconf 69' lang='lat' dir='ltr'>(letoque</span> <span class='ocrx_word' id='word_1_248' title='bbox 828 1923 1020 1965; x_wconf 77' lang='lat' dir='ltr'>alienare</span> <span class='ocrx_word' id='word_1_249' title='bbox 1052 1928 1265 1966; x_wconf 76' lang='lat' dir='ltr'>contractu</span> <span class='ocrx_word' id='word_1_250' title='bbox 1290 1926 1483 1979; x_wconf 77' lang='lat' dir='ltr'>gratuito,</span> <span class='ocrx_word' id='word_1_251' title='bbox 1511 1923 1574 1965; x_wconf 75' lang='lat' dir='ltr'>vel</span> <span class='ocrx_word' id='word_1_252' title='bbox 1605 1927 1768 1979; x_wconf 80' lang='lat' dir='ltr'>recepto</span> 
     </span>
     <span class='ocr_line' id='line_1_27' title="bbox 145 1994 1769 2050; baseline 0 -15"><span class='ocrx_word' id='word_1_253' title='bbox 145 2006 310 2050; x_wconf 81' lang='lat' dir='ltr'>quoque</span> <span class='ocrx_word' id='word_1_254' title='bbox 346 1994 560 2050; x_wconf 82' lang='lat' dir='ltr'>temporali</span> <span class='ocrx_word' id='word_1_255' title='bbox 598 1997 743 2050; x_wconf 73' lang='lat' dir='ltr'>pretio,</span> <span class='ocrx_word' id='word_1_256' title='bbox 783 2010 802 2034; x_wconf 85' lang='grc'>((</span> <span class='ocrx_word' id='word_1_257' title='bbox 821 1994 1046 2037; x_wconf 90' lang='lat' dir='ltr'>dummodo</span> <span class='ocrx_word' id='word_1_258' title='bbox 1071 1996 1248 2049; x_wconf 87' lang='lat' dir='ltr'>pretium</span> <span class='ocrx_word' id='word_1_259' title='bbox 1273 2007 1350 2036; x_wconf 88' lang='grc'>11011</span> <span class='ocrx_word' id='word_1_260' title='bbox 1376 1998 1578 2049; x_wconf 83' lang='lat' dir='ltr'>augeatur</span> <span class='ocrx_word' id='word_1_261' title='bbox 1602 1998 1769 2049; x_wconf 87' lang='lat' dir='ltr'>propter</span> 
     </span>
     <span class='ocr_line' id='line_1_28' title="bbox 146 2063 1770 2121; baseline 0.001 -16"><span class='ocrx_word' id='word_1_262' title='bbox 146 2064 349 2106; x_wconf 81' lang='lat' dir='ltr'>adnexam</span> <span class='ocrx_word' id='word_1_263' title='bbox 387 2078 471 2107; x_wconf 89' lang='lat' dir='ltr'>rem</span> <span class='ocrx_word' id='word_1_264' title='bbox 507 2065 807 2120; x_wconf 75' lang='lat' dir='ltr'>spiritualem»</span> <span class='ocrx_word' id='word_1_265' title='bbox 846 2064 955 2120; x_wconf 88' lang='grc'>(0311.</span> <span class='ocrx_word' id='word_1_266' title='bbox 990 2063 1108 2120; x_wconf 74' lang='lat'>730),</span> <span class='ocrx_word' id='word_1_267' title='bbox 1142 2077 1237 2107; x_wconf 88' lang='lat' dir='ltr'>easu</span> <span class='ocrx_word' id='word_1_268' title='bbox 1273 2077 1354 2121; x_wconf 82' lang='lat' dir='ltr'>quo</span> <span class='ocrx_word' id='word_1_269' title='bbox 1388 2064 1454 2106; x_wconf 92' lang='lat' dir='ltr'>illa</span> <span class='ocrx_word' id='word_1_270' title='bbox 1487 2063 1678 2120; x_wconf 75' lang='lat' dir='ltr'>sepulcra</span> <span class='ocrx_word' id='word_1_271' title='bbox 1713 2077 1770 2107; x_wconf 86' lang='lat' dir='ltr'>es-</span> 
     </span>
     <span class='ocr_line' id='line_1_29' title="bbox 146 2134 615 2178; baseline 0.004 -2"><span class='ocrx_word' id='word_1_272' title='bbox 146 2140 235 2177; x_wconf 87' lang='lat' dir='ltr'>sent</span> <span class='ocrx_word' id='word_1_273' title='bbox 270 2137 347 2176; x_wconf 86' lang='lat' dir='ltr'>iam</span> <span class='ocrx_word' id='word_1_274' title='bbox 385 2134 615 2178; x_wconf 82' lang='lat' dir='ltr'>benedicta.</span> 
     </span>
    </p>

    <p class='ocr_par' dir='ltr' id='par_1_6' title="bbox 145 2205 1770 2546">
     <span class='ocr_line' id='line_1_30' title="bbox 264 2205 1770 2264; baseline 0.001 -16"><span class='ocrx_word' id='word_1_275' title='bbox 264 2205 320 2248; x_wconf 86' lang='lat' dir='ltr'>Ex</span> <span class='ocrx_word' id='word_1_276' title='bbox 357 2205 433 2248; x_wconf 70' lang='grc'>1111.</span> <span class='ocrx_word' id='word_1_277' title='bbox 460 2206 577 2249; x_wconf 84' lang='lat' dir='ltr'>Rom.</span> <span class='ocrx_word' id='word_1_278' title='bbox 603 2206 615 2228; x_wconf 78' lang='lat'>¹</span> <span class='ocrx_word' id='word_1_279' title='bbox 641 2207 688 2249; x_wconf 85' lang='lat' dir='ltr'>ad</span> <span class='ocrx_word' id='word_1_280' title='bbox 727 2205 898 2250; x_wconf 83' lang='lat' dir='ltr'>verbum</span> <span class='ocrx_word' id='word_1_281' title='bbox 933 2206 1149 2262; x_wconf 88' lang='lat' dir='ltr'>desumpta</span> <span class='ocrx_word' id='word_1_282' title='bbox 1175 2211 1233 2248; x_wconf 88' lang='lat' dir='ltr'>est</span> <span class='ocrx_word' id='word_1_283' title='bbox 1256 2206 1284 2264; x_wconf 60' lang='grc' dir='ltr'>ξ</span> <span class='ocrx_word' id='word_1_284' title='bbox 1307 2206 1345 2249; x_wconf 65' lang='lat' dir='ltr'>a.</span> <span class='ocrx_word' id='word_1_285' title='bbox 1370 2205 1584 2263; x_wconf 75' lang='lat' dir='ltr'>Sepulera,</span> <span class='ocrx_word' id='word_1_286' title='bbox 1608 2219 1679 2249; x_wconf 88' lang='lat' dir='ltr'>seu</span> <span class='ocrx_word' id='word_1_287' title='bbox 1704 2219 1770 2257; x_wconf 89' lang='lat' dir='ltr'>pe-</span> 
     </span>
     <span class='ocr_line' id='line_1_31' title="bbox 145 2276 1765 2333; baseline -0.001 -14"><span class='ocrx_word' id='word_1_288' title='bbox 145 2276 315 2319; x_wconf 79' lang='lat' dir='ltr'>culiaria</span> <span class='ocrx_word' id='word_1_289' title='bbox 343 2276 427 2319; x_wconf 82' lang='lat' dir='ltr'>loca</span> <span class='ocrx_word' id='word_1_290' title='bbox 454 2279 557 2319; x_wconf 89' lang='lat' dir='ltr'>intra</span> <span class='ocrx_word' id='word_1_291' title='bbox 582 2279 876 2320; x_wconf 77' lang='lat' dir='ltr'>coemeterium</span> <span class='ocrx_word' id='word_1_292' title='bbox 903 2277 952 2319; x_wconf 90' lang='lat' dir='ltr'>ad</span> <span class='ocrx_word' id='word_1_293' title='bbox 977 2277 1194 2319; x_wconf 76' lang='lat' dir='ltr'>condenda</span> <span class='ocrx_word' id='word_1_294' title='bbox 1218 2277 1422 2320; x_wconf 66' lang='lat' dir='ltr'>cadavera</span> <span class='ocrx_word' id='word_1_295' title='bbox 1443 2276 1483 2333; x_wconf 87' lang='lat' dir='ltr'>a)</span> <span class='ocrx_word' id='word_1_296' title='bbox 1503 2276 1765 2320; x_wconf 76' lang='lat' dir='ltr'>sacerdolum</span> 
     </span>
     <span class='ocr_line' id='line_1_32' title="bbox 145 2346 1764 2404; baseline 0.002 -16"><span class='ocrx_word' id='word_1_297' title='bbox 145 2352 184 2388; x_wconf 86' lang='lat' dir='ltr'>el</span> <span class='ocrx_word' id='word_1_298' title='bbox 219 2346 260 2402; x_wconf 90' lang='lat' dir='ltr'>b)</span> <span class='ocrx_word' id='word_1_299' title='bbox 294 2346 542 2389; x_wconf 73' lang='lat' dir='ltr'>elerieormn</span> <span class='ocrx_word' id='word_1_300' title='bbox 580 2350 924 2404; x_wconf 73' lang='lat' dir='ltr'>«cuiuscumque</span> <span class='ocrx_word' id='word_1_301' title='bbox 968 2347 1167 2389; x_wconf 77' lang='lat' dir='ltr'>ordinis»</span> <span class='ocrx_word' id='word_1_302' title='bbox 1205 2351 1243 2389; x_wconf 87' lang='lat' dir='ltr'>et</span> <span class='ocrx_word' id='word_1_303' title='bbox 1282 2363 1301 2387; x_wconf 85' lang='lat'>«</span> <span class='ocrx_word' id='word_1_304' title='bbox 1325 2347 1376 2390; x_wconf 87' lang='lat' dir='ltr'>ob</span> <span class='ocrx_word' id='word_1_305' title='bbox 1411 2350 1585 2404; x_wconf 87' lang='lat' dir='ltr'>primam</span> <span class='ocrx_word' id='word_1_306' title='bbox 1620 2348 1764 2391; x_wconf 87' lang='lat' dir='ltr'>saltem</span> 
     </span>
     <span class='ocr_line' id='line_1_33' title="bbox 146 2417 1766 2475; baseline 0.001 -16"><span class='ocrx_word' id='word_1_307' title='bbox 146 2422 355 2459; x_wconf 83' lang='lat' dir='ltr'>tonsuram</span> <span class='ocrx_word' id='word_1_308' title='bbox 381 2433 401 2458; x_wconf 83' lang='lat'>»</span> <span class='ocrx_word' id='word_1_309' title='bbox 442 2418 548 2474; x_wconf 84' lang='grc'>(033.</span> <span class='ocrx_word' id='word_1_310' title='bbox 586 2418 682 2469; x_wconf 88' lang='grc'>108,</span> <span class='ocrx_word' id='word_1_311' title='bbox 715 2420 739 2471; x_wconf 61' lang='grc' dir='ltr'><strong>ξ</strong></span> <span class='ocrx_word' id='word_1_312' title='bbox 776 2417 831 2475; x_wconf 78' lang='grc'>1),</span> <span class='ocrx_word' id='word_1_313' title='bbox 866 2417 933 2460; x_wconf 70' lang='lat' dir='ltr'>ubi</span> <span class='ocrx_word' id='word_1_314' title='bbox 956 2417 1048 2473; x_wconf 86' lang='lat' dir='ltr'>fieri</span> <span class='ocrx_word' id='word_1_315' title='bbox 1068 2423 1216 2474; x_wconf 77' lang='lat' dir='ltr'>polest,</span> <span class='ocrx_word' id='word_1_316' title='bbox 1242 2430 1289 2461; x_wconf 87' lang='grc'>30</span> <span class='ocrx_word' id='word_1_317' title='bbox 1318 2423 1415 2461; x_wconf 85' lang='lat' dir='ltr'>tune</span> <span class='ocrx_word' id='word_1_318' title='bbox 1439 2432 1488 2462; x_wconf 76' lang='lat' dir='ltr'>ex</span> <span class='ocrx_word' id='word_1_319' title='bbox 1515 2421 1766 2475; x_wconf 77' lang='lat' dir='ltr'>praescripto</span> 
     </span>
     <span class='ocr_line' id='line_1_34' title="bbox 145 2487 1768 2546; baseline 0.003 -19"><span class='ocrx_word' id='word_1_320' title='bbox 145 2501 169 2528; x_wconf 86' lang='lat' dir='ltr'>a</span> <span class='ocrx_word' id='word_1_321' title='bbox 203 2487 407 2544; x_wconf 66' lang='lat' dir='ltr'>sepulcris</span> <span class='ocrx_word' id='word_1_322' title='bbox 444 2494 485 2530; x_wconf 93' lang='lat' dir='ltr'>ut</span> <span class='ocrx_word' id='word_1_323' title='bbox 518 2501 641 2544; x_wconf 84' lang='lat' dir='ltr'>supra</span> <span class='ocrx_word' id='word_1_324' title='bbox 676 2487 879 2530; x_wconf 77' lang='lat' dir='ltr'>laieorum</span> <span class='ocrx_word' id='word_1_325' title='bbox 920 2500 997 2544; x_wconf 77' lang='lat' dir='ltr'>qua</span> <span class='ocrx_word' id='word_1_326' title='bbox 1044 2487 1184 2530; x_wconf 87' lang='lat' dir='ltr'>talium</span> <span class='ocrx_word' id='word_1_327' title='bbox 1220 2487 1259 2544; x_wconf 87' lang='grc'>3)</span> <span class='ocrx_word' id='word_1_328' title='bbox 1294 2495 1496 2545; x_wconf 77' lang='lat' dir='ltr'>separata</span> <span class='ocrx_word' id='word_1_329' title='bbox 1536 2489 1634 2538; x_wconf 74' lang='lat' dir='ltr'>siut,</span> <span class='ocrx_word' id='word_1_330' title='bbox 1668 2501 1768 2546; x_wconf 88' lang='lat' dir='ltr'>qua-</span> 
     </span>
    </p>

    <p class='ocr_par' dir='ltr' id='par_1_7' title="bbox 111 2557 1767 2825">
     <span class='ocr_line' id='line_1_35' title="bbox 147 2557 1767 2616; baseline 0.002 -18"><span class='ocrx_word' id='word_1_331' title='bbox 147 2562 264 2599; x_wconf 83' lang='lat' dir='ltr'>tenus</span> <span class='ocrx_word' id='word_1_332' title='bbox 298 2571 374 2599; x_wconf 84' lang='lat' dir='ltr'>non</span> <span class='ocrx_word' id='word_1_333' title='bbox 413 2561 660 2613; x_wconf 77' lang='lat' dir='ltr'>promiscua,</span> <span class='ocrx_word' id='word_1_334' title='bbox 698 2558 734 2612; x_wconf 88' lang='grc'>1))</span> <span class='ocrx_word' id='word_1_335' title='bbox 767 2572 816 2600; x_wconf 75' lang='lat' dir='ltr'>ae</span> <span class='ocrx_word' id='word_1_336' title='bbox 847 2557 1078 2600; x_wconf 76' lang='lat' dir='ltr'>decentiori</span> <span class='ocrx_word' id='word_1_337' title='bbox 1120 2557 1207 2600; x_wconf 73' lang='lat' dir='ltr'>loeo</span> <span class='ocrx_word' id='word_1_338' title='bbox 1251 2559 1361 2605; x_wconf 83' lang='lat' dir='ltr'>sila:</span> <span class='ocrx_word' id='word_1_339' title='bbox 1391 2565 1628 2616; x_wconf 74' lang='lat' dir='ltr'>praeterea,</span> <span class='ocrx_word' id='word_1_340' title='bbox 1662 2562 1767 2602; x_wconf 85' lang='lat' dir='ltr'>inter</span> 
     </span>
     <span class='ocr_line' id='line_1_36' title="bbox 111 2615 1765 2685; baseline 0.002 -17"><span class='ocrx_word' id='word_1_341' title='bbox 111 2615 116 2619; x_wconf 57' lang='grc'><strong>’</strong></span> <span class='ocrx_word' id='word_1_342' title='bbox 147 2629 230 2683; x_wconf 80' lang='lat' dir='ltr'>ipsa</span> <span class='ocrx_word' id='word_1_343' title='bbox 266 2627 333 2669; x_wconf 80' lang='lat' dir='ltr'>ubi</span> <span class='ocrx_word' id='word_1_344' title='bbox 374 2627 415 2669; x_wconf 83' lang='lat' dir='ltr'>id</span> <span class='ocrx_word' id='word_1_345' title='bbox 451 2628 706 2671; x_wconf 76' lang='lat' dir='ltr'>commodum</span> <span class='ocrx_word' id='word_1_346' title='bbox 738 2628 884 2685; x_wconf 73' lang='lat' dir='ltr'>suerit,</span> <span class='ocrx_word' id='word_1_347' title='bbox 918 2640 1023 2684; x_wconf 81' lang='lat' dir='ltr'>quae</span> <span class='ocrx_word' id='word_1_348' title='bbox 1070 2627 1251 2671; x_wconf 80' lang='lat' dir='ltr'>clausula</span> <span class='ocrx_word' id='word_1_349' title='bbox 1304 2629 1436 2671; x_wconf 70' lang='lat' dir='ltr'>levem</span> <span class='ocrx_word' id='word_1_350' title='bbox 1473 2629 1765 2684; x_wconf 81' lang='lat' dir='ltr'>obligationem</span> 
     </span>
     <span class='ocr_line' id='line_1_37' title="bbox 147 2697 1763 2756; baseline 0.002 -17"><span class='ocrx_word' id='word_1_351' title='bbox 147 2700 292 2750; x_wconf 85' lang='lat' dir='ltr'>innuit,</span> <span class='ocrx_word' id='word_1_352' title='bbox 326 2698 414 2740; x_wconf 85' lang='lat' dir='ltr'>ulia</span> <span class='ocrx_word' id='word_1_353' title='bbox 449 2699 637 2754; x_wconf 76' lang='lat' dir='ltr'>sepulcra</span> <span class='ocrx_word' id='word_1_354' title='bbox 670 2712 747 2756; x_wconf 79' lang='lat' dir='ltr'>pro</span> <span class='ocrx_word' id='word_1_355' title='bbox 780 2697 1065 2741; x_wconf 71' lang='lat' dir='ltr'>sacerdotibus</span> <span class='ocrx_word' id='word_1_356' title='bbox 1089 2698 1140 2741; x_wconf 89' lang='lat' dir='ltr'>ob</span> <span class='ocrx_word' id='word_1_357' title='bbox 1164 2712 1305 2742; x_wconf 86' lang='lat' dir='ltr'>eorum</span> <span class='ocrx_word' id='word_1_358' title='bbox 1340 2700 1549 2756; x_wconf 80' lang='lat' dir='ltr'>singulare</span> <span class='ocrx_word' id='word_1_359' title='bbox 1584 2701 1763 2742; x_wconf 91' lang='lat' dir='ltr'>ministe-</span> 
     </span>
     <span class='ocr_line' id='line_1_38' title="bbox 148 2767 1766 2825; baseline 0.001 -16"><span class='ocrx_word' id='word_1_360' title='bbox 148 2769 268 2821; x_wconf 80' lang='lat' dir='ltr'>rium,</span> <span class='ocrx_word' id='word_1_361' title='bbox 302 2767 390 2809; x_wconf 86' lang='lat' dir='ltr'>alia</span> <span class='ocrx_word' id='word_1_362' title='bbox 425 2782 503 2825; x_wconf 83' lang='lat' dir='ltr'>pro</span> <span class='ocrx_word' id='word_1_363' title='bbox 536 2768 757 2825; x_wconf 75' lang='lat' dir='ltr'>inferioris</span> <span class='ocrx_word' id='word_1_364' title='bbox 790 2767 953 2811; x_wconf 82' lang='lat' dir='ltr'>ordinis</span> <span class='ocrx_word' id='word_1_365' title='bbox 986 2770 1107 2810; x_wconf 88' lang='lat' dir='ltr'>etiam</span> <span class='ocrx_word' id='word_1_366' title='bbox 1133 2769 1376 2812; x_wconf 72' lang='lat' dir='ltr'>diaconatus</span> <span class='ocrx_word' id='word_1_367' title='bbox 1401 2769 1615 2812; x_wconf 75' lang='lat' dir='ltr'>Eeelesiae</span> <span class='ocrx_word' id='word_1_368' title='bbox 1646 2768 1766 2811; x_wconf 69' lang='lat' dir='ltr'>mim·-</span> 
     </span>
    </p>
   </div>
   <div class='ocr_carea' id='block_1_4' title="bbox 264 2920 803 2965">
    <p class='ocr_par' dir='ltr' id='par_1_8' title="bbox 264 2920 803 2965">
     <span class='ocr_line' id='line_1_39' title="bbox 264 2920 803 2965; baseline 0.002 -12"><span class='ocrx_word' id='word_1_369' title='bbox 264 2920 274 2940; x_wconf 74' lang='lat'><strong>1</strong></span> <span class='ocrx_word' id='word_1_370' title='bbox 302 2920 379 2953; x_wconf 76' lang='lat' dir='ltr'>Tit.</span> <span class='ocrx_word' id='word_1_371' title='bbox 409 2920 474 2961; x_wconf 83' lang='lat' dir='ltr'>VI,</span> <span class='ocrx_word' id='word_1_372' title='bbox 501 2920 591 2965; x_wconf 80' lang='lat' dir='ltr'>Cap.</span> <span class='ocrx_word' id='word_1_373' title='bbox 622 2922 650 2960; x_wconf 92' lang='lat' dir='ltr'>I,</span> <span class='ocrx_word' id='word_1_374' title='bbox 679 2932 718 2954; x_wconf 88' lang='lat' dir='ltr'>n.</span> <span class='ocrx_word' id='word_1_375' title='bbox 750 2922 803 2954; x_wconf 80' lang='lat'>10.</span> 
     </span>
    </p>
   </div>
   <div class='ocr_carea' id='block_1_5' title="bbox 1867 0 1965 3240">
    <p class='ocr_par' dir='ltr' id='par_1_9' title="bbox 1867 0 1965 3240">
     <span class='ocr_line' id='line_1_40' title="bbox 1867 0 1965 3240; baseline 0 0"><span class='ocrx_word' id='word_1_376' title='bbox 1867 0 1965 3240; x_wconf 95' lang='lat' dir='ltr'> </span> 
     </span>
    </p>
   </div>
  </div>
 </body>
</html>
