1965 3240
695 86 776 120 TIT.
804 86 874 120 IX.
902 106 914 112 ·
940 87 997 121 De
1022 88 1189 121 ecclesiis
1712 86 1758 120 35

126 206 381 266 Episcopalis
413 210 522 260 sunt,
556 219 634 248 non
671 209 802 262 potest
834 206 1040 248 inferioris
1073 205 1227 261 gradus
1261 205 1423 247 clericis
1466 205 1658 260 (proinde
1693 218 1757 248 sa-

125 279 363 324 cerdotibus
395 277 577 335 quoque)
610 277 928 320 demandare».

243 349 321 394 Sed
359 351 395 392 in
421 348 573 392 Codice
615 352 895 404 congruenter
919 347 1024 391 01111.ί
1053 347 1160 389 1147
1188 346 1289 390 haec
1316 346 1596 389 reconciliatio
1620 347 1759 390 decla-

127 426 213 464 rata
246 425 307 464 est
339 424 456 463 actus
489 419 647 463 ordinis
681 417 989 475 presbyteralis,
1025 418 1215 462 edicente
1248 417 1276 475 ξ
1309 417 1345 459 Q.
1380 416 1596 459 Ecclesiae
1619 432 1759 460 conse-

126 497 270 535 cralae
304 490 446 534 calida
481 489 772 533 reconciliatio
807 489 862 532 ad
895 504 963 532 eos
996 494 1156 546 specta!
1190 487 1240 531 de
1273 487 1420 545 qailms
1445 488 1484 529 in
1511 503 1602 530 can.
1628 491 1759 542 1156,

127 563 343 606 videlicet:
379 564 447 619 qui
488 578 506 602 ‹<
527 564 589 604 ins
623 560 897 604 benedicendi
934 560 1068 604 locum
1094 572 1259 603 sacrum
1281 575 1300 599 1)
1331 558 1493 613 liabent
1520 572 1567 601 ac
1593 563 1762 615 possunt

131 634 294 678 «alium
328 633 589 677 sacerdotem
623 632 672 675 ad
709 631 786 675 1100
821 630 983 689 (etiam)
1018 630 1270 687 delegare».
1299 634 1467 686 propter
1490 630 1676 685 regulam
1704 631 1758 672 72

125 707 225 749 iuris
260 707 297 747 in
334 706 377 746 (5⁰
413 703 466 747 ibi
503 702 689 746 relatam.
726 701 831 745 Hinc
865 706 1090 745 evaserunt
1124 700 1283 743 inutilia
1320 700 1540 756 privilegia
1566 713 1761 744 concessa

127 790 198 833 per
231 780 359 820 const.
400 774 645 818 «Dudum»
685 773 774 816 111111
795 773 826 816 11
851 770 1000 817 Ordini
1034 771 1297 815 Minimornm
1336 776 1375 814 et
1399 785 1471 827 per
1495 775 1622 814 const.
1655 770 1762 814 «Re-

125 847 289 904 ligionis
321 846 468 889 suadet
502 845 733 888 honestas»
774 843 920 887 Leonis
952 842 986 886 X
1022 840 1171 887 Ordini
1205 843 1379 885 fratrum
1414 841 1636 895 Minornm,
1661 841 1759 884 alia-

125 932 204 976 que
237 917 402 971 similia,
437 919 700 973 cessavitque
736 920 1005 972 [iraeceptum
1042 928 1063 958 a
1084 914 1123 957 S.
1142 914 1187 957 R.
1207 912 1248 957 C.
1275 913 1482 956 adiectum
1509 914 1547 955 in
1574 911 1728 955 lmolen
1747 912 1760 934 ¹

124 990 322 1033 decisioni
358 989 493 1046 quoad
530 987 693 1031 illorum
732 986 1048 1043 privilegiorum
1092 999 1226 1029 usum.

243 1061 330 1104 Imo
364 1064 403 1103 et
436 1059 485 1103 ad
522 1072 642 1102 casus
674 1059 827 1102 dantur
861 1057 929 1101 alii
965 1059 1141 1100 ministri
1178 1056 1352 1112 legitimi
1377 1054 1454 1098 sub
1475 1055 1503 1113 ξ
1527 1055 1565 1099 3
1591 1053 1635 1097 In
1662 1068 1761 1096 casa

125 1138 261 1174 10111ιή
297 1130 337 1188 a)
369 1130 529 1188 qracis,
567 1144 603 1171 v.
637 1144 698 1186 gr.
734 1131 829 1187 quia
863 1128 1039 1172 ecclesia
1074 1133 1135 1171 est
1184 1126 1442 1184 paroecialis,
1481 1126 1542 1169 vel
1587 1125 1638 1169 ab
1672 1125 1762 1169 aliis

124 1204 283 1256 dissita,
317 1201 358 1260 b)
393 1208 430 1244 et
467 1201 656 1259 arqenlis
691 1200 972 1253 necessitatis,
1007 1214 1046 1242 V.
1080 1214 1140 1255 gr.
1176 1199 1274 1242 dum
1311 1198 1377 1241 illa
1412 1200 1461 1240 sit
1497 1197 1582 1240 sola
1618 1199 1654 1239 in
1691 1211 1760 1253 00-

127 1275 234 1331 pido,
269 1274 405 1332 quoad
441 1273 547 1317 hanc
583 1286 682 1316 vero
717 1277 862 1329 urgeat
895 1276 1165 1328 praeceptum
1201 1270 1397 1313 audiendi
1433 1271 1616 1324 missam,
1650 1274 1686 1321 c)
1723 1268 1761 1310 si

129 1345 389 1389 Ordinarias
423 1345 472 1388 ad
508 1344 775 1388 obtinendam
810 1343 1115 1400 delegationem
1151 1341 1279 1396 saliri,
1304 1341 1450 1384 saltem
1476 1354 1547 1397 per
1571 1342 1760 1383 nuntium

126 1422 319 1474 nequeal,
355 1430 391 1461 v.
426 1430 487 1473 gr.
523 1430 595 1473 pro
639 1415 815 1459 ecclesia
865 1419 982 1458 extra
1029 1415 1242 1457 civilatem
1293 1411 1570 1468 episcopalem
1618 1413 1761 1466 posita,

126 1487 282 1531 rectori
316 1493 357 1530 ut
393 1490 430 1530 in
454 1486 482 1544 ξ
509 1487 549 1530 1Ο
584 1486 785 1529 ecclcsiae
808 1490 1078 1529 consecratae
1100 1497 1147 1528 ac
1176 1483 1351 1526 violatae
1375 1481 1546 1525 eandem
1574 1482 1762 1524 reconci-

126 1559 236 1602 liare
267 1558 337 1618 sas
370 1564 431 1601 cst
464 1572 535 1602 seu
571 1558 728 1602 licitum
770 1571 904 1601 «cum
939 1558 1171 1600 necessaria
1207 1554 1371 1598 licentia
1392 1570 1411 1595 »
1443 1567 1513 1610 per
1538 1553 1647 1596 hunc
1685 1552 1761 1611 ξω

125 1643 337 1684 concessa,
369 1632 465 1688 quia
500 1630 602 1674 haec
638 1629 920 1673 reconciliatio
955 1632 1015 1671 est
1048 1624 1284 1671 Ordinariis
1325 1629 1536 1668 reservata
1580 1623 1631 1668 ob
1670 1637 1759 1667 can.

132 1703 254 1745 1156.
289 1704 475 1759 Sequens
508 1706 646 1745 tamen
682 1701 879 1758 obligatio
915 1699 1124 1756 implenda
1159 1703 1242 1742 est:
1277 1697 1456 1740 certiore
1478 1696 1591 1754 sacto
1613 1700 1761 1753 postea

131 1773 381 1828 Ordinario,
412 1776 501 1816 sive
537 1773 629 1827 loci,
661 1775 750 1816 sive
784 1773 1007 1828 Superiore
1043 1773 1198 1814 maiore
1232 1769 1426 1825 religioso
1460 1767 1509 1810 ad
1535 1780 1656 1824 quem
1689 1780 1760 1823 01·0

126 1844 337 1889 Ecclesiae
371 1845 614 1888 diversitate
649 1843 930 1887 reconciliatio
967 1844 1206 1898 pertineret.

248 1916 314 1958 27.
350 1917 424 1962 De
447 1930 610 1973 aquae
633 1917 925 1961 diversitate
958 1916 1006 1959 in
1040 1913 1418 1959 reconciliandis
1457 1912 1679 1956 ecclesiis
1703 1911 1759 1951 ait

126 1988 163 2031 S.
200 1986 243 2031 C.
280 1987 355 2031 Rit.
391 1989 429 2029 in
465 1986 717 2030 Cameracen
739 1985 776 2028 ²:
808 2001 827 2026 «
851 1985 891 2028 Si
922 1984 1096 2028 eeclesia
1132 1997 1211 2027 non
1246 1985 1323 2026 erit
1347 1986 1604 2036 consecrata,
1631 1984 1761 2037 potest

125 2063 165 2102 et
197 2058 321 2102 debet
356 2058 486 2101 lavari
512 2071 585 2114 per
610 2057 902 2114 presbyterum
927 2069 1034 2114 aqua
1060 2057 1295 2099 exorcizata
1317 2070 1356 2107 >),
1395 2053 1503 2111 quod
1529 2055 1587 2096 sic
1627 2051 1763 2094 reddit

126 2144 216 2172 can.
252 2132 379 2172 1177.
414 2128 725 2173 Heconciliatio
758 2127 959 2171 ecclesiae
991 2126 1231 2170 benedictae
1264 2125 1357 2181 fieri
1386 2129 1522 2182 potest
1546 2138 1657 2181 aqna
1681 2122 1763 2165 lus-

128 2200 231 2244 {rali
263 2201 316 2245 ob
351 2214 470 2244 usum
504 2200 726 2245 communi,
752 2212 876 2257 quam
912 2198 1177 2242 benedictam
1214 2209 1435 2246 vocamns3
1471 2194 1628 2251 reliqua
1660 2207 1760 2236 vero

126 2274 275 2316 citatae
310 2273 588 2328 responsionis
622 2284 715 2328 pars
748 2272 900 2313 omissa
934 2270 1161 2326 derogatur
1186 2270 1243 2311 sic
1270 2281 1342 2324 per
1365 2279 1588 2310 canonem:
1625 2278 1762 2307 recon-

127 2343 290 2386 ciliatio
327 2356 418 2386 cero
453 2342 653 2385 ecclesiae
687 2347 970 2397 consecratae,
1013 2354 1092 2383 non
1138 2342 1217 2383 iam
1260 2354 1278 2379 <i
1306 2352 1377 2394 001·
1411 2337 1660 2393 Episcopum
1697 2334 1761 2378 vel

126 2414 177 2457 de
211 2416 503 2458 commissione
539 2413 671 2470 Papae
691 2429 730 2465 )),
765 2413 836 2456 sed
873 2413 922 2456 ad
958 2424 1148 2455 normam
1186 2415 1339 2466 praec.s
1372 2414 1478 2451 can.S
1510 2407 1568 2465 ’ἐξ
1602 2407 1639 2458 2,
1659 2410 1699 2449 01
1723 2406 1762 2460 3,

127 2485 201 2541 fiat
235 2499 346 2543 aqna
381 2484 436 2528 ad
471 2484 545 2528 1101ἱ
577 2483 808 2537 benedicta,
846 2499 865 2524 <(
885 2496 991 2541 quae
1026 2484 1070 2525 tit
1100 2495 1194 2525 cnm
1220 2483 1359 2524 cinere
1383 2484 1421 2522 et
1448 2480 1598 2533 rino»,
1624 2491 1763 2519 secan-

127 2556 225 2599 clani
271 2556 381 2613 leyes
416 2555 641 2612 lilarqicas
677 2569 713 2596 v.
748 2569 809 2611 gr.
850 2554 926 2598 sub
976 2556 1055 2597 ritu
1112 2552 1207 2595 «De
1258 2549 1592 2594 reconciliatione
1635 2547 1763 2591 eccle-

127 2630 212 2671 siae
249 2628 311 2671 vel
348 2628 626 2671 coemeterii»
667 2628 705 2668 in
742 2625 854 2669 Pont.
889 2625 1022 2679 Rom,
1049 2638 1127 2666 non
1154 2626 1232 2666 iam
1264 2635 1376 2677 «per
1400 2620 1647 2677 Eff‘iiscopum
1673 2623 1760 2661 tan-

127 2702 254 2742 tum»
293 2701 399 2742 sieut
432 2697 612 2742 debebat
644 2699 811 2740 omnino
846 2700 939 2739 ante
972 2694 1167 2739 Codicem
1217 2693 1391 2743 serrari,
1441 2695 1608 2747 propter
1650 2689 1759 2746 quod

247 2853 258 2874 1
290 2853 331 2887 15
356 2852 449 2886 Dee.
482 2851 585 2895 1646,
614 2863 653 2885 n.
683 2851 764 2884 904.
805 2870 839 2875 —
865 2849 879 2872 '2
905 2849 951 2883 ‘20
976 2849 1063 2882 Iun.
1094 2846 1198 2886 1626,
1231 2857 1269 2879 n.
1299 2845 1379 2878 411.
