1965 3240
192 112 260 147 354
450 112 534 147 LIB.
561 112 632 145 111.
662 132 674 137 —
701 112 812 147 PARS
839 113 904 148 IV.
927 133 939 138 -
965 114 1022 148 De
1049 116 1274 158 mayz'sterz'o
1299 115 1553 150 ecclesiastico

189 230 372 287 pertinet
405 231 454 273 ad
490 244 572 285 eos,
597 233 666 287 qui
700 245 750 275 ex
774 232 908 276 officio
936 232 1105 288 vigilant
1128 245 1254 276 curae
1277 235 1416 290 gregis
1440 233 1618 289 Domini,
1643 249 1810 293 nempe:

192 301 231 357 a)
268 300 323 353 ud
355 299 533 357 Leyutos
558 301 738 344 Sanctae
761 302 894 355 Sedis,
917 305 1006 346 sive
1034 305 1141 360 «qui
1168 305 1386 346 mittuntur
1412 317 1505 348 cum
1531 305 1647 348 titulo
1671 305 1810 350 Nuntii

192 375 261 414 aut
294 371 536 415 lutei-nuntii
557 388 594 426 >)‚
619 375 708 415 sive
746 376 854 431 «qui
891 376 1107 416 mittuntur
1139 387 1233 416 cum
1269 374 1384 417 titulo
1418 374 1602 430 Delegati
1636 377 1812 433 Aposto-

193 442 316 497 lici»,
353 442 391 485 lii
425 445 534 486 enim
570 457 713 487 omnes
751 447 828 487 «in
864 447 1070 487 territorio
1103 443 1178 487 sibi
1228 447 1434 501 assignato
1477 446 1709 503 advigilare
1742 447 1812 491 de-

194 512 288 556 bent
323 515 360 556 in
395 513 674 557 Ecclesiarum
709 520 859 558 statum
895 520 933 558 et
958 515 1186 558 Romanum
1214 515 1450 560 Pontificem
1486 517 1536 560 de
1559 518 1703 561 eodem
1729 531 1814 561 cer-

193 585 337 626 tiorem
364 584 578 627 reddere»
608 584 716 642 (can.
743 586 860 642 ⁶267),
887 585 928 642 b)
953 585 1136 628 locorum
1175 584 1431 629 Ordiuurios
1457 586 1565 643 (ean.
1593 588 1690 640 198,
1712 590 1729 640 ξ
1755 587 1813 645 ⁶2),

192 653 231 710 c)
266 659 390 712 utque
427 653 619 698 Hectores
659 654 989 699 Uuieersitatum
1022 655 1328 699 catholicarum
1368 670 1470 715 quas
1507 658 1814 702 declaravimus

191 725 241 767 ad
276 737 364 768 can.
401 725 526 768 1376.
563 726 719 769 Horum
768 729 875 770 enim
925 741 973 770 ex
1019 727 1153 770 officio
1197 730 1377 779 interest,
1414 732 1456 771 ut
1486 741 1583 772 sana
1628 729 1813 773 doctrina

192 797 298 838 inter
331 797 585 852 professores
618 810 665 841 ac
698 798 908 841 scholares
941 798 1212 841 custodiatur.

311 867 367 910 De
403 858 887 912 modo'denunciationis
919 871 974 911 ait
1006 871 1094 922 ἐξ).
1118 868 1315 926 Eoepedit,
1341 874 1383 913 ut
1416 876 1610 927 appareat
1645 870 1812 914 fundata

192 937 456 982 denunciatio
481 941 581 995 ipsa,
606 943 645 982 et
680 939 840 983 facilius
874 940 1155 996 perpendatur
1183 940 1366 983 eiusdem
1393 940 1613 996 obiectum,
1638 942 1708 984 sed
1734 955 1812 984 non

192 1013 252 1052 est
286 1014 568 1066 praeceptum,
609 1015 652 1052 ut
685 1009 728 1052 iu
758 1023 987 1067 pravorum
1031 1009 1233 1053 librorum
1266 1009 1590 1054 denunciatione
1631 1011 1813 1069 qualibet

193 1082 305 1124 iuxta
341 1093 475 1137 praec.
509 1080 576 1137 ξω,
610 1094 691 1123 uou
724 1080 858 1123 solum
891 1080 931 1137 a)
967 1079 1066 1123 libri
1109 1080 1334 1137 inscriptio
1377 1080 1601 1133 iudicetur,
1634 1095 1712 1139 qua
1748 1082 1814 1125 ille

192 1152 347 1209 liquido
380 1152 642 1194 discernatur
673 1149 724 1193 ab
757 1150 837 1194 alio
870 1151 1008 1207 simili,
1043 1151 1152 1208 quod
1188 1156 1300 1194 certo
1332 1154 1613 1195 necessarium
1647 1157 1720 1206 est,
1743 1151 1815 1195 sed

190 1223 331 1273 etiam,
365 1227 567 1279 quamum
600 1221 693 1277 fieri
722 1227 872 1279 potest,
896 1222 1123 1264 secundum
1159 1222 1415 1265 conditiones
1447 1222 1735 1266 denunciantis
1767 1235 1814 1266 ac

192 1295 418 1349 pravitatis,
456 1291 497 1349 b)
533 1306 686 1334 ccttcsae
717 1291 1093 1348 subintelligendae
1125 1297 1392 1350 exponuntur
1425 1306 1499 1334 eur
1541 1292 1646 1335 liber
1673 1292 1814 1350 prohi-

191 1363 345 1406 bendus
378 1362 645 1419 singulariter
677 1362 956 1414 eoeistimetur,
981 1363 1146 1406 forsitan
1181 1362 1257 1406 sub
1291 1365 1391 1406 iuris
1425 1362 1700 1419 prohibitione
1732 1365 1812 1407 iam
1879 1361 1887 1367 ’

190 1433 529 1490 comprehensus.

309 1504 468 1547 Etenim
505 1508 547 1547 ut
570 1503 669 1546 nihil
706 1504 956 1547 incommodi
992 1505 1245 1560 persentiant
1277 1504 1592 1555 denunciantes,
1624 1505 1815 1560 quamvis

192 1578 229 1618 in
279 1577 316 1619 S.
352 1575 500 1632 Congr.
550 1576 587 1619 S.
623 1572 758 1619 Officii
795 1575 915 1619 buius
947 1580 1154 1619 secretum
1209 1577 1358 1631 vigeat,
1391 1574 1642 1631 generaliter
1689 1574 1814 1617 edicit

190 1662 283 1691 cum
321 1647 414 1692 Dec.
449 1660 591 1704 gener.
625 1652 759 1692 ηυιιῑ.Ο
793 1649 880 1690 cit.⁰
913 1647 941 1703 ξ
971 1648 1014 1690 3.
1050 1646 1109 1689 Iis
1142 1645 1197 1689 ad
1229 1660 1331 1703 quos
1366 1648 1477 1688 iuxta
1511 1646 1539 1703 ξ
1574 1646 1625 1688 im
1659 1645 1813 1688 denun-

190 1719 318 1762 eiatio
351 1717 555 1776 defertur,
589 1723 779 1760 sanctu-m
822 1723 908 1760 esto
954 1722 1120 1774 proptor
1152 1716 1381 1759 naturalem
1421 1715 1717 1771 obligationem
1750 1730 1811 1759 se-

190 1792 289 1832 creti
315 1802 363 1832 ex
389 1788 522 1831 officio
548 1787 724 1844 publico,
747 1786 1092 1830 demmez‘antizmz
1116 1787 1299 1841 imminu,
1324 1784 1474 1843 quibus
1498 1785 1590 1828 illae
1615 1799 1812 1842 personae

190 1861 545 1915 dignoscerentur,
570 1863 731 1901 secretu
763 1872 944 1911 serrare,
970 1863 1012 1900 ut
1035 1859 1189 1900 nemini
1214 1869 1412 1913 personae
1438 1856 1530 1899 illae
1551 1860 1811 1913 detegantur.

310 1930 523 1973 Excitatur
555 1927 874 1973 Ordinariorum
911 1931 947 1970 in
974 1928 1050 1971 liac
1084 1941 1127 1971 re
1150 1927 1363 1983 diligentia
1400 1940 1471 1983 per
1492 1924 1520 1983 ξ
1543 1929 1583 1969 4.
1607 1925 1810 1969 Locorum

196 1999 420 2044 Ordinarii
453 1999 562 2056 (can.
587 1998 734 2056 198,§
768 1998 810 2055 ⁶2)
842 2011 919 2055 per
950 2012 993 2040 se
1026 2003 1112 2048 uut,
1138 1996 1205 2040 ubi
1238 2010 1340 2055 opus
1362 1995 1497 2054 fecerit
1521 2001 1687 2053 propter
1710 1999 1813 2053 ipso·

192 2085 281 2114 rum
317 2073 622 2126 occupationes,
659 2068 721 2111 vel
757 2069 1102 2125 multiplicitatem
1138 2067 1478 2125 publicationum,
1503 2071 1594 2121 etc.⁷
1619 2072 1813 2124 tuncper

191 2141 428 2184 sacerdotes
446 2140 616 2183 idoneos
636 2141 803 2183 forsitan
824 2142 1118 2182 constituentes
1146 2155 1165 2179 «
1185 2137 1407 2182 Consilium
1427 2137 1535 2197 quod
1555 2150 1575 2180 a
1600 2137 1809 2193 vigilantia

191 2212 311 2255 dici»
350 2211 504 2267 placuit
538 2211 605 2253 Pio
641 2209 675 2253 X
709 2210 806 2253 illud
844 2209 997 2253 iubenti
1039 2212 1116 2252 «in
1151 2208 1324 2265 singulis
1362 2207 1621 2251 dioecesibus
1654 2210 1809 2251 institui

190 2284 496 2339 quamprimum
516 2297 537 2321 ))
567 2280 677 2337 (litt.⁸
699 2280 857 2337 encycl.
895 2297 916 2320 «
938 2280 1156 2323 Pascendis
1174 2279 1232 2337 n).
1257 2279 1317 2321 llli
1351 2291 1450 2334 ergo
1483 2282 1527 2321 ut
1554 2277 1809 2321 declaratum

190 2358 250 2396 est
282 2351 457 2409 ‘oz'yilent
493 2366 564 2407 pro
598 2365 741 2394 eorum
776 2364 946 2394 munere
969 2350 1010 2393 iu
1046 2350 1189 2403 libros,
1215 2350 1286 2407 qui
1318 2349 1360 2392 in
1392 2348 1567 2406 proprio
1592 2347 1809 2391 territorio

123 2473 126 2476 Δ
189 2423 230 2480 a)
264 2422 445 2466 edantur
489 2424 671 2465 fortassis
713 2424 862 2464 omissa
911 2434 1087 2464 censura
1131 2421 1424 2473 ecclesiastica,
1459 2419 1500 2474 b)
1535 2423 1608 2461 um
1645 2417 1809 2461 venales

187 2499 377 2551 prostent
410 2495 568 2536 etiamsi
603 2493 700 2536 alibi
735 2492 847 2535 editi.
892 2492 1000 2534 Finis
1037 2505 1133 2534 vero
1179 2491 1299 2534 liuius
1335 2490 1572 2546 vigilantiae
1615 2491 1652 2531 in
1698 2488 1810 2532 Dec.⁵

189 2569 346 2620 genei·.³
378 2577 490 2608 num.
517 2563 568 2606 29
602 2565 862 2619 exprimitur,
898 2568 938 2605 ut
967 2579 988 2602 «
1009 2561 1147 2615 libros,
1171 2561 1333 2618 aliaque
1357 2563 1510 2616 scripta
1534 2562 1654 2602 noxia
1674 2561 1711 2601 in
1736 2571 1808 2602 sua

189 2635 366 2677 dioecesi
400 2634 507 2677 edita
544 2634 607 2677 vel
633 2634 778 2676 diffusa
814 2633 1086 2689 proscribere,
1110 2638 1149 2676 et
1172 2646 1193 2675 e
1219 2631 1408 2675 manibus
1432 2630 1615 2674 fidelium
1644 2631 1807 2673 auferre

189 2705 436 2758 studeant»,
471 2705 664 2761 equidem
700 2718 772 2760 pro
805 2703 890 2746 zelo
927 2716 975 2747 ac
1015 2703 1230 2760 prudentia
1265 2701 1473 2758 pastorali.

308 2772 547 2830 Completur
597 2787 695 2818 vero
738 2779 864 2817 num⁸.
906 2774 1049 2817 ultimo
1088 2775 1172 2817 cit.S
1208 2772 1345 2815 verbis
1377 2770 1404 2829 ξ
1436 2771 1494 2814 5³.
1528 2769 1688 2826 Libros,
1725 2784 1801 2814 non

190 2844 359 2888 excluso
392 2858 513 2888 sensu
548 2857 636 2888 can.
678 2845 799 2899 1384,
832 2846 850 2897 ,ὅ
884 2844 921 2897 2,
945 2852 986 2900 a)
1020 2843 1091 2901 qui
1122 2843 1318 2886 subtilius
1351 2855 1521 2885 ermneu
1556 2840 1742 2897 exiqaut,
1769 2856 1805 2883 v.
