1965 3240
529 138 613 174 ΤΙΤ.
643 139 732 173 XII.
761 159 771 163 -
800 139 856 174 De
881 142 1086 184 sepultura
1113 142 1366 177 ecclesiastica
1717 145 1760 178 b'l

133 257 250 310 stria,
283 270 355 300 seu
394 272 414 298 «
438 259 506 315 qni
543 257 696 301 divinis
745 260 984 301 ministeriis
1034 262 1254 316 mancipati
1303 266 1394 303 sunt
1420 277 1438 302 ))
1480 264 1516 304 in
1552 261 1761 306 Ecclesiae

134 327 367 382 utilitatem,
399 334 622 384 parentur.
659 354 710 358 —
746 327 852 372 Huic
885 329 1139 374 distinctioni
1187 332 1404 386 provident
1446 346 1611 390 (pioque
1651 333 1762 390 leges

134 398 352 455 liturgicae
385 398 482 455 (loc.
516 401 584 442 cit.
609 405 739 442 num*
767 399 914 455 11:14)
949 400 1000 443 de
1037 400 1219 444 vestibus
1252 402 1544 446 conimnnibns
1571 409 1609 447 et
1633 406 1761 447 sacris

133 471 250 526 queis
284 469 397 512 indui
430 469 582 513 debent
615 470 867 523 sacerdotes,
902 476 938 513 et
974 471 1041 514 alii
1077 472 1217 514 clerici
1251 473 1507 529 singulorum
1543 475 1759 520 ordinum:

129 539 180 582 ad
216 553 393 596 quorum
428 540 751 583 declarationem
789 543 962 597 pertinet
1000 541 1093 586 Dec.
1119 544 1157 585 5.
1183 542 1225 585 C.
1252 542 1296 586 R.
1323 546 1359 585 in
1394 544 1724 600 Compostellana
1746 545 1758 567 ¹

132 609 199 653 ubi
239 626 259 651 ((
282 614 491 667 proposito
524 610 674 655 dubio:
709 611 770 654 An
811 614 847 654 vi
882 613 1194 656 consuetudinis
1228 614 1345 657 liceat
1376 616 1581 658 cadavera
1617 616 1760 659 Sacer-

129 680 272 724 dotum
308 682 480 725 induere
513 682 651 726 casula
680 682 742 726 vei
771 682 931 739 planeta
958 686 1062 739 nigri
1087 683 1269 727 coloris?
1306 675 1638 741 respondendum
1664 700 1758 729 cen-

127 754 231 795 suit:
266 753 542 807 Affirmative,
575 758 730 797 attenta
767 756 1010 810 praesertim
1047 755 1348 798 consuetudine
1389 761 1427 799 et
1472 756 1651 800 Rubrica
1691 757 1756 801 Ri-

128 823 250 866 tnalis
285 823 471 878 Romani,
505 837 610 881 quae
646 824 933 881 praescribens
969 831 1209 880 paramenta
1248 826 1430 870 violacea
1467 829 1503 869 in
1540 841 1635 871 casu
1678 841 1754 871 non

125 894 309 937 excludit
345 897 524 950 nigra».
563 895 660 938 ltem
696 896 772 939 Rit.
808 895 923 939 Rom.
970 896 1222 951 singularem
1268 898 1457 941 concedit
1504 902 1757 955 praerogati—

129 977 221 1007 vam
258 978 295 1007 n.
334 966 446 1008 «17.
483 966 716 1022 Presbyteri
756 980 852 1010 vero
888 966 1064 1010 babeant
1108 973 1230 1024 caput
1269 982 1412 1011 versus
1446 968 1585 1012 Altare
1611 986 1649 1020 2),
1682 973 1757 1013 sci-

127 1034 245 1079 licet:
286 1049 502 1093 «corpora
537 1050 680 1080 eorum
716 1038 1009 1081 defunctorum
1037 1040 1073 1080 in
1099 1037 1283 1081 Ecclesia
1320 1041 1521 1095 ponenda.
1548 1041 1654 1096 quod
1682 1054 1753 1097 pro

125 1108 206 1149 situ
240 1111 277 1149 et
314 1106 402 1150 loco
437 1108 506 1151 liat
540 1110 578 1150 in
613 1107 868 1164 sepulcro».

243 1179 425 1221 Demum
450 1179 464 1200 2
503 1194 522 1219 ((
548 1180 661 1222 iuxta
698 1184 901 1223 vetustam
937 1186 974 1223 et
1011 1180 1263 1224 laudabilem
1286 1181 1555 1225 ecclesiarum
1581 1196 1752 1226 consue-

125 1248 355 1291 tudinem»
394 1249 460 1307 (eo
494 1250 602 1306 quod
640 1252 676 1292 in
714 1253 866 1293 renatis
899 1251 1091 1294 omnibus
1124 1252 1223 1294 nibil
1259 1253 1343 1295 odit
1370 1252 1494 1309 Deus)
1529 1259 1586 1296 est
1624 1259 1749 1297 reten-

124 1324 209 1363 tum
245 1319 342 1364 Rit.⁸
374 1320 505 1364 Rom.i
542 1324 842 1378 praescriptum
868 1325 907 1365 in
932 1326 956 1376 ᾗ
981 1323 1018 1367 2.
1042 1322 1186 1365 Ellam
1220 1323 1463 1381 vinsimlimn.
1490 1324 1541 1368 ob
1574 1330 1748 1368 aetatem

130 1396 267 1434 «ante
303 1391 468 1448 plenum
503 1394 828 1448 septennium»,
863 1394 1029 1451 quando
1069 1399 1333 1437 «censentur
1367 1409 1444 1437 non
1489 1398 1551 1438 sui
1584 1409 1748 1452 compo-

124 1466 226 1505 tes»
266 1462 374 1520 (can.
410 1463 478 1517 88,
510 1464 538 1522 ς
573 1463 629 1521 3),
664 1464 926 1522 corpuscula,
961 1471 1167 1522 quatenus
1215 1465 1422 1509 eomnmde
1466 1467 1559 1522 fieri
1600 1472 1749 1523 polest,

119 1532 196 1576 sub
231 1533 310 1576 16νί
346 1536 472 1590 igitur
504 1534 770 1591 obligatione,
804 1535 1008 1593 speciales
1042 1550 1114 1592 pro
1150 1539 1246 1593 ipsis
1280 1542 1436 1580 tantum
1468 1543 1505 1579 el
1529 1544 1748 1594 separam-

118 1605 512 1662 quomodocumque
559 1619 609 1648 ex
659 1606 934 1650 destinatione
972 1606 1021 1649 ab
1055 1607 1156 1650 aliis
1188 1607 1390 1664 sepulcris
1421 1608 1462 1666 ξ’
1499 1609 1557 1651 2³³
1591 1608 1748 1652 loculos

120 1687 193 1730 pro
225 1675 399 1731 singulis
431 1681 470 1718 el
502 1676 746 1734 sepulturas
779 1691 850 1720 seu
886 1677 974 1721 loca
1000 1679 1250 1734 recipiendis
1274 1679 1530 1735 corpusculis
1555 1678 1746 1731 habeant,

122 1761 143 1786 ((
168 1747 205 1788 in
240 1746 391 1803 quibus
425 1747 597 1804 proinde
631 1761 709 1791 non
744 1748 1012 1805 sepeliantur,
1048 1752 1122 1793 nisi
1166 1753 1234 1806 qui
1282 1750 1470 1806 baptizati
1507 1752 1656 1794 fuerint
1692 1754 1747 1793 in-

115 1818 257 1864 fantes.
296 1817 359 1860 vel
395 1821 527 1874 pueri,
560 1821 630 1876 qui
663 1824 757 1862 ante
791 1833 920 1863 annos
943 1820 1205 1864 discretionis
1228 1821 1419 1864 obierunt
1444 1838 1463 1862 »
1488 1821 1517 1863 ³.
1544 1821 1670 1864 lmmo
1706 1824 1742 1864 in

113 1885 302 1931 Civitatis
325 1888 581 1933 Castellanae
605 1890 619 1911 ⁴
658 1906 678 1930 ‹<
701 1892 741 1934 S.
766 1890 810 1934 R.
837 1889 922 1935 C..
947 1894 1130 1934 censuit:
1166 1891 1253 1935 Non
1280 1891 1487 1948 prohiberi
1519 1892 1745 1947 Regulares

114 1957 314 2002 habentes
346 1960 566 2017 privilegia
601 1962 827 2018 recipiendi
851 1975 1025 2019 corpora
1051 1963 1342 2006 detunctorum
1369 1965 1405 2005 in
1431 1976 1572 2006 eornm
1607 1964 1742 2019 sepul-

115 2032 232 2085 turis,
251 2033 485 2087 quominus,
505 2034 619 2075 iuxta
638 2033 950 2089 dispositionem
971 2035 1072 2076 iuris
1091 2036 1337 2081 communis,
1365 2037 1516 2089 possint
1539 2037 1574 2076 in
1601 2037 1659 2077 eis
1681 2048 1742 2078 se-

114 2100 241 2156 pelire
254 2102 499 2158 corpuscula
520 2103 810 2159 parvulorum
831 2116 979 2147 curare
996 2109 1133 2148 autem
1155 2104 1308 2148 debere
1328 2105 1494 2147 eosdem
1516 2105 1741 2160 Regulares

115 2175 158 2214 ut
191 2171 370 2216 habeant
402 2172 706 2217 Coemeterium
742 2180 978 2231 separatum
1006 2190 1079 2232 pro
1098 2175 1322 2231 sepulturis
1347 2175 1615 2231 pam-nlornm
1642 2193 1678 2218 ».

231 2243 299 2285 67.
336 2246 572 2290 Custodia
611 2248 892 2292 coemeterii
935 2249 1206 2292 materialis
1250 2261 1321 2302 pro
1363 2247 1546 2289 eiusdem
1593 2252 1738 2290 natura

112 2313 277 2357 iubetur
309 2329 399 2357 ean.
436 2318 560 2358 1910.
599 2315 821 2369 Quodlibet
854 2318 1143 2360 coemeterimn
1179 2332 1226 2360 ex
1263 2318 1383 2360 dictis
1418 2320 1454 2359 in
1487 2330 1620 2373 praec.
1646 2331 1736 2361 can.

108 2384 164 2427 sil
200 2384 382 2442 midique
414 2391 510 2443 apte
542 2386 729 2430 clausum
765 2393 907 2431 contra
933 2387 1084 2431 bestias
1107 2393 1143 2430 et
1171 2402 1320 2444 pravos
1345 2388 1531 2430 homines
1555 2394 1593 2430 et
1616 2394 1737 2431 caule

109 2455 376 2503 custoditum,
408 2470 459 2500 ne
496 2457 740 2501 violationes
772 2458 981 2516 quaelibet
1025 2461 1278 2515 contingant,
1323 2464 1390 2501 aut
1430 2458 1506 2501 alia
1549 2462 1732 2515 opposita

0 2535 6 2547 “·
68 2550 74 2554 -
106 2526 360 2570 salubritatis
392 2529 560 2570 normis.

227 2599 292 2641 68.
331 2600 567 2645 Custodia
609 2602 809 2656 pietatis
848 2616 907 2647 ac
950 2604 1205 2658 religionis
1248 2604 1294 2645 in
1334 2604 1639 2646 coemeteriis
1676 2604 1732 2644 si(-

106 2668 426 2712 commendatur
459 2672 496 2712 in
532 2684 622 2712 ean.
659 2674 786 2714 1911.
824 2671 1020 2724 cheant,
1054 2677 1253 2729 quantum
1290 2675 1325 2713 in
1361 2671 1616 2723 singulorum
1657 2675 1731 2715 erit

107 2739 298 2794 prudenti
343 2740 625 2796 possibilitate,
664 2741 705 2799 a)
745 2742 970 2785 ordinarii
1014 2743 1196 2785 locorum
1241 2756 1416 2798 semper.
1464 2742 1504 2798 b)
1540 2742 1733 2800 parochi,

224 2847 233 2866 ί
262 2846 306 2879 20
332 2846 430 2879 Nov.
462 2847 565 2886 1908,
595 2859 633 2881 u.
663 2848 769 2881 4228.
807 2869 851 2873 —
887 2849 900 2870 ‘2
926 2848 1008 2882 Rit.
1038 2848 1145 2882 Rom.
1175 2849 1240 2881 tit.
1266 2848 1332 2883 cit.
1359 2859 1438 2891 cap.
1470 2847 1519 2881 VI
1550 2860 1586 2881 ιι.
1619 2851 1649 2882 1.
1688 2871 1731 2874 —

102 2891 118 2911 ²³
143 2891 226 2926 Rit.
257 2892 366 2927 Rom.
392 2894 464 2927 loc.
493 2894 560 2928 cit.
593 2916 629 2919 —
661 2896 672 2917 4
703 2897 745 2928 12
772 2896 862 2929 Dec.
896 2897 996 2929 162⁴).
1029 2907 1066 2928 n.
1096 2896 1177 2929 383.

228 2970 324 2998 BLAT
347 2986 365 2992 -
391 2970 513 3001 Comm.
543 2973 627 3001 Text.
653 2973 729 3001 Coa.
754 2973 827 3001 Iur.
853 2973 934 3001 Can.
1587 2972 1604 2998 (ἰ
