1965 3240
153 96 223 130 430
295 96 379 130 LIB.
405 95 477 129 III.
507 115 518 120 -
546 95 656 129 PARS
681 95 725 129 V.
751 115 764 120 -
789 96 847 130 De
873 95 996 138 benef.
1025 98 1060 130 et
1085 97 1211 129 instit.
1239 96 1366 130 eccles.
1394 106 1474 130 non
1500 96 1632 141 colley.

155 218 272 257 catur
306 213 411 256 idem
453 213 732 270 «obligationi
757 214 852 257 tidei
888 216 1179 270 professionem
1216 214 1469 257 emittendi»
1508 213 1807 272 (ean.1407)·

154 284 205 327 de
239 296 317 341 qua
353 286 390 327 in
425 297 582 327 canone
614 284 775 339 eodem,
799 284 925 327 eliam
957 297 1034 341 per
1063 280 1396 340 procuratorem,
1419 287 1487 342 qui
1521 284 1699 328 clericus
1725 288 1777 328 sit

153 359 329 411 oportet,
354 367 402 398 ac
435 353 616 412 speciale
649 354 893 417 mandatum
928 368 1000 412 pro
1025 354 1090 398 illa
1126 354 1314 398 beneficii
1350 357 1605 411 possessione
1628 354 1782 398 haben-

156 430 250 478 tem,
283 425 334 468 de
367 438 448 481 quo
492 427 568 468 rite
600 429 771 479 constet,
806 425 901 483 capi
938 430 1077 482 potest
1111 425 1250 468 valide
1283 429 1406 483 atque
1449 425 1572 480 licite,
1616 439 1691 469 nec
1734 426 1772 469 id

153 495 205 539 ab
236 493 470 540 Ordinariis
516 495 724 552 prohiberi
762 501 905 552 potest,
940 500 1080 552 utpote
1113 508 1133 538 a
1169 498 1256 539 iure
1288 509 1543 540 concessum.
1578 496 1775 540 Absentia

156 580 253 610 vero
289 566 540 610 beneticiarii
573 579 594 609 a
631 566 718 610 loco
751 567 977 610 sumendae
1012 569 1279 621 possessionis
1312 571 1423 610 recte
1456 569 1685 623 accipiatur
1720 570 1774 610 uli

154 637 335 680 conditio
368 637 417 680 ad
455 637 673 680 liceitatem
710 651 807 681 usus
842 639 1135 693 procuratoris.

273 708 371 751 347.
408 710 739 765 Praescriptio
777 710 1005 754 beneficii
1042 711 1262 766 possessi
1299 713 1449 751 statuta
1486 722 1557 764 pei·
1591 709 1776 764 regulam

155 779 208 822 36
240 778 521 823 Cancellariae
556 778 816 835 Apostolicae
848 779 1134 835 depromptam
1160 792 1209 821 ex
1234 777 1357 823 Conc.
1393 779 1612 822 Basileensi
1649 779 1777 823 unde-

155 862 320 907 quaque
352 850 549 893 detinitur
583 852 620 892 in
655 864 745 894 (πη.
782 853 912 892 1446.
949 850 994 893 Si
1027 849 1218 899 clericam,
1252 852 1345 907 quia
1380 851 1517 906 agitur
1539 850 1590 893 de
1621 849 1778 893 iuribus

154 920 439 977 spiritualibus
477 934 692 978 «iptorum
741 921 830 964 laici
870 934 950 963 non
985 926 1079 963 sunt
1120 933 1333 976 capaces»
1372 920 1479 977 (can.
1519 919 1663 977 1509),
1706 920 1780 977 (μιί

154 990 393 1047 beneficium
429 993 592 1047 proprie
626 992 782 1034 (lictum
820 991 929 1048 (can.
965 991 1091 1048 1409)
1123 990 1310 1048 posside!
1345 993 1508 1047 proprie
1538 990 1780 1049 probaverit

156 1066 193 1105 in
230 1063 382 1106 iudicio
406 1077 448 1105 se
481 1062 523 1104 ip
548 1062 732 1105 eiusdem
765 1062 952 1119 beneficii?
983 1062 1204 1118 singularis
1227 1063 1278 1105 de
1301 1076 1382 1120 quo
1417 1067 1634 1105 moveatur
1657 1075 1782 1119 (tuae-

154 1135 230 1176 stio
261 1133 524 1190 possessione
556 1132 597 1189 a)
629 1132 815 1190 pacifice,
849 1132 1066 1184 seu‘nullo
1099 1133 1408 1176 contradicente
1443 1133 1609 1175 forsitan
1649 1137 1779 1175 extra-

156 1203 417 1254 iudicialiter,
454 1202 492 1255 b)
522 1217 600 1260 per
632 1204 841 1259 incessi-mn
877 1203 1105 1246 lri'emziwn
1138 1203 1207 1247 sed
1243 1196 1483 1247 continuum
1518 1216 1566 1247 ac
1598 1203 1780 1259 comple-

157 1279 242 1317 tum
277 1273 327 1317 al)
363 1276 476 1316 initio
522 1276 788 1330 possessionis
819 1272 966 1330 fuisse,
998 1273 1038 1330 c)
1072 1273 1178 1317 bona
1225 1272 1318 1329 fide,
1351 1276 1445 1330 quia
1486 1273 1635 1316 «nulla
1672 1273 1778 1316 vaiet

160 1347 442 1400 praescriptio,
475 1346 551 1387 nisi
588 1343 691 1387 bona
727 1344 807 1387 tide
843 1347 1032 1387 nitatur»
1072 1344 1180 1401 (can.
1220 1344 1363 1400 1512),
1397 1346 1467 1400 sic*
1494 1346 1644 1387 reiecta
1681 1357 1781 1400 quo-

159 1415 349 1458 rumdam
383 1419 599 1458 auctorum
632 1417 833 1458 sententia
868 1417 977 1458 circa
1028 1414 1136 1458 illam
1173 1415 1372 1471 reguiam,
1404 1414 1484 1456 etsi
1515 1413 1640 1471 forle,
1683 1416 1780 1471 quia

159 1489 233 1528 iste
268 1485 504 1541 probandus
539 1499 615 1527 non
649 1491 722 1540 est,
746 1488 883 1541 agitur
915 1488 1024 1528 enim
1058 1485 1110 1528 de
1146 1487 1414 1541 possessione,
1449 1499 1539 1527 eum
1573 1484 1696 1527 tiliato
1731 1498 1779 1527 ex

159 1556 342 1613 qnalibet
374 1569 497 1599 causa
531 1555 733 1605 invalido,
769 1570 845 1599 una
881 1561 1067 1612 excepta,
1101 1570 1148 1599 eo
1182 1554 1291 1613 quod
1325 1560 1544 1613 sequatur:
1580 1555 1624 1612 d)
1666 1555 1781 1598 dum-

159 1626 278 1670 modo
312 1627 419 1669 absit
453 1626 634 1670 simonia
673 1629 814 1670 «iuris
847 1640 1010 1684 quoque
1044 1627 1352 1670 ecclesiastici»
1392 1626 1501 1684 (can.
1535 1627 1633 1675 7⁶27,
1668 1629 1692 1679 ἓ
1727 1626 1785 1683 2),

159 1697 399 1754 beneficiavit
443 1697 540 1740 illud
576 1711 627 1740 eoe
659 1697 849 1754 leyili'ma
882 1698 1110 1741 secundnm
1145 1711 1196 1741 ss.
1231 1710 1409 1740 canones
1448 1697 1786 1754 praescriptione

161 1770 198 1809 in
244 1768 396 1810 iudicio
431 1768 762 1824 recognoscenda
798 1767 968 1821 oblinet,
1015 1768 1123 1824 quod
1173 1767 1421 1824 aequipollet
1464 1767 1566 1810 tituli
1601 1766 1785 1810 convali-

161 1838 328 1881 dationi.

279 1907 542 1965 Quapropter
573 1911 605 1951 si
640 1908 743 1952 bona
769 1909 871 1951 tides
895 1911 1113 1952 evanuerit
1139 1909 1399 1952 solummodo
1435 1913 1521 1964 post
1544 1910 1783 1957 trienninm,

162 1985 207 2023 ut
240 1992 379 2035 supra,
412 1979 548 2022 adhuc
583 1982 882 2035 praescriptum
918 1979 995 2022 hoc
1027 1980 1284 2036 sequendum
1319 1993 1408 2023 esse
1453 1984 1657 2035 putamus,
1690 1980 1785 2036 quia

161 2051 312 2093 sufficit
344 2064 394 2093 ex
428 2063 518 2093 can.
545 2050 656 2093 1512
692 2055 734 2093 ut
771 2050 921 2093 «bona
956 2050 1035 2093 tide
1070 2052 1222 2093 nitatur
1256 2052 1539 2106 praescriptio,
1561 2049 1644 2103 (ab)
1670 2052 1784 2092 initio

165 2123 445 2178 possessionis,
469 2122 539 2164 sed
566 2126 648 2164 toto
675 2123 942 2177 possessionis
967 2126 1152 2177 tempore
1176 2121 1224 2164 ad
1261 2123 1625 2177 praescriptionem
1652 2122 1789 2177 requi-

163 2195 240 2235 sito
265 2209 302 2235 )).
329 2196 412 2236 Hoc
436 2197 572 2235 tamen
599 2191 856 2248 probandum
882 2197 1002 2245 esset,
1026 2205 1122 2235 casu
1147 2205 1227 2249 quo
1253 2196 1437 2248 tempore
1464 2192 1604 2235 iudicii
1627 2191 1789 2234 abesset

167 2263 270 2306 bona
304 2263 418 2305 tides.
575 2303 582 2307 ,

283 2333 381 2376 348.
417 2335 489 2379 De
511 2336 856 2391 impetratione
885 2335 1113 2380 beneficii
1145 2335 1353 2390 pacifice
1375 2335 1594 2390 possessi
1619 2332 1802 2395 extabat*

165 2404 307 2460 regula
337 2404 411 2446 35³
434 2403 713 2448 Cancellariae
737 2403 1013 2460 Apostolicae‚
1039 2417 1163 2461 quam
1189 2405 1430 2447 firmaverat
1452 2408 1491 2446 et
1513 2402 1787 2459 ampliaverat

164 2487 236 2518 sua
269 2479 416 2518 601131.Θ
444 2476 774 2518 «sanctissimus
798 2490 817 2515 ))
858 2474 1005 2517 Paulus
1039 2474 1124 2517 lll¹
1166 2474 1426 2517 «attendens
1459 2473 1625 2517 malitiis
1658 2473 1787 2516 homi-

167 2558 262 2588 num
297 2557 374 2587 non
409 2558 498 2587 esse
533 2545 848 2601 indulgendum,
882 2545 952 2603 sed
990 2546 1123 2601 potius
1156 2544 1426 2598 obviandum,
1448 2556 1496 2588 ac
1520 2543 1663 2587 volens
1687 2546 1790 2599 ipso-

169 2629 256 2658 rum
308 2614 504 2659 beneficia
555 2615 827 2659 obtinentium
878 2618 1004 2672 quieti
1055 2621 1094 2659 et
1140 2617 1351 2659 securitati
1397 2614 1681 2672 providere».
1731 2613 1789 2656 llli

171 2685 346 2729 «Codex
382 2691 634 2742 opportunas
669 2688 976 2729 immutationes
1008 2686 1181 2729 attulit»
1221 2685 1329 2742 (can.
1364 2686 1407 2741 6)
1439 2685 1516 2729 sub
1539 2687 1785 2729 ean.1447.

288 2839 295 2859 ¹
327 2839 366 2870 ll
395 2837 486 2871 Deo.
517 2839 619 2871 1541.
