1965 3240
182 107 251 140 130
419 107 502 141 LJB.
530 107 601 142 ΙΙΙ.
627 127 639 132 -
666 107 778 142 PARS
802 107 853 142 ΙΙ.
882 128 895 133 -
922 107 979 143 De
1005 109 1098 143 locis
1123 111 1158 143 et
1183 110 1424 153 temporibus
1449 102 1574 144 sacris

181 225 320 260 nentiae
345 229 379 260 et
416 224 551 266 ieiunii,
581 225 633 260 vel
667 224 787 260 ieiunii
823 229 961 260 tantum
1033 225 1123 270 gulis
1160 225 1314 261 cuiusvis
1350 226 1530 271 religionis
1562 228 1615 263 vel
1657 228 1811 264 instituti

180 277 302 309 cessat,
331 277 472 318 excepto
507 272 591 307 festo
623 276 778 318 tempore
804 270 961 315 Quadra·
1031 272 1212 319 approbati
1240 273 1312 309 sive
1338 273 1491 309 virorum
1524 275 1596 311 sive
1623 276 1810 312 mulierum

179 319 345 363 gemmae,
388 330 449 355 nec
493 319 674 364 pervigilia
700 319 961 365 anticipantur;
1032 320 1068 354 in
1088 321 1265 355 communi
1286 321 1479 356 virentium
1497 322 1602 357 etiam
1620 323 1696 359 sine
1711 323 1813 360 votis.

183 367 263 401 item
290 371 399 402 cessat
419 365 571 402 Sabbato
602 365 729 402 Sancto
755 372 831 412 post
858 366 959 402 meri-
1080 365 1163 402 CAN.
1197 365 1297 402 1254.
1330 389 1346 392 -
1375 372 1394 410 g
1423 368 1453 402 1.
1478 369 1718 406 Abstinentiae
1735 370 1812 415 lege

178 413 283 448 diem.
1031 419 1195 449 tenentur
1220 425 1342 450 omnes
1357 415 1425 467 'qui
1461 417 1648 462 septimum
1686 420 1810 453 aetatis

227 459 313 496 Can.
348 459 448 495 1253.
484 482 499 486 -
542 460 603 495 His
641 460 836 496 canonibus
871 461 959 495 nihil
1031 472 1166 496 annum
1193 461 1418 508 expleverint.

180 507 388 543 immutatur
414 508 455 543 de
490 507 637 543 indultis
673 507 954 554 particularibus.
1079 512 1098 551 ἓ
1123 508 1157 543 2.
1187 508 1274 554 Lege
1300 509 1421 544 ieiunii
1449 510 1718 556 adstringuntur
1734 523 1807 547 om—

178 554 221 589 de
246 555 333 589 votis
363 555 549 590 cuiuslibet
589 566 755 601 personae
795 555 959 601 physicae
1031 566 1092 590 nes
1118 556 1162 591 ab
1188 557 1322 602 expleto
1357 557 1520 592 vicesimo
1556 559 1667 603 primo
1685 559 1810 595 aetatis

179 602 231 637 vel
258 603 412 643 moralis,
439 603 481 637 de
507 603 816 638 constitutionibus
841 614 881 637 ac
907 613 957 637 re·
1030 613 1125 638 anno
1150 604 1193 638 ad
1221 604 1400 650 inceptum
1426 605 1694 650 sexagesimum.

298 721 394 763 112).
436 723 694 776 Inscriptio
736 722 884 766 Tituli
928 723 1132 778 eiusque
1170 735 1400 767 canones.
1448 722 1643 780 Sequitur
1696 722 1807 766 Titu-

177 791 243 834 lus
277 790 382 834 XIV
408 794 628 848 inscriptus
664 790 723 834 De
755 790 1026 841 abstinentia,
1060 804 1167 848 quae
1205 807 1224 832 ((
1249 805 1299 834 ex
1322 805 1395 834 suo
1419 795 1585 836 nomine
1610 795 1803 850 importat

175 862 500 906 subtractionem
548 861 735 905 ciborum
773 863 783 883 ¹
835 874 882 905 ac
930 861 1153 918 dupliciter
1200 865 1330 919 accipi
1380 868 1525 919 potest,
1567 877 1645 907 uno
1681 865 1806 908 modo

174 934 402 977 secundum
438 933 546 990 quod
581 932 768 976 absolute
799 932 988 976 ciborum
1027 932 1350 976 subtractionem
1395 934 1598 991 designat,
1643 941 1681 979 et
1724 936 1802 980 hoc

175 1005 296 1048 modo
328 1003 574 1047 abstinentia
609 1016 687 1046 non
723 1003 911 1060 designat
946 1017 1080 1061 neque
1115 1006 1311 1047 virtutem
1346 1017 1480 1062 neque
1529 1011 1665 1049 actum
1719 1009 1800 1049 vir-

175 1077 284 1123 tutis,
318 1075 387 1118 sed
422 1074 631 1132 quoddam
666 1074 926 1123 imlitterens;
963 1074 1041 1117 alio
1077 1074 1199 1117 modo
1234 1079 1366 1130 potest
1399 1078 1545 1132 accipi,
1569 1077 1797 1120 secundum

173 1146 284 1202 quod
319 1150 379 1188 est
412 1147 570 1188 ratione
604 1144 805 1201 regulata,
838 1149 876 1188 et
910 1149 1007 1188 tunc
1040 1145 1249 1201 significat
1271 1144 1457 1189 habitum
1486 1148 1664 1193 virtutis.
1682 1150 1801 1191 cuius

171 1221 287 1260 actus
320 1220 381 1259 est
414 1218 612 1258 ieiunium
647 1231 684 1256 ».
718 1213 820 1259 Cum
856 1218 982 1272 igitur
1015 1218 1228 1272 inscriptio
1261 1215 1387 1259 addat
1435 1222 1473 1259 el
1506 1217 1681 1261 ieiunio.
1717 1220 1800 1275 pri·

172 1301 282 1330 mum
320 1286 491 1330 verbum
528 1288 808 1342 inscriptionis
842 1286 1175 1342 restringendum
1202 1291 1261 1330 est
1285 1287 1334 1329 ad
1360 1288 1560 1345 quosdam
1585 1288 1700 1332 cibos
1721 1288 1800 1333 sub

171 1358 287 1401 titulo
322 1357 675 1404 determinandus.
709 1362 913 1414 quatenus
963 1357 1191 1400 moderatio
1238 1357 1425 1401 ciborum
1463 1371 1534 1414 per
1567 1358 1795 1403 Ecclesiam

169 1433 332 1478 statuta„
368 1430 502 1484 primo
545 1430 770 1471 assumitur
812 1427 862 1470 ad
906 1429 1265 1484 concupiscentias
1312 1430 1448 1471 carnis
1497 1429 1798 1485 reprimendas,

168 1513 273 1557 quae
306 1499 475 1556 quidem
508 1503 603 1542 sunt
634 1497 943 1541 delectabilium
979 1499 1209 1542 secundum
1244 1503 1397 1542 tactum
1432 1512 1540 1556 quae
1566 1502 1795 1543 consistunt

169 1573 206 1613 in
241 1570 345 1614 cibis
376 1576 413 1613 et
448 1571 651 1612 venereis.
696 1569 906 1612 ,leiunium
942 1582 1042 1612 vero
1075 1568 1126 1612 ab
1150 1569 1333 1613 Ecclesia
1367 1572 1597 1613 iniunctum
1637 1586 1656 1611 ‹<
1681 1583 1793 1614 assu-

170 1644 294 1684 mitur
316 1641 364 1684 ad
400 1640 477 1684 boc
511 1640 620 1697 quod
656 1653 771 1683 mens
819 1638 989 1683 liberius
1036 1639 1221 1683 elevetur
1267 1640 1318 1683 ad
1367 1640 1560 1684 sublimia
1610 1646 1792 1685 contem-

168 1712 338 1768 planda:
375 1711 483 1754 uude
517 1711 669 1754 dicitur
703 1709 822 1766 (Dan.
845 1709 897 1767 Χ)
929 1709 1039 1767 quod
1064 1715 1153 1766 post
1177 1712 1376 1753 ieiunium
1410 1713 1536 1753 trium
1570 1710 1795 1755 bebdoma—

166 1784 312 1827 darum
349 1781 645 1825 revelationem
696 1783 855 1837 accepit
888 1793 909 1824 a
942 1780 1042 1834 Deo,
1075 1785 1198 1838 atque
1230 1781 1279 1824 ad
1329 1782 1668 1825 satisfaciendum
1717 1796 1790 1838 pro

167 1855 362 1910 peccatis
396 1852 505 1896 unde
539 1851 691 1895 dicitur
725 1851 844 1906 (Joel‚
879 1850 924 1906 ll,
962 1851 1048 1904 1⁶2):
1089 1866 1109 1892 ε(
1131 1850 1431 1895 Convertimini
1466 1852 1516 1895 ad
1552 1865 1617 1895 me
1643 1855 1681 1895 in
1706 1857 1792 1895 toto

165 1925 290 1967 corde
327 1928 476 1975 restro,
513 1925 551 1965 iu
585 1924 751 1977 ieiunio,
787 1924 825 1965 in
861 1923 959 1965 fletu
993 1926 1033 1965 et
1067 1924 1104 1964 in
1141 1921 1307 1978 planctu
1336 1937 1356 1963 ))
1387 1921 1415 1966 ².

284 1994 369 2039 Una
404 1999 443 2038 et
475 1994 603 2037 altera
627 1993 692 2037 lex
718 1993 955 2036 declaratur
979 1995 1017 2035 in
1043 2006 1133 2036 can.
1161 1993 1286 2049 1250,
1312 1993 1437 2045 1951,
1461 1993 1549 2036 dies
1573 1995 1610 2036 in
1636 1996 1793 2051 quibus

163 2067 360 2109 alterutra
398 2065 459 2108 vel
495 2070 670 2122 utraque
704 2063 858 2120 obligat
893 2069 1191 2107 enumerantur
1223 2066 1262 2106 in
1287 2076 1376 2107 can.
1408 2064 1529 2120 1952,
1556 2067 1789 2108 immutatio

161 2142 297 2180 autem
335 2149 407 2193 per
439 2135 530 2178 illos
562 2148 741 2179 canones
774 2135 941 2178 inducta
990 2134 1141 2178 limites
1173 2137 1323 2191 accipit
1356 2148 1429 2192 per
1463 2148 1551 2179 can.
1589 2136 1715 2190 1253,
1749 2141 1786 2179 et

161 2208 330 2251 ultimus
362 2219 452 2250 can.
490 2206 600 2249 1254
635 2206 759 2249 edicit
793 2217 989 2261 personas
1021 2207 1090 2248 uni
1124 2207 1299 2248 alterive
1333 2204 1411 2261 legi
1447 2208 1605 2249 ratione
1642 2208 1791 2249 aetatis

159 2278 379 2322 subiectas.

283 2348 376 2391 113.
414 2351 513 2394 Lex
551 2350 884 2394 abstinentiae
925 2349 983 2390 sic
1017 2347 1319 2390 determinatur
1357 2361 1446 2390 ean.
1484 2349 1615 2391 1250.
1649 2347 1785 2390 Absti-

158 2419 326 2461 nentiae
359 2418 427 2461 [ω’
458 2432 538 2475 qua
572 2418 851 2461 ecclesiastica
889 2421 1013 2469 vetat,
1046 2422 1084 2460 et
1118 2418 1288 2474 quidem
1326 2417 1403 2461 sub
1435 2420 1554 2472 gravi
1589 2419 1620 2461 si
1655 2430 1784 2475 quan-

155 2492 249 2533 titas
294 2492 343 2532 sit
393 2489 617 2544 eiusmodi,
667 2502 794 2531 carne
842 2489 1016 2546 iureque
1057 2501 1129 2531 seu
1164 2487 1321 2546 liquido
1354 2503 1406 2531 ex
1438 2502 1565 2531 carue
1597 2488 1662 2532 vel
1697 2490 1789 2531 eius

154 2560 383 2604 substantia
418 2562 676 2616 impinguato
712 2559 818 2601 vesci
850 2561 1030 2615 proprie,
1065 2563 1205 2615 utpote
1248 2560 1297 2602 ad
1333 2559 1625 2602 nutriendum:
1659 2564 1782 2616 atque

152 2643 283 2675 canon
324 2646 343 2671 «
377 2645 427 2674 ex
466 2635 580 2687 parte
614 2629 690 2673 bac
724 2643 819 2673 cum
856 2631 984 2673 veteri
1019 2631 1107 2672 iure
1140 2642 1376 2685 congruens
1408 2643 1457 2673 ex
1494 2632 1582 2672 iure
1613 2630 1782 2685 antiquo

153 2701 436 2745 aestimandus
469 2706 542 2756 est,
577 2705 701 2758 atque
737 2700 828 2743 ideo
861 2713 912 2743 ex
946 2702 1125 2756 receptis
1147 2700 1255 2756 apud
1291 2699 1486 2756 probatos
1513 2703 1703 2743 auctores
1726 2701 1785 2741 in-

272 2854 282 2874 1
310 2853 357 2886 D.
381 2852 451 2886 Th.
473 2852 569 2887 11-11
595 2864 631 2898 q.
661 2852 833 2897 CXLVI,
863 2864 897 2887 a.
929 2855 960 2886 1.
990 2864 1022 2887 c.
1051 2874 1095 2878 —
1126 2853 1140 2875 ²
1172 2853 1229 2887 lb.
1259 2865 1294 2898 q.
1325 2853 1517 2894 CXLVII,
1546 2865 1582 2888 a.
1615 2856 1645 2886 1.
1674 2864 1706 2886 c.
