1965 3240
153 124 221 158 556
340 123 425 156 Lm.
454 122 525 156 III.
554 142 566 147 -
594 122 703 156 PARS
730 122 795 156 Vt.
824 141 838 148 -
864 123 920 157 De
945 123 1054 157 bonis
1080 123 1272 157 Ecclesiae
1302 124 1581 166 temporalibus

155 240 412 297 hypothecae
446 243 562 284 titulo
596 240 797 297 obligare.
821 241 1095 285 Alienationis
1118 245 1254 284 autem
1283 241 1453 285 verbum
1479 243 1660 285 continet
1682 254 1779 285 con-

153 312 431 366 donationem,
471 311 748 364 donationem,
792 313 1084 366 venditionem,
1126 314 1486 368 permutationem,
1526 317 1565 355 et
1606 311 1781 369 emphy-

153 384 279 425 teusis
313 387 557 438 perpetuum
608 387 882 427 contractum.
921 383 1038 427 Unde
1077 396 1220 426 omnes
1266 383 1502 426 sacerdotes
1544 381 1596 426 ab
1638 382 1779 425 huius-

153 453 262 496 modi
297 453 544 497 alienatione
577 453 831 497 abstineant:
870 467 1021 511 poenas
1055 457 1258 508 timentes,
1283 467 1385 511 quas
1417 454 1596 497 Leonina
1629 455 1779 497 eonsti-

153 525 254 566 tutio
287 526 628 567 comminatur».

276 608 296 634 ((
320 593 683 650 interpretationes
720 608 816 638 vero
850 596 957 652 apud
992 600 1182 638 auctores
1222 595 1415 652 probatos
1454 600 1683 652 receptas»
1720 597 1780 638 sic

153 666 354 719 expressit
386 664 520 707 claris.
557 668 708 709 Wernz
741 665 779 709 S.
814 665 842 709 Ι.
870 667 906 708 ¹:
946 681 966 706 ((
990 665 1095 709 Hine
1129 670 1246 709 actus
1288 665 1548 708 alienationis
1580 669 1675 708 sunt
1707 665 1777 709 do-

153 736 275 783 natio,
315 735 510 789 venditio,
546 738 808 792 permutatiO,
842 736 990 780 solutio
1025 735 1088 792 (ut
1120 749 1244 793 supra
1289 739 1326 779 in
1372 736 1459 780 cit.⁰
1493 737 1617 793 cap),
1649 739 1781 780 cessio

154 806 253 847 iuris
290 818 326 845 v.
361 818 421 861 gr.
456 806 601 848 crediti
641 805 702 849 vel
739 806 819 849 litis
865 806 926 849 vel
971 809 1145 850 actionis
1188 809 1268 850 iam
1304 809 1529 864 quaesitae.
1562 806 1665 850 Nam
1702 807 1780 849 illis

151 874 311 918 actibus
348 889 443 918 vere
476 878 723 919 transfertur
756 879 818 920 ius
851 879 887 920 in
926 891 979 920 re.
1025 877 1148 920 Porro
1183 877 1419 921 alienationi
1452 878 1781 921 adnumerantur

153 945 219 988 alii
255 951 383 1000 aetus,
416 949 484 1003 qui
520 947 809 991 alienationem
848 961 1095 1004 praeparare
1121 954 1159 992 et
1184 948 1378 992 inchoare
1412 953 1633 992 censentur
1669 948 1780 991 velut

153 1018 313 1072 pignus,
350 1016 584 1073 hypotheca
617 1018 821 1074 specialis,
846 1025 917 1062 aut
950 1021 1204 1063 transferunt
1236 1020 1465 1063 dominium
1500 1019 1644 1062 saltem
1680 1018 1780 1062 utile

157 1100 193 1132 v.
217 1101 278 1143 gr.
304 1089 544 1143 infeudatio,
570 1089 867 1146 emphyteusis,
893 1090 1040 1134 locatio
1073 1091 1267 1134 diuturna
1303 1093 1326 1133 i.
1352 1104 1385 1133 e.
1416 1090 1521 1133 ultra
1557 1092 1777 1133 triennium

151 1158 408 1214 frugiferum,
433 1164 502 1202 aut
534 1163 764 1216 generatim
791 1163 828 1203 in
856 1166 1100 1218 perpetuum
1130 1161 1191 1204 vel
1217 1161 1266 1204 ad
1294 1161 1455 1217 longius
1488 1165 1650 1217 tempus
1675 1160 1778 1204 hona

152 1229 430 1273 ecclesiastica
470 1231 670 1286 gravibus
713 1231 909 1275 oneribus
951 1231 1177 1276 subiiciunt
1213 1246 1248 1277 v.
1282 1246 1321 1288 g.
1356 1245 1428 1288 per
1470 1233 1778 1275 concessionem

151 1302 362 1343 servitutis
398 1301 458 1344 vel
490 1304 590 1344 iuris
623 1303 884 1347 advocaticii.

268 1371 320 1413 At
353 1373 583 1427 repudiatio
617 1372 719 1416 lucri
753 1376 875 1417 etiam
910 1377 997 1418 sine
1031 1387 1154 1418 causa
1188 1374 1239 1418 ab
1272 1375 1607 1418 administratore
1641 1374 1776 1418 eccle·

151 1443 315 1485 siastico
359 1444 478 1497 sacta,
512 1447 706 1500 quamvis
750 1445 916 1488 aliunde
962 1446 1101 1489 illicita
1136 1448 1199 1499 sit,
1233 1451 1370 1489 tamen
1412 1458 1508 1489 vera
1542 1451 1580 1489 et
1615 1448 1779 1502 propria

152 1511 342 1555 alienatio
365 1513 444 1556 dici
471 1516 674 1570 nequit».
700 1514 786 1557 Non
813 1520 873 1558 est
897 1519 1006 1559 enim
1042 1520 1290 1559 contractus.
1317 1532 1335 1556 ((
1360 1516 1457 1559 ltein
1482 1516 1674 1559 alienatio
1699 1529 1776 1559 non

152 1588 211 1626 est
246 1586 460 1639 pecuniam
497 1590 638 1628 mutuo
672 1588 876 1643 accipere,
910 1589 941 1630 si
978 1587 1208 1644 hypotheca
1243 1586 1410 1643 speciali
1447 1586 1550 1630 bona
1584 1587 1778 1630 ecclcsia-

84 1666 90 1669 “
151 1655 249 1697 stica
296 1667 372 1697 non
417 1661 658 1711 graventur,
694 1670 828 1714 neque
877 1661 1091 1713 pecuniam
1136 1659 1355 1701 t'undornm
1401 1657 1776 1701 ecclesiasticorum

152 1728 295 1766 mutuo
328 1725 427 1768 dare
462 1728 500 1768 in
537 1727 665 1769 fornia
700 1726 801 1770 alias
833 1727 1016 1783 legitima
1050 1734 1089 1771 et
1121 1741 1266 1772 secura
1293 1744 1329 1771 )).
1364 1728 1484 1783 Hine,
1517 1729 1683 1785 quando
1716 1742 1778 1771 se-

151 1799 324 1850 quentes
346 1807 524 1839 canones
548 1796 669 1840 huius
687 1797 807 1840 Tituli
828 1797 960 1841 xxix
981 1799 1214 1855 praedictos
1237 1803 1473 1842 contractus
1495 1799 1777 1853 moderantur,

152 1866 388 1908 meminisse
422 1871 582 1922 oportet
613 1879 814 1910 canonem
849 1867 958 1912 hunc
992 1868 1118 1924 1533,
1151 1874 1192 1912 ut
1224 1873 1417 1912 notentur
1451 1869 1779 1913 modificationes

153 1934 357 1990 inductae,
391 1938 421 1979 si
457 1950 563 1994 quae
596 1940 690 1992 sint,
729 1937 789 1980 vel
825 1939 1131 1994 superadditae.

270 2005 366 2049 450.
401 2009 541 2053 Actio
564 2011 842 2065 personalis
864 2024 924 2055 ac
946 2012 1095 2056 realis
1119 2024 1427 2067 consequens
1455 2023 1503 2053 ex
1529 2009 1777 2053 alienatione

151 2076 353 2120 adversus
387 2079 639 2134 praecedens
671 2080 837 2137 aliquod
880 2083 1180 2137 praescriptum
1224 2081 1460 2124 declaratur
1494 2084 1530 2123 in
1566 2094 1649 2138 seq.
1685 2095 1775 2123 can.

152 2148 282 2189 1534.
305 2148 333 2205 ξ
355 2151 390 2192 1.
417 2148 631 2192 Ecclesiae
665 2152 776 2193 iuxta
810 2153 1155 2207 significationem
1193 2152 1409 2195 iuridicam
1445 2165 1495 2195 ex
1528 2164 1618 2195 can.
1649 2152 1773 2207 1498,

151 2219 269 2261 cuius
303 2218 405 2262 bona
441 2221 607 2264 fuerunt
639 2221 815 2265 alienata
850 2236 943 2265 cuni
979 2235 1183 2266 canonum
1226 2225 1564 2279 transgressione,
1583 2223 1776 2281 competit

154 2290 194 2330 vi
229 2287 349 2331 huius
381 2293 548 2333 canonis
583 2294 620 2334 in
656 2293 743 2335 foro
782 2292 1077 2347 ecclesiastico,
1111 2293 1236 2346 aelio,
1271 2307 1342 2336 seu
1378 2296 1440 2336 ius
1471 2293 1521 2336 ad
1557 2293 1774 2350 petendam

153 2360 191 2400 in
226 2359 378 2403 iudicio
413 2363 469 2403 rei
506 2362 611 2404 male
644 2362 846 2406 alienatae
880 2366 1196 2416 restitutionem,
1225 2364 1286 2406 vel
1322 2365 1431 2421 quod
1468 2366 1636 2407 interest
1670 2364 1778 2408 illius

151 2440 287 2478 causan
318 2430 573 2487 personali&
608 2435 681 2475 etsi
718 2433 819 2476 haee
853 2446 1040 2489 persona,
1076 2438 1118 2476 ut
1149 2436 1408 2490 supponitur,
1430 2447 1515 2477 rem
1551 2434 1661 2478 illam
1695 2448 1775 2477 non

152 2499 345 2551 detineat,
379 2506 525 2543 contra
563 2516 667 2553 eum,
701 2503 1077 2546 administratorem
1127 2504 1187 2547 vel
1233 2504 1375 2557 alium,
1410 2517 1487 2547 non
1533 2505 1671 2557 refert,
1706 2504 1778 2562 qui

153 2569 211 2626 (et
243 2584 290 2613 co
324 2572 451 2627 quod)
485 2572 575 2614 siiie
617 2572 767 2615 debilis
810 2572 1163 2616 sollenmitalibiis
1206 2574 1256 2617 ad
1298 2588 1482 2617 normam
1518 2587 1607 2618 can.
1644 2575 1775 2618 1530-

154 2639 279 2695 1532,
305 2646 342 2684 et
370 2654 460 2686 can.
486 2642 565 2685 534
593 2657 665 2699 pro
698 2643 901 2700 religiosis
933 2643 1037 2686 bova
1073 2644 1181 2687 illins
1213 2644 1499 2687 ecelesiastica
1522 2645 1776 2701 (ean.1497,

153 2712 177 2764 ἓ
215 2711 253 2766 l)
285 2711 536 2755 alienaverit
576 2716 754 2770 proprie,
786 2714 909 2757 idest:
960 2715 1245 2758 transferendo
1296 2717 1333 2757 in
1383 2715 1507 2758 aliam
1559 2727 1774 2771 personam

270 2867 279 2888 ¹
308 2867 374 2901 Ius
400 2867 681 2902 Decretalium.
712 2868 818 2912 Tom.
850 2868 921 2902 111.
952 2868 1112 2903 Titulus
1138 2869 1183 2903 V.
1215 2871 1230 2912 ᾇ
1257 2869 1290 2903 3.
1326 2870 1350 2903 l.
