1965 3240
267 135 350 169 Tm.
378 134 523 169 XXVI.
553 154 565 161 -
591 134 647 169 De
672 135 765 168 ciliis
791 135 987 168 institutis
1013 134 1277 168 ecclesiasticis
1304 144 1382 167 non
1409 134 1534 178 colleg).
1646 132 1714 167 487

90 255 294 311 pontilicis
327 253 618 301 destinatus»,
652 255 758 297 sicut
795 254 1009 308 «antiqua
1043 252 1299 295 consuetudo
1335 251 1616 295 indubitanter
1648 250 1716 294 ob-

87 329 242 377 servat,
276 328 316 367 et
353 324 653 368 venerabilium
691 327 852 380 patrum
879 322 1053 366 edocent
1077 324 1312 365 sanctiones
1336 338 1373 365 ».
1399 327 1439 365 ut
1464 324 1519 365 ait
1542 321 1640 365 [rb.
1667 320 1714 364 ΙΙΙ

90 393 342 437 Ariminensi
377 395 584 450 episcopo.
622 394 790 450 insuper
825 392 866 450 b)
900 391 1018 435 uniri
1053 405 1091 435 v.
1115 406 1177 448 gr.
1201 392 1323 435 alicui
1360 391 1577 445 beneticio,
1599 393 1717 435 semi-

88 466 218 519 nario,
252 469 329 507 etc.
363 467 483 507 sicuti
519 464 670 521 legitur
705 467 742 507 in
777 466 845 507 cit.
879 461 1160 507 Clementina:
1196 463 1377 505 «nullus
1410 476 1460 506 ex
1497 462 1596 505 locis
1621 464 1718 518 ipsis

86 534 346 579 secularibus
379 535 543 578 clericis
578 538 615 578 in
653 535 900 578 beneticium
935 535 1188 589 conferatur,
1223 535 1383 576 etiamsi
1419 533 1469 576 de
1503 537 1720 576 consuetu-

86 605 183 649 dine
216 606 358 663 (quam
396 606 668 663 reprobamus
705 595 884 662 penitus)
918 604 994 647 hoc
1028 606 1150 647 luerit
1188 604 1519 647 observatum».
1556 604 1614 647 Ac
1648 603 1717 646 de-

90 690 201 720 mum
237 675 277 733 c)
310 676 374 719 vel
405 676 449 719 in
485 690 584 719 usus
618 690 641 718 a
674 675 929 733 famulatione
961 673 1138 731 alienos,
1172 677 1241 732 qui
1287 688 1335 717 ex
1382 674 1533 717 tabulis
1565 687 1718 729 cogno-

87 752 277 801 scuntur,
299 747 484 790 converti
516 752 737 805 nequeunt,
764 750 959 790 revocato
983 744 1158 789 Decreto
1182 744 1306 789 Conc.
1330 744 1441 787 Trid.
1464 745 1492 799 1,
1526 744 1634 801 quod
1660 747 1718 788 sic

88 832 132 862 se
166 817 311 862 habet:
353 818 514 873 «Quod
548 820 579 860 si
615 817 831 874 hospitalia
866 816 968 860 haec
1000 816 1051 859 ad
1086 821 1245 859 certum
1283 817 1615 872 peregrinorum,
1650 819 1719 857 aut

91 890 366 944 infirmorum,
401 894 471 932 aut
513 889 688 932 aliarum
736 900 1005 945 personarum
1049 900 1181 944 genus
1223 886 1534 943 suscipiendum
1570 886 1721 929 suerint

92 962 302 1016 instituta3
336 973 411 1003 nec
446 961 483 1002 in
520 959 623 1014 loco,
658 959 723 1003 ubi
769 963 863 1002 sunt
905 958 1013 1001 dicta
1048 957 1281 1014 hospitalia,
1313 957 1470 1001 similes
1507 968 1720 1013 personae,

90 1036 159 1075 aut
196 1043 428 1088 perpaucae
463 1034 742 1088 reperiantur;
779 1030 947 1073 mandat
978 1029 1115 1072 adhuc
1149 1028 1204 1086 (S.
1240 1027 1470 1086 Synodus),
1493 1033 1535 1071 ut
1565 1029 1721 1071 fructus

91 1102 254 1146 illorum
292 1104 329 1144 in
364 1102 490 1145 alium
527 1104 639 1158 pium
677 1115 809 1157 usum,
845 1103 914 1159 qui
948 1114 1090 1144 eorum
1127 1102 1371 1143 institutioni
1398 1101 1628 1155 proximior
1656 1100 1721 1151 sit,

90 1186 137 1217 ac
172 1187 244 1230 pro
278 1172 367 1217 loco
400 1177 439 1216 et
473 1178 658 1229 tempore
692 1172 846 1226 utilior,
886 1175 1198 1225 convertantur,
1224 1174 1346 1227 prout
1377 1167 1602 1214 Ordinario
1626 1181 1720 1212 cum

93 1243 256 1288 duobus
289 1244 339 1287 de
371 1243 565 1301 capitulo,
600 1245 669 1300 qui
706 1256 843 1286 rerum
880 1256 952 1286 usu
989 1244 1207 1299 peritiores
1239 1243 1332 1297 sint,
1358 1254 1431 1298 per
1465 1243 1598 1297 ipsum
1624 1239 1723 1283 deli-

91 1315 249 1372 gendis,
287 1317 417 1372 magis
451 1314 650 1371 expedire
688 1317 819 1357 visum
854 1314 977 1357 fuerit
999 1329 1047 1356 n:
1083 1325 1189 1370 quae
1223 1315 1379 1356 motiva
1415 1325 1523 1355 nunc
1554 1314 1723 1368 possunt

91 1386 306 1430 deservire
340 1391 499 1430 tantum
532 1386 582 1430 ad
618 1385 729 1428 illam
764 1385 882 1429 Sedis
914 1374 1082 1442 Aplcae.
1122 1387 1284 1428 veniam
1323 1383 1641 1440 implorandam.

214 1458 480 1515 Prosequitur
512 1456 767 1502 Concilium:
806 1472 828 1497 «
851 1458 926 1499 nisi
961 1455 1082 1500 aliter
1104 1456 1221 1503 forte,
1247 1457 1370 1498 etiam
1397 1456 1434 1497 in
1464 1453 1574 1497 hunc
1598 1466 1722 1497 even-

94 1533 195 1579 tum,
230 1531 268 1572 in
303 1542 445 1572 eorum
483 1528 737 1579 fundatione,
771 1532 840 1571 ant
883 1529 1140 1571 institutione
1186 1528 1306 1570 fuerit
1341 1539 1608 1582 expressum:
1644 1537 1724 1581 quo

92 1611 204 1654 casu,
239 1599 347 1657 quod
383 1599 617 1643 ordinatum
654 1600 739 1653 fuit,
775 1598 990 1642 observari
1014 1602 1132 1642 curet
1165 1599 1385 1654 episcopus
1410 1613 1447 1637 ».
1483 1595 1569 1639 Hoc
1606 1607 1722 1652 prae·

92 1672 292 1726 scriptum
326 1669 496 1714 Concilii
532 1670 776 1713 translatum
812 1674 871 1713 est
915 1671 953 1712 in
999 1681 1171 1723 canone,
1206 1668 1304 1711 dum
1340 1667 1408 1711 hic
1442 1667 1611 1723 explicit
1646 1665 1723 1710 hoc

96 1741 238 1785 modo:
273 1740 359 1784 υἱεῖ
391 1741 433 1783 in
471 1739 625 1783 tabulis
657 1740 927 1803 fundationis
960 1744 1054 1783 ante
1100 1739 1162 1782 vel
1206 1744 1293 1796 post
1336 1737 1566 1783 Concilium
1612 1736 1723 1781 Trid.

94 1811 347 1857 Codicemve
380 1810 501 1855 aliud
532 1816 746 1864 caveatur,
778 1823 884 1868 quae
918 1810 1103 1854 clausula
1138 1810 1363 1853 salvator-ia
1400 1811 1537 1852 unioni
1563 1821 1610 1852 ac
1634 1822 1724 1865 sup·

95 1885 295 1940 pressioni
330 1884 485 1939 pariter
518 1882 772 1936 extenditur,
816 1894 910 1925 nam
957 1883 996 1924 in
1040 1880 1167 1925 Clem.
1203 1882 1269 1924 cit.
1305 1893 1470 1937 quoque
1507 1881 1724 1936 reperitur.

213 2038 223 2059 ¹
252 2037 343 2081 Cap.
372 2037 395 2070 8
420 2048 513 2071 sess.
544 2036 658 2070 XXV
684 2036 730 2070 de
756 2034 844 2070 Res.
