1965 3240
443 168 528 202 T1T.
557 168 682 202 XXV.
708 188 720 193 -
747 167 804 202 De
830 168 1021 211 beneficiis
1047 169 1313 202 ecclesiasticis
1620 167 1690 201 469

184 287 281 331 382.
317 288 426 332 Alia
459 301 612 333 onera
643 288 938 344 temporalia
969 287 1207 329 sustinenda
1245 287 1540 331 beneficiorum
1566 299 1689 330 causa

66 356 307 414 praescribit
341 357 417 400 sub
451 358 715 402 distinctione
749 371 839 402 ean.
877 359 1007 399 1477.
1044 382 1096 388 -—
1130 358 1157 415 ξ
1191 361 1223 400 l.
1251 358 1690 416 Sumptusordinario

66 427 182 472 modo
215 442 286 471 scu
323 430 359 470 in
394 428 568 484 singulis
611 428 772 481 diebus,
817 427 1027 472 mensibus
1060 432 1099 471 et
1132 431 1263 483 aunis,
1300 443 1337 471 v.
1372 444 1431 485 gr.
1469 435 1587 473 laxae
1623 429 1690 473 bo-

64 513 208 543 norum
245 498 534 543 immobilium.
569 499 619 542 ad
655 503 892 543 contractus
926 498 1140 542 locationis
1164 500 1378 553 ineundOS,
1413 506 1489 543 etc.
1516 501 1693 543 connexi

62 584 152 613 cum
185 569 384 613 bonorum
417 568 736 625 beneficialium,
769 570 877 613 dotis
909 583 1057 626 nempe
1092 569 1280 614 beneficii
1317 569 1693 614 admmistralione

61 646 99 684 e!
131 640 347 698 fruetuum
385 654 421 680 v.
457 654 517 697 gr.
554 643 656 697 agri,
693 643 900 697 pensionis
932 640 1131 685 Gubcrnii
1165 641 1448 699 perceptione,
1483 656 1507 684 a
1542 642 1687 699 benesi-

60 711 194 754 ciario
226 709 394 768 serendi
426 718 536 766 sunt,
571 714 766 769 quamvis
799 712 848 755 ad
885 711 962 755 hoc
995 712 1210 755 deservire
1243 717 1394 770 queant
1429 714 1585 756 fructus
1620 713 1689 757 be-

61 782 210 825 neficn.

177 852 208 896 E
243 855 450 897 contrario
483 855 623 896 statuit
656 853 684 911 ξ
715 854 760 895 L).
797 853 1013 912 lmpensae
1044 854 1269 898 solvendae
1290 869 1368 912 pro
1393 855 1688 898 eoetraordina-

60 924 151 978 riis,
178 924 215 967 id
243 929 301 967 est
327 924 640 967 accidentaliter
674 927 919 968 necessariis
955 939 992 966 v.
1026 938 1088 981 gr.
1122 938 1244 969 causa
1280 931 1566 981 terraemotus,
1603 940 1685 970 ma-

58 997 149 1052 gnis
182 994 328 1038 domus
361 994 615 1051 beneficialis
651 1000 807 1038 tantum
843 995 1197 1053 reparationibus,
1223 997 1272 1039 ab
1297 997 1350 1039 iis
1369 996 1686 1055 fereiulae.s·unl

58 1065 206 1124 quibus
238 1079 342 1109 onus
375 1065 592 1122 reficiendi
626 1066 904 1121 beneficialem
939 1066 1169 1114 eeclesiam,
1208 1082 1278 1111 seu
1305 1071 1447 1126 inqua
1488 1085 1509 1109 α
1533 1068 1684 1112 beneti-

57 1139 166 1180 cium
201 1141 387 1180 erectum
421 1142 479 1180 est
504 1153 525 1177 ))
565 1137 673 1194 (can.
710 1137 852 1192 1418),
886 1137 1098 1193 incumbit,
1134 1141 1268 1195 prouti
1309 1139 1563 1183 deciaratum
1601 1152 1684 1183 ma-

57 1213 121 1251 net
157 1208 206 1251 ad
241 1220 332 1251 cau.
375 1208 503 1261 1186,
539 1207 581 1250 10
616 1209 750 1265 quoad
791 1225 813 1247 c<
836 1208 1054 1252 ecclesiam
1099 1209 1442 1264 cathedralem»,
1488 1210 1530 1253 2⁰
1575 1213 1683 1254 circa

58 1278 275 1323 ecclesiam
312 1278 604 1335 paroecialem,
640 1292 687 1323 ac
723 1279 766 1321 3⁰
800 1280 909 1337 quod
943 1282 1087 1324 attinet
1111 1281 1159 1323 ad
1185 1281 1287 1324 alias
1304 1281 1512 1325 ecclesias.
1539 1282 1686 1325 Huius-

56 1350 163 1393 modi
185 1352 483 1407 praescriptum
505 1364 678 1394 concors
702 1356 762 1394 est
787 1356 910 1407 reg,ae
944 1354 1044 1395 iuris
1078 1352 1132 1394 42
1158 1354 1195 1395 in
1232 1353 1275 1395 60
1298 1370 1304 1395 :
1345 1370 1366 1393 «
1390 1354 1679 1397 Accessorium

55 1425 244 1464 naturam
279 1423 396 1478 sequi
430 1424 621 1478 congruit
656 1421 952 1478 principalis».

172 1491 373 1547 Exceptio
416 1491 621 1544 subditur,
667 1506 844 1549 nempe:
878 1494 964 1535 nisi
1001 1493 1042 1550 3)
1075 1494 1344 1552 fundationis
1390 1495 1573 1549 (abulae,
1609 1510 1679 1539 seu

55 1565 326 1605 instrumenta
361 1565 581 1606 erectionis
615 1563 820 1615 beneticii,
854 1563 897 1621 b)
931 1571 1005 1607 (iul
1039 1564 1255 1622 leqitz‘riicze
1278 1567 1410 1610 idest:
1447 1568 1525 1610 rite
1549 1568 1680 1610 sactae

52 1632 357 1687 eoni·enti‘oneS‚
392 1638 476 1676 tum
517 1636 686 1677 «initae
720 1633 771 1677 ab
805 1635 1041 1691 Apostolica
1076 1636 1181 1680 Sede
1215 1650 1309 1680 cum
1347 1640 1470 1681 variis
1502 1636 1681 1681 Natioui-

26 1700 126 1746 ‘'bus
149 1720 170 1743 »
208 1703 317 1760 (can.
353 1704 406 1759 8),
441 1709 526 1747 tum
563 1707 668 1748 inter
702 1707 886 1761 privatos
919 1711 987 1749 aut
1021 1720 1115 1750 cum
1142 1710 1379 1764 municipiis
1417 1713 1510 1761 etc„
1535 1714 1681 1751 eleon-

49 1773 292 1817 sueludines
325 1788 491 1832 quoque
529 1792 550 1815 «
575 1775 824 1832 legitimae»
864 1776 927 1820 vel
951 1778 1182 1821 secundum
1201 1791 1341 1822 sacros
1358 1792 1537 1823 canones
1561 1780 1681 1823 aliud

49 1850 236 1897 careant,
272 1845 402 1889 idest:
437 1845 528 1889 aliis
563 1849 748 1903 personis
792 1852 859 1890 aut
905 1847 1170 1892 beneficiario
1206 1849 1305 1893 illud
1342 1864 1444 1893 onus
1479 1851 1678 1894 deserant.

102 1938 103 1941 =
167 1915 272 1970 Quia
308 1930 392 1973 reg.
428 1917 482 1960 48
517 1920 618 1960 iuris
652 1920 689 1960 in
727 1918 770 1960 (5⁰
805 1918 983 1963 clamat:
1024 1936 1045 1961 ((
1068 1919 1328 1977 Locupletari
1365 1935 1442 1964 non
1469 1921 1680 1965 debetali-

49 1989 264 2043 quis-cum
300 1986 470 2030 alterius
506 1990 654 2031 iniuria
693 1989 754 2032 vel
792 1992 947 2033 iactura
968 1997 1258 2047 »,opportune
1294 1997 1429 2035 monet
1462 1995 1486 2046 ξ
1518 1996 1561 2037 3.
1596 1992 1675 2036 Mi-

49 2071 170 2100 nores
204 2058 499 2115 reparationes
533 2073 654 2116 quae,
687 2064 828 2116 utpote
862 2061 1096 2105 ordinariae
1121 2061 1172 2105 ob
1193 2062 1221 2120 ξ
1250 2063 1283 2115 l,
1308 2062 1574 2107 beneficiario
1594 2064 1678 2122 ipsi

49 2127 302 2182 incumbunt,
338 2128 629 2185 beneficiarius
673 2132 981 2188 quamprimum
1023 2133 1232 2190 perficias,
1266 2136 1324 2177 sic
1358 2147 1487 2177 canon
1524 2148 1676 2192 urgens

48 2198 158 2242 illam
193 2199 487 2256 obligationem
525 2202 561 2243 in
587 2200 662 2244 bac
697 2206 826 2257 parte,
860 2216 910 2245 ne
953 2203 1158 2246 maiorum
1204 2207 1526 2260 reparationum,
1570 2218 1676 2264 quae

48 2267 99 2312 ab
131 2269 221 2313 aliis
261 2286 283 2310 «
306 2270 501 2314 serendae
534 2279 691 2326 sunt»,
725 2272 952 2315 necessitas
985 2280 1288 2331 consequenter
1321 2282 1558 2319 enascatur.

168 2339 264 2383 383.
299 2342 546 2387 Ordinarii
580 2343 797 2389 officium
832 2344 964 2400 quoad
1000 2344 1105 2388 banc
1129 2346 1529 2390 administrationem
1557 2360 1671 2404 prae-

45 2408 189 2453 scribit
221 2424 312 2454 ean.
349 2414 481 2463 1478,
517 2417 559 2455 ut
592 2412 755 2456 illarum
791 2413 1089 2470 obligationum
1125 2416 1494 2472 adimplementum
1532 2418 1671 2462 [ulcia-

46 2484 111 2522 tur
143 2480 345 2525 adversus
368 2485 586 2526 avaritiam
622 2483 807 2541 aliosque
842 2483 1044 2529 humanos
1077 2486 1272 2529 desectus.
1311 2487 1450 2545 ltaque
1488 2487 1669 2531 Ordina-

47 2550 136 2593 rius
169 2550 250 2594 loci
281 2551 550 2610 obliyalione,
584 2567 688 2611 quae
723 2555 1039 2600 desiderabatur
1071 2570 1266 2614 expressa
1292 2560 1328 2600 in
1364 2571 1452 2603 can.
1491 2559 1587 2613 3315,
1615 2565 1669 2601 le-

46 2626 168 2663 netur
195 2635 244 2664 ex
279 2623 413 2666 officio
446 2637 520 2667 suo
553 2624 834 2682 adviyilandi,
868 2631 906 2669 et
939 2627 1143 2684 applicata
1180 2641 1264 2684 reg.
1301 2631 1400 2672 iuris
1433 2630 1487 2671 72
1523 2632 1560 2672 in
1596 2632 1668 2673 (5⁰1

48 2689 171 2744 «Qui
206 2692 302 2735 facit
337 2706 408 2748 per
440 2693 581 2749 alium,
617 2700 674 2738 est
710 2696 881 2751 perinde
904 2709 952 2740 ac
974 2700 1006 2740 si
1032 2699 1152 2741 130131
1179 2712 1250 2754 per
1278 2701 1456 2755 seipsum
1479 2717 1518 2752 n,
1542 2700 1669 2742 eliam

39 2775 117 2819 per
151 2761 330 2804 vicarios
361 2760 560 2819 foraneos
594 2777 643 2807 ex
680 2764 788 2808 illius
820 2766 964 2810 saltem
999 2770 1305 2822 commissione,
1329 2771 1449 2812 sicuti
1476 2771 1534 2812 eis
1572 2771 1668 2812 «ius

43 2836 82 2874 et
115 2831 295 2875 officium
331 2837 391 2876 est
424 2832 532 2890 (can.
569 2834 667 2889 447,
699 2835 727 2893 g
767 2837 799 2889 Ι,
833 2835 896 2893 4⁰)
932 2838 1174 2895 invigilandi
1210 2851 1306 2881 num
1344 2839 1447 2882 bona
1472 2839 1664 2882 ecclesia-

41 2903 143 2945 stica
177 2901 398 2958 diligenter
431 2903 772 2949 administrentur
795 2922 834 2956 υ,
869 2919 917 2949 ex
955 2910 1160 2963 praesenti
1195 2921 1352 2951 canone
1388 2914 1430 2951 ut
1453 2908 1667 2965 beneficia-
