1965 3240
156 116 224 150 180
531 111 615 146 Lm.
642 111 712 146 III.
739 131 752 137 —
779 111 889 146 PARS
914 111 986 145 III.
1015 131 1028 136 -
1054 110 1111 145 De
1137 110 1245 144 cultu
1272 109 1406 143 divino

152 234 326 291 singulis
360 236 522 289 praeest
545 230 802 287 Metropolita
830 244 902 274 seu
927 229 1276 286 Archiepiscopus
1296 243 1315 269 ))
1348 227 1455 284 (can.
1482 227 1599 285 ⁶272),
1624 228 1668 286 (1)
1692 242 1782 272 eon-

151 303 491 363 fralernitulum‚
515 314 620 359 quae
652 307 747 345 sunt
775 301 1004 345 «sodalitia
1038 303 1075 343 in
1101 302 1405 343 incrementum
1438 312 1604 356 quoque
1628 298 1780 356 publici

151 375 286 419 cultus
320 378 495 417 erecta»
535 372 642 430 (can.
679 373 777 427 707,
812 376 836 426 ξ
870 372 928 429 ⁶2),
952 371 992 428 e)
1026 370 1295 428 familiarum
1328 369 1641 427 religiosarum,
1675 382 1781 427 quae

150 446 332 489 incolunt
365 444 554 487 diversas
587 443 732 486 domos
765 443 995 499 religiosas,
1018 431 1052 498 s)
1079 441 1343 498 aliorumque
1375 439 1560 484 locorum
1594 445 1779 496 respectu

149 516 191 573 3)
227 516 268 574 1))
303 516 343 573 0)
377 520 416 558 el
448 514 491 572 g)
526 514 752 558 moralium
793 526 1070 572 personarvm
1107 516 1297 568 respectu
1342 510 1384 568 d)
1419 515 1458 554 et
1491 511 1531 568 e)
1565 510 1782 567 eliyiinlm'

149 587 200 631 ab
234 589 306 641 eis,
340 586 390 630 ad
425 598 611 628 normam
648 598 760 629 num.
796 585 819 626 <2
859 586 970 627 citati
1015 582 1192 634 Decreti,
1228 587 1280 635 et,
1314 581 1534 624 accedente
1566 581 1782 638 confirma-

152 658 263 702 tione
296 656 415 700 Sedis
449 655 728 714 Apostolieae,
767 655 982 698 videlicet:
1014 665 1201 697 «causae
1236 652 1449 696 electionis
1483 666 1686 695 novorum
1713 653 1781 696 Pa-

149 733 362 772 tronorum
398 726 550 770 debent
584 728 621 768 in
646 726 684 769 S.
709 725 755 768 R.
780 724 822 769 C.
847 725 995 768 deduci
1028 736 1076 768 ac
1100 725 1353 778 examinari,
1378 735 1424 766 ac
1449 723 1631 774 demum,
1657 735 1780 766 causa
1801 770 1804 773 Δ

149 801 326 856 cognita,
360 798 411 841 31)
444 797 589 840 eadem
624 795 953 852 Congregatione
987 793 1206 851 approbari
1232 794 1619 843 etconiirmari1»,
1643 805 1690 836 30
1722 795 1780 837 sic

149 870 465 914 constituuntur
500 867 677 911 Patroni
723 880 819 910 cum
853 865 1067 910 effectibus
1105 864 1327 921 peculiaris
1370 864 1505 907 cultus
1539 863 1693 920 publici
1729 864 1779 908 ad

148 953 337 984 normam
372 940 509 996 legum
544 938 855 994 liturgicarum,
893 936 1016 979 Beati
1047 938 1171 980 etiam
1205 940 1293 992 post
1327 934 1542 979 formalem
1577 934 1781 978 beatifica-

148 1014 301 1055 tionem
335 1024 415 1054 non
450 1010 549 1052 item
582 1012 861 1065 congruenter
896 1010 973 1051 iuri
1008 1006 1159 1064 praec.i
1196 1005 1330 1060 (Dec.⁰
1364 1007 1431 1050 cit.
1456 1019 1569 1048 num.
1599 1005 1651 1062 1),
1690 1005 1781 1048 sine

145 1081 358 1141 peculiari
390 1095 461 1138 pro
495 1081 633 1138 aliquo
658 1080 780 1123 Beato
814 1078 997 1122 eiusdem
1033 1077 1153 1121 Sedis
1185 1076 1453 1135 Apostolieae
1486 1090 1558 1133 per
1586 1076 1778 1119 eamdem

147 1154 184 1198 S.
220 1151 593 1209 Congregationem
627 1150 792 1193 indulto
827 1163 897 1193 seu
933 1151 1111 1206 gratiosa
1146 1149 1424 1191 concessione.

267 1223 363 1266 148.
401 1224 473 1268 De
495 1224 794 1279 imaginibus
826 1222 1060 1278 publicae⁴
1076 1221 1295 1265 fidelium
1329 1220 1635 1264 venerationi
1668 1231 1780 1275 pro-

147 1296 404 1353 ponendis.
441 1293 587 1336 lisdem
624 1291 763 1335 verbis
806 1290 929 1335 Conc.
963 1290 1073 1334 Trid.
1103 1290 1118 1312 2
1158 1292 1286 1332 utitur
1329 1303 1419 1332 ean.
1456 1290 1574 1331 1379
1608 1290 1646 1331 in
1679 1287 1707 1346 ἓ
1741 1290 1775 1330 1.

146 1365 315 1411 Nemini
338 1378 481 1408 eorum
511 1365 580 1421 qui
616 1362 778 1419 legibus
801 1362 1094 1412 ecclesiasticis
1130 1360 1408 1404 subiiciuntur
1431 1358 1557 1402 liceat
1580 1358 1632 1402 01)
1655 1358 1777 1402 huius

147 1438 316 1480 canonis
365 1437 539 1478 vetitum
583 1433 624 1490 a)
674 1433 717 1476 in
762 1432 963 1487 eeclesiis,
996 1444 1172 1490 quarum
1213 1433 1340 1473 «iure
1388 1432 1568 1473 oratoria
1615 1428 1780 1486 publica

147 1510 386 1563 reguntur»
425 1505 534 1562 (cau.
563 1504 689 1558 1191,
712 1502 741 1561 ἓ
768 1502 822 1560 1),
848 1502 890 1560 1))
925 1502 1054 1545 etiam
1087 1501 1290 1559 eoeemptis
1329 1500 1419 1544 «31)
1452 1497 1664 1545 Ordinarii
1700 1499 1777 1543 loci

146 1578 431 1621 iurisdictione
450 1592 469 1618 »
509 1575 617 1633 (can.
644 1574 746 1632 615)
783 1577 823 1617 vi
857 1576 1027 1618 canonis
1063 1573 1126 1617 vei
1160 1572 1329 1629 speciali
1363 1574 1643 1628 concessione,
1668 1572 1708 1628 c)
1733 1586 1776 1614 α-

146 1647 266 1690 liisve
309 1646 410 1691 loeis
452 1646 587 1689 saeris
631 1658 801 1702 nempe:
852 1645 1039 1694 «divino
1082 1643 1210 1687 cultui
1265 1642 1506 1685 tiileliumve
1542 1641 1779 1698 sepulturae

143 1718 351 1774 deputatis
384 1718 696 1760 consecratione
732 1715 794 1758 vel
832 1714 1161 1758 benedictione»
1202 1715 1239 1756 in
1275 1726 1365 1757 can.
1398 1712 1507 1755 1154
1543 1712 1775 1767 declaratis,

144 1788 239 1831 hinc
272 1790 395 1831 etiam
431 1789 470 1830 in
504 1788 779 1841 coemeteriis,
816 1787 897 1828 imo
930 1789 970 1828 et
1002 1786 1193 1828 oratoriis
1227 1783 1544 1839 semi-publicis,
1570 1795 1675 1840 quae
1711 1782 1779 1826 be-

145 1859 309 1902 nedicta
353 1859 505 1902 fuerint
543 1870 696 1900 «more
740 1856 1051 1900 ecclesiarum»
1091 1854 1200 1912 (can.
1237 1853 1383 1910 1196),
1420 1853 1551 1896 ullam
1593 1853 1777 1911 qualem-

144 1942 340 1987 cumque,
373 1929 442 1972 sed
479 1940 559 1985 qua
592 1926 811 1970 insolitam
856 1939 928 1983 pro
972 1925 1158 1969 Ecclesia
1203 1924 1266 1968 vel
1300 1924 1445 1968 saltem
1478 1937 1550 1981 pro
1594 1926 1778 1981 regione,

145 1999 185 2056 3)
218 2013 386 2057 ponere,
410 2001 441 2041 si
477 2002 677 2055 potestate
711 1997 890 2053 gaudeat
925 1999 962 2040 in
999 1996 1087 2040 loco
1121 2008 1253 2048 sacr0,
1279 1994 1321 2052 1))
1356 1994 1419 2038 001
1446 1993 1682 2053 ponendam
1711 2008 1777 2037 eu-

143 2083 244 2112 rare
277 2070 325 2113 ad
364 2069 579 2112 vitandum
615 2067 814 2111 moralem
849 2067 1052 2110 influxum
1101 2071 1171 2110 aut
1206 2068 1290 2108 vim
1325 2068 1363 2108 in
1398 2065 1475 2109 hoc
1508 2066 1673 2121 negotio
1707 2077 1776 2108 ex-

145 2141 324 2198 ponendi
359 2139 586 2197 imayiiiem
629 2141 742 2182 iuxta
776 2137 898 2181 Tituli
943 2139 1271 2194 insci-lptionem,
1304 2136 1393 2179 nisi
1433 2134 1510 2179 sub
1543 2135 1778 2179 conditione

144 2211 255 2269 quod
290 2210 338 2253 ab
377 2209 610 2253 Ordinario
655 2209 739 2253 loci
787 2208 896 2265 (can.
932 2209 1032 2263 198,
1064 2211 1092 2263 g
1126 2207 1168 2264 ⁶2)
1203 2207 1258 2250 sit
1302 2205 1536 2264 approbata
1586 2208 1624 2248 in
1670 2205 1778 2249 hunc

147 2284 287 2330 tinem,
322 2281 579 2338 proindeque
612 2293 822 2337 expresse.

268 2351 399 2394 Huius
432 2350 742 2407 approbationis
785 2362 973 2393 normam
1008 2348 1133 2391 tradit
1176 2351 1200 2402 ἓ
1242 2350 1284 2390 2.
1335 2345 1595 2390 Orslinarius
1638 2350 1776 2388 autem

144 2422 238 2475 loci,
272 2427 315 2464 ut
348 2434 486 2477 supra,
520 2434 666 2463 sacras
699 2419 906 2477 imayines
939 2418 1016 2462 sub
1052 2420 1316 2475 inscriptione
1350 2417 1582 2461 declaratas
1611 2415 1778 2473 publice

145 2491 201 2535 acl
233 2491 418 2547 fidelium
451 2491 776 2544 venerastonem,
805 2503 877 2533 seu
923 2489 1078 2532 cultum
1123 2490 1196 2531 etsi
1238 2490 1460 2544 privatum,
1494 2485 1774 2544 emouendos,

143 2562 251 2620 quod
288 2564 428 2605 evenit
460 2564 498 2604 in
535 2561 634 2605 locis
666 2560 742 2604 sub
774 2560 801 2618 ξ
836 2560 854 2602 1
893 2558 1204 2615 comprehensis
1238 2558 1352 2614 (ilum
1389 2559 1651 2613 excipiantur
1684 2568 1773 2599 ora-

143 2635 246 2675 toria
281 2631 566 2688 semi-publica
601 2631 827 2687 exempta),
863 2644 911 2672 ne
944 2628 1158 2687 approbet,
1193 2634 1231 2672 ut
1268 2643 1316 2672 ex
1354 2629 1499 2671 eodem
1534 2630 1600 2671 011.
1635 2626 1679 2683 {⁰
1714 2631 1773 2670 est

146 2716 260 2759 opus,
297 2716 402 2760 quae
439 2714 619 2745 «sacrae
654 2703 892 2757 imagines»
932 2714 1021 2742 eiam
1052 2698 1228 2757 probato
1264 2697 1479 2742 Ecclesiae
1512 2711 1589 2740 usu
1623 2709 1772 2753 cogno-

262 2809 271 2829 ¹
301 2807 391 2841 Dec.
423 2808 508 2841 eihs>
536 2818 642 2840 num.
672 2807 705 2840 3.
736 2826 780 2830 -—
805 2806 819 2827 2
847 2806 948 2839 Sess.
979 2804 1103 2845 XXV,
1131 2804 1221 2838 Dec.
1262 2804 1318 2837 De
1347 2802 1598 2838 invocatione
1625 2805 1698 2836 etc.
1735 2806 1774 2835 et:

146 2855 268 2888 sacris
296 2854 548 2899 imaginibus,
