1965 3240
139 164 185 198 94
378 162 461 196 Liss.
488 161 558 196 ΙΙΙ.
587 182 598 186 -
625 161 736 196 PARS
761 161 812 195 ΙΙ.
841 181 854 187 -
880 161 938 196 De
963 162 1057 196 locis
1082 164 1117 196 et
1141 162 1380 206 temporibus
1404 163 1528 196 sacris

139 282 194 325 ad
226 280 443 324 ecelesiam
486 293 565 323 non
600 279 798 324 domicilii
842 284 912 323 ant
954 283 1070 338 quasi
1114 279 1328 335 domicilii,
1361 280 1431 324 sed
1466 279 1533 323 sui
1565 279 1767 336 beneficii,

140 365 309 408 nempe:
361 354 398 394 in
449 364 528 408 (1113
578 351 676 395 illud
721 354 844 394 sitnm
889 356 962 405 est,
1009 349 1298 408 transferendi
1333 356 1430 394 sunl
1477 351 1526 394 ad
1577 363 1764 394 normam

139 435 228 466 can.
257 422 381 475 1215,
406 420 491 463 nisi
524 420 653 464 aliam
689 420 768 464 sibi
799 420 1003 478 eleyerint
1036 420 1253 464 ecclesiam
1285 419 1452 478 funeris
1486 423 1523 463 111
1558 420 1636 464 hoc
1668 432 1766 464 casn

140 492 467 550 praeferendam.
921 503 923 505 ’

258 563 326 605 79.
362 565 438 609 lus
474 564 734 609 funerandi
768 564 1027 608 defunctos
1061 564 1325 619 religiosos
1363 576 1422 608 ac
1459 564 1687 608 novitios.
1726 560 1767 604 ln

141 647 232 690 cap.
258 635 281 675 5
315 634 366 677 de
399 633 623 690 sepulturis
657 635 694 675 in
731 632 885 690 60(111,
913 632 983 690 12)
1008 632 1159 689 legitur
1191 647 1239 676 ex
1276 632 1486 676 Bonifacio
1523 631 1627 675 Vlll:
1653 631 1768 675 «Re-

141 705 288 761 ligiosi,
323 706 399 747 nisi
433 716 454 747 3
491 706 668 760 propriis
701 705 962 746 monasteriis
1001 703 1103 746 adeo
1149 705 1316 747 forsitan
1351 705 1431 746 sint
1465 704 1625 755 remoti,
1658 702 1768 760 quod

141 776 190 820 ad
216 788 262 819 ea
287 788 380 818 cum
417 777 650 817 moriuntur
682 774 902 819 commode
937 775 1087 830 portari
1122 787 1200 816 non
1237 776 1404 830 possint,
1423 777 1633 830 nequeunt
1657 772 1768 829 (cum

146 846 250 890 velle
297 845 358 888 vel
405 845 511 888 nolle
555 858 633 888 non
679 844 935 901 liabeant)›³,
969 849 1008 887 et
1041 844 1142 887 baec
1175 849 1236 887 est
1275 847 1390 898 ratio,
1429 856 1534 901 quae
1579 848 1697 899 urget
1730 846 1768 885 in

142 920 201 960 eis
232 919 300 974 (1111
339 921 430 959 vota
464 917 705 971 emiserunt,
728 927 775 959 ac
811 914 1063 972 ubicumque
1097 915 1364 968 decesserint,
1389 919 1639 971 «nequeunt
1671 926 1772 970 ergo

142 987 217 1031 sibi
251 987 406 1043 eligere
439 986 708 1042 sepulturam,
733 985 804 1029 sed
842 990 936 1028 sunt
969 985 1076 1041 apud
1102 997 1174 1029 sna
1200 987 1446 1028 monasteria
1482 984 1769 1027 tumulandi».

143 1058 189 1102 Et
225 1058 303 1101 hoc
338 1060 559 1114 positivum
597 1059 904 1114 praescriptum
932 1056 1081 1099 limitat
1114 1059 1304 1112 exceptio
1332 1061 1449 1099 antea
1476 1058 1641 1099 inserta.
1667 1055 1772 1098 Hinc

145 1143 223 1173 non
259 1135 319 1173 est
352 1129 531 1172 admissa
557 1131 594 1171 in
618 1127 769 1172 Codice
804 1127 1026 1171 Doctorum
1062 1129 1278 1178 sententia,
1312 1127 1420 1184 qnod
1447 1129 1479 1169 si
1506 1127 1775 1169 verificentnr

145 1201 239 1244 illae
273 1200 530 1243 conditiones
553 1201 823 1255 exceptionis,
841 1202 993 1256 queant
1018 1197 1199 1254 religiosi
1225 1197 1379 1253 eligere
1402 1196 1477 1240 sibi
1502 1196 1773 1253 sepulturam,

146 1276 189 1315 nt
223 1275 333 1327 patet
365 1284 414 1314 ex
449 1274 644 1313 contextu
679 1267 1223 1326 ean.1221.§1.l1r0sessi
1256 1272 1428 1311 externo
1462 1266 1603 1310 habitu
1627 1266 1774 1310 aliisve

145 1344 273 1398 signis
313 1340 486 1384 subiecti
531 1345 624 1384 actu
669 1339 791 1383 alicui
839 1339 1039 1395 religioni,
1084 1339 1193 1382 unde
1237 1338 1517 1382 excluduntur
1562 1341 1775 1380 manentes

146 1418 261 1455 extra
295 1412 474 1456 claustra
514 1424 607 1454 cum
654 1411 814 1454 indulto
848 1410 1209 1454 exclanstrationis
1241 1410 1291 1452 ad
1327 1421 1514 1452 normam
1549 1421 1640 1453 can.
1675 1408 1772 1462 ⁴539,

146 1486 203 1527 sic
238 1485 508 1539 interpretato
542 1481 610 1524 illo
648 1481 788 1529 verbo,
825 1486 867 1524 nt
897 1494 975 1524 non
1010 1481 1173 1524 dicatur
1209 1493 1313 1523 vane
1346 1480 1549 1535 additum,
1583 1492 1631 1522 eo
1665 1479 1773 1536 qnod

146 1553 338 1598 subditur
372 1556 409 1596 in
444 1565 624 1596 canone:
659 1552 852 1609 reliqiosi
890 1554 996 1610 «(1111
1041 1556 1131 1595 vota
1167 1555 1496 1607 nuncuparunt»
1535 1550 1641 1607 (can.
1677 1549 1776 1605 488,

148 1639 185 1668 n.
206 1624 269 1681 70)
294 1639 342 1666 aa
359 1623 509 1667 novitii
530 1625 566 1666 in
590 1623 656 1666 illa
687 1639 705 1663 ((
729 1622 863 1665 valide
881 1623 930 1665 ad
951 1624 1196 1665 novitiatum
1222 1621 1390 1664 admissi
1412 1636 1431 1661 ))
1460 1621 1566 1675 (can.
1587 1620 1683 1664 54³2,
1709 1619 1778 1671 101,

153 1697 452 1750 «susceptione
485 1693 649 1737 habitus
676 1694 736 1736 vel
762 1693 841 1736 alio
876 1693 996 1735 modo
1021 1695 1059 1735 in
1084 1690 1446 1736 constitutionibus
1479 1693 1771 1747 praescripto»

150 1766 257 1823 (can.
284 1765 400 1822 553),
427 1766 593 1821 praefati
629 1764 793 1820 singuli,
827 1764 896 1807 sed
935 1768 1101 1820 propter
1130 1763 1158 1821 ξ
1182 1764 1205 1805 o’
1229 1768 1335 1806 can.s
1369 1762 1481 1805 1230
1518 1764 1592 1804 viri
1618 1767 1773 1804 tantum

149 1838 196 1880 ad
224 1849 409 1879 normam
435 1838 692 1891 exceptionis
715 1835 791 1878 sub
813 1848 901 1878 can.
923 1835 1020 1889 490,
1040 1833 1229 1892 defuncti
1252 1847 1342 1875 eum
1365 1832 1463 1885 silit,
1489 1832 1778 1890 lrsmsferemli

150 1914 260 1961 smil,
293 1906 459 1964 funeris
491 1909 549 1949 eis
584 1905 844 1963 persolvendi
880 1919 1022 1960 causa,
1056 1918 1128 1961 pro
1167 1904 1336 1948 arbitrio
1376 1903 1431 1946 acl
1462 1902 1677 1946 eeclesiam
1718 1902 1778 1945 vel

151 1979 386 2022 oratorium
409 1980 483 2022 etsi
508 1977 839 2033 semi-publicum
866 1976 906 2033 a)
930 1990 1032 2019 suae
1054 1975 1211 2024 domus,
1233 1975 1275 2032 b)
1300 1975 1362 2018 vel
1384 1975 1533 2017 saltem
1560 1988 1661 2017 suae
1685 1974 1780 2017 reli-

149 2049 302 2106 yiom's,
340 2063 376 2089 v.
401 2063 461 2105 gr.
497 2048 548 2092 ob
581 2048 815 2091 distantiam
854 2047 960 2090 illius
993 2046 1044 2091 ab
1076 2046 1211 2090 obitus
1250 2046 1352 2101 loco,
1377 2046 1428 2090 ob
1451 2046 1572 2089 aliam
1613 2059 1778 2103 quoque

152 2133 318 2163 causam
341 2119 642 2173 rationabilem,
661 2119 735 2162 bac
759 2131 856 2162 vero
875 2120 1118 2174 exceptione
1136 2121 1324 2160 servata:
1351 2117 1435 2159 nisi
1454 2116 1601 2159 novitii
1620 2121 1775 2159 tantum

154 2191 284 2233 (ilium
303 2190 519 2233 ecelesiam
538 2204 586 2233 ex
609 2191 821 2233 recensitis
843 2188 919 2232 sub
938 2201 1027 2232 can.
1050 2188 1160 2230 1223
1180 2186 1235 2230 ad
1252 2201 1372 2230 suum
1394 2186 1524 2244 femus
1547 2186 1751 2243 eleyerint
1768 2201 1782 2231 :

154 2263 340 2318 seqnitur
379 2266 513 2304 tamen
539 2260 590 2303 ol)
614 2262 912 2303 connexionem
952 2258 1062 2302 velut
1095 2258 1321 2301 admonitio
1348 2271 1418 2314 pro
1454 2260 1528 2300 isto
1561 2270 1678 2301 casu:
1715 2257 1779 2299 ius

156 2337 293 2374 1111110111
327 2331 366 2388 3)
403 2330 572 2373 levandi
605 2329 784 2373 cadaver
816 2329 988 2373 ubilibet
1022 2331 1271 2379 inveniatur,
1297 2327 1340 2385 b)
1375 2335 1413 2370 e!
1447 2327 1556 2371 illud
1588 2327 1683 2371 inde
1715 2326 1781 2369 de-

155 2402 334 2445 ducendi
367 2401 421 2444 ad
454 2401 671 2444 ecclesiam
704 2400 972 2458 saner-amem
1006 2401 1213 2456 propriam
1252 2398 1314 2441 vel
1360 2399 1553 2451 alienam,
1586 2400 1681 2455 (11113
1719 2398 1778 2441 (11-

156 2475 262 2516 citur
292 2472 476 2529 pertine!
509 2485 671 2529 semper·
703 2470 759 2513 ad
778 2470 1044 2528 Superiorem
1076 2468 1321 2526 reliyiosmn
1345 2469 1704 2512 determinandum
1729 2482 1779 2511 ex

158 2542 531 2596 constitutionibus,
566 2542 666 2585 alias
701 2544 897 2585 maiorem
935 2540 996 2584 vel
1032 2542 1153 2583 etiam
1191 2539 1360 2583 localem
1401 2541 1549 2583 domus
1580 2540 1628 2582 ad
1665 2542 1783 2582 cuins

160 2612 355 2655 familiam
393 2612 624 2669 pertinebat
657 2613 891 2665 defunctus,
925 2620 964 2654 et
996 2612 1060 2653 cni
1096 2612 1172 2653 iuri
1206 2610 1438 2666 applicatur
1470 2623 1555 2666 reg.
1581 2610 1634 2652 68
1658 2611 1695 2651 in
1722 2610 1779 2649 6⁰.

164 2682 336 2725 «Potest
371 2685 463 2739 quis
488 2697 559 2739 per
581 2682 724 2736 alium,
747 2682 855 2739 (111011
883 2685 1014 2738 potest
1039 2681 1174 2723 iacere
1210 2693 1281 2736 per
1311 2694 1354 2723 se
1378 2683 1568 2737 ipsum».
1602 2677 1717 2732 Quae
1743 2680 1780 2720 in

159 2765 317 2796 canone
350 2753 546 2795 dicuntur
580 2757 748 2808 possunt
780 2753 909 2808 aptari
935 2767 952 2791 «
976 2750 1234 2806 religiosis»,
1253 2753 1320 2807 (1111
1346 2751 1434 2793 «ad
1460 2749 1778 2793 ecclesiasticam

159 2823 441 2879 dignitatem»
485 2823 534 2865 311
582 2825 716 2865 minus
764 2821 1040 2878 episcopalem
1092 2823 1266 2876 promoti
1316 2825 1423 2873 sunt,
1467 2825 1506 2863 et
1549 2832 1626 2862 non
1670 2832 1781 2862 coin-

163 2894 351 2950 prehensi
386 2893 567 2950 quolibet
603 2907 650 2936 cx
688 2896 843 2936 motivo
876 2892 951 2936 snb
990 2905 1079 2935 can.
1116 2892 1243 2945 1219,
1276 2894 1469 2949 quamvis
1511 2903 1656 2934 revera
1701 2902 1778 2932 non
