1965 3240
157 137 228 172 278
419 136 505 170 L113.
534 135 605 170 ΠΙ.
635 156 647 161 -
675 135 784 169 PARS
810 134 876 168 IV.
903 154 916 159 -
943 133 999 169 De
1025 135 1250 178 mayzsterio
1276 133 1528 168 ecclesiastico

158 258 274 311 sitae,
308 255 449 299 salvae
485 259 662 310 manent,
697 258 741 297 ut
773 253 1029 297 declaratum
1064 256 1125 295 est
1159 253 1196 294 in
1225 250 1532 295 Commentario
1565 250 1718 295 Textus
1736 251 1784 295 ad

159 339 248 371 can.
284 327 322 380 6,
357 325 414 370 60.
449 325 506 368 Eo
541 327 672 382 magis
704 324 813 383 quod
853 324 933 367 dici
970 327 1101 380 potest
1140 322 1209 365 illa
1250 321 1491 378 «implicite
1535 323 1780 366 contineri»

160 399 198 439 in
232 398 421 453 sequenti
456 398 723 452 praescripto.
1088 431 1091 433 ,

274 469 357 521 §3
376 465 424 509 In
443 465 544 509 aliis
563 465 809 517 territoriis,
843 464 911 508 uhi
932 465 1143 508 dioeceses
1164 465 1327 519 proprie
1351 463 1485 507 dictae
1503 476 1552 507 ac
1571 465 1786 520 paroeciae

159 551 238 580 non
271 542 366 581 sunt
397 539 658 591 constitutae,
693 549 740 580 ac
774 540 1076 593 consequenter
1124 539 1236 578 certo
1286 539 1452 577 manent
1499 547 1664 590 semper
1712 533 1788 577 sub

158 606 313 665 Congr„
340 608 392 651 de
428 607 544 664 Prop.
580 607 691 661 Fide,
725 607 923 649 um'oersa
955 605 1199 648 missionum
1221 618 1337 659 eura,
1356 605 1491 662 quoad
1512 604 1790 661 designandos

161 681 454 732 missionarios,
478 691 655 732 ,normas
688 677 740 721 ab
774 679 871 734 ipsis
903 676 1146 729 servandas,
1179 680 1255 719 etc.
1291 674 1405 733 opud
1438 673 1696 718 acatholicos
1719 675 1788 718 de-

159 750 336 794 claratos
369 752 406 792 in
442 752 466 803 g
501 750 558 802 1²,
593 748 692 792 Sodi
725 747 991 806 Apes-[olicae
1022 761 1092 790 seu
1127 745 1276 802 Congr.
1311 746 1361 789 de
1399 744 1514 802 l‘rop.
1540 745 1637 789 Fide
1671 745 1791 788 imice

157 826 413 864 reservatur.
446 820 509 863 Al)
543 833 588 863 ea
625 822 749 876 igitur
782 824 842 862 est
877 818 1125 874 repetendus
1149 817 1424 873 quarumdam
1452 816 1698 873 religionum
1726 816 1788 859 vel

161 894 442 934 institutorum
491 893 763 944 interventus,
812 894 936 947 atque
985 902 1056 945 per
1101 890 1227 944 ipsam
1266 888 1579 939 moderandum,
1614 889 1645 930 si
1680 886 1788 944 quod

160 961 237 1009 sibi
273 964 334 1005 ius
367 962 650 1005 adiudicatum
686 960 863 1017 probare
899 964 1080 1016 possunt.

280 1033 376 1076 ⁶231.
412 1035 484 1078 An
517 1034 779 1079 acatholici
804 1033 1127 1089 compellendi
1149 1034 1245 1077 sint
1267 1033 1331 1076 ad
1354 1031 1520 1075 fidem.
1549 1028 1590 1071 t).
1615 1028 1792 1071 Thomas

162 1104 256 1147 huic
289 1106 475 1161 quaesito
511 1104 729 1160 respondet
770 1119 788 1143 ((
814 1103 1036 1146 dicendum
1065 1103 1075 1124 ¹
1112 1102 1220 1159 quod
1248 1101 1475 1145 infidelium
1502 1100 1671 1157 quidam
1695 1104 1791 1142 sunt

161 1178 229 1232 qui
265 1188 490 1232 numquam
525 1179 796 1230 susceperunt
832 1174 969 1227 tidem,
1004 1175 1111 1216 sicut
1143 1172 1318 1229 gentiles
1352 1176 1388 1214 et
1424 1171 1586 1223 ludaei,
1621 1175 1660 1213 et
1693 1169 1794 1213 tales

162 1246 275 1289 nullo
311 1245 431 1288 modo
465 1251 556 1288 sunt
591 1245 640 1288 ad
676 1245 798 1288 tidem
825 1243 1100 1300 compellendi
1129 1249 1170 1286 ut
1194 1245 1268 1299 ipsi
1294 1242 1479 1293 credant,
1503 1243 1598 1298 quia
1623 1241 1794 1284 credere

166 1317 388 1360 voluntatis
419 1321 500 1368 est,
535 1321 628 1359 sunt
662 1321 798 1359 tamen
834 1314 1110 1372 compellendi
1135 1327 1156 1357 a
1182 1313 1388 1365 fidelibus,
1413 1315 1444 1356 si
1469 1313 1575 1355 adsit
1609 1311 1795 1364 facultas,

165 1388 354 1431 attidem
388 1401 466 1430 non
503 1387 727 1444 impediant
765 1386 825 1429 vel
862 1385 1143 1442 blasphemiis,
1190 1384 1252 1428 vel
1295 1383 1411 1428 malis
1443 1381 1792 1440 persuasionibus,

168 1458 230 1501 vel
266 1461 388 1502 etiam
439 1460 592 1514 apertis
641 1455 1010 1514 persecutionibus.
1046 1455 1094 1498 Et
1129 1460 1295 1511 propter
1343 1453 1421 1497 hoc
1469 1453 1612 1496 tideles
1644 1450 1791 1496 Christi

164 1530 403 1586 frequenter
435 1533 577 1572 contra
612 1527 800 1571 inlideles
836 1526 987 1570 bellum
1023 1530 1206 1577 movent,
1242 1538 1318 1568 non
1364 1524 1532 1582 quidem
1569 1528 1611 1566 ut
1643 1536 1712 1566 eos
1744 1522 1793 1565 ad

163 1600 417 1643 credendum
453 1604 616 1655 cogant,
650 1601 746 1656 quia
780 1600 902 1641 etiam
924 1600 955 1640 si
980 1611 1049 1640 eos
1076 1599 1283 1651 vicissent,
1308 1601 1346 1639 et
1370 1597 1559 1652 captivos
1583 1593 1796 1645 haherent,

165 1673 203 1713 in
238 1684 381 1714 eorum
417 1669 605 1713 libertate
641 1669 922 1726 relinquerent
955 1681 1004 1711 an
1039 1667 1211 1711 credere
1237 1666 1410 1719 vellent,
1436 1666 1506 1709 sed
1533 1669 1700 1722 propter
1719 1663 1795 1706 hoc

167 1747 208 1785 ut
242 1755 311 1785 eos
344 1741 606 1797 compellant,
641 1754 692 1783 ne
727 1740 849 1783 tidem
884 1739 1033 1783 Christi
1078 1738 1318 1795 impediant.
1368 1737 1447 1780 Alii
1487 1750 1583 1780 vero
1616 1740 1709 1779 sunt
1743 1737 1797 1777 in—

166 1812 308 1856 tideles
341 1814 410 1868 qui
444 1812 694 1869 quandoque
729 1811 851 1854 tidem
885 1813 1170 1866 susceperunt,
1205 1816 1244 1853 et
1277 1821 1366 1851 eam
1405 1809 1665 1863 prolitentur,
1691 1807 1796 1848 sicut

165 1883 378 1937 haeretici,
412 1888 451 1926 et
483 1885 736 1940 quicumque
769 1886 1002 1938 apostatae,
1037 1884 1076 1923 et.
1109 1879 1210 1923 tales
1242 1884 1333 1922 sunt
1369 1881 1491 1922 etiam
1526 1875 1798 1933 corporaliter

166 1954 456 2011 compellendi,
491 1958 535 1997 ut
568 1953 765 2010 impleant
798 1952 905 2009 quod
943 1953 1235 2008 promiserunt,
1273 1955 1310 1993 et
1345 1953 1511 1992 teneant
1534 1947 1643 2006 quod
1669 1945 1795 1990 semel

166 2030 438 2081 susceperunt
461 2041 498 2068 )).
546 2050 597 2055 ——
642 2024 758 2067 Hanc
792 2024 1022 2066 doctrinam
1056 2023 1275 2065 contirmat
1319 2034 1409 2063 caiz.
1444 2021 1570 2063 1351.
1605 2017 1669 2061 Ad
1711 2030 1796 2059 cim-

161 2095 434 2153 pleoeandam,
469 2108 590 2153 quam
626 2095 841 2152 hucusque
876 2107 953 2137 non
987 2097 1272 2149 susceperunt,
1316 2091 1378 2134 vet
1423 2093 1518 2149 quia
1553 2103 1631 2133 non
1669 2088 1796 2144 bapti-

167 2170 258 2222 zati,
295 2180 434 2211 veram
470 2167 511 2224 a)
544 2165 677 2223 fidem,
714 2166 777 2209 vel
812 2168 844 2208 si
881 2165 1071 2221 baptizati
1121 2163 1229 2220 apud
1274 2167 1420 2217 sectas,
1471 2161 1512 2218 h)
1547 2159 1797 2203 catholicum

168 2253 297 2291 izemo,
322 2241 444 2282 etiam
471 2238 655 2285 iudaeus,
682 2250 774 2280 nam
801 2237 951 2293 legitur
975 2238 1012 2278 in
1033 2234 1207 2278 Decreto
1227 2233 1264 2278 2;
1304 2249 1324 2274 ((
1344 2233 1400 2276 De
1418 2233 1581 2284 ,ludaeis
1601 2234 1800 2288 praecipit

168 2311 207 2354 S.
241 2310 446 2366 Synodus,
471 2311 623 2352 nemini
668 2309 863 2364 deinceps
896 2307 944 2350 ad
980 2306 1237 2349 credendum
1272 2306 1354 2346 vim
1391 2305 1530 2346 int'erri
1556 2319 1596 2354 )),
1629 2302 1799 2344 inv-itus.

169 2394 262 2424 nain
301 2379 442 2422 votens
475 2384 578 2422 esset
614 2378 820 2422 juvandus
853 2377 902 2420 ad
938 2377 1049 2419 illam
1084 2375 1202 2432 plene
1236 2373 1585 2432 consequendam,
1626 2378 1801 2429 cogatur

172 2453 307 2500 minis,
344 2451 551 2503 violentia,
595 2449 663 2493 vel,
699 2448 971 2492 incommodis
1014 2447 1064 2490 ad
1102 2446 1177 2489 hoc
1219 2448 1351 2502 ipsum
1392 2446 1573 2488 directis.
1608 2445 1801 2501 quamvis

178 2538 197 2562 ((
221 2521 506 2577 evangelicam
542 2521 773 2563 doctrinam
810 2521 883 2564 rite
917 2519 1103 2562 ediscere
1130 2529 1356 2573 veramque
1381 2515 1453 2558 Dei
1478 2514 1695 2558 ecclesiam
1721 2526 1802 2557 am-

176 2592 295 2648 plecti
330 2605 472 2635 omnes
505 2591 645 2634 divina
681 2590 771 2646 lege
805 2594 1057 2643 tenentur»,
1093 2592 1130 2630 et
1164 2588 1204 2631 S.
1239 2585 1371 2629 Mater
1402 2585 1586 2629 Ecclesia
1618 2586 1668 2627 sit
1705 2586 1803 2640 vigi-

179 2664 266 2707 lans
298 2663 483 2706 eiusdem
519 2661 809 2705 observantiae
843 2656 1017 2703 custos.'

294 2817 304 2837 1
333 2815 428 2849 11-11
456 2827 490 2859 q.
521 2815 559 2848 X
584 2825 618 2848 a.
647 2814 669 2847 S
696 2825 726 2847 c.
755 2834 795 2837 -—
823 2814 836 2834 ‘2
864 2812 956 2856 Cap.
985 2813 1005 2846 5
1032 2811 1122 2846 dist.
1150 2810 1268 2844 XLV.
