1965 3240
174 178 220 213 78
409 178 492 212 Lm.
520 178 590 213 ΠΙ.
619 197 629 203 -
657 178 767 212 PARS
791 177 843 212 11.
873 198 885 203 -
911 178 968 212 De
997 179 1090 213 locis
1115 181 1150 213 et
1176 180 1412 223 temporibus
1436 183 1560 216 sacris

175 299 297 342 clesia
332 297 602 342 subterranea
634 310 740 355 quae
772 300 823 341 sit
857 311 954 340 vere
993 301 1032 340 et
1072 299 1235 354 proprie
1268 298 1456 355 ecclesia,
1491 299 1633 343 divino
1666 301 1794 345 cultui

175 371 338 414 addicta
364 385 400 413 n.

294 442 360 484 63.
396 444 470 488 De
494 444 742 488 Ecclesiae
765 443 882 487 iuris
910 442 1147 486 exercitio
1181 443 1346 497 quoad
1380 445 1690 489 coemeteria.
1725 443 1797 487 Ec-

175 513 299 556 clesia
324 518 490 569 propter
513 514 827 555 resurrectionis
851 511 990 565 tidem,
1009 515 1048 553 et
1070 510 1221 567 dogma
1246 515 1331 554 tum
1355 512 1407 555 de
1431 515 1684 569 purgatorio,
1708 517 1795 557 tum

175 584 224 627 de
257 588 492 627 sanctorum
528 585 832 637 conmunione,
857 584 1106 625 coemeteria
1132 586 1174 624 ut
1198 582 1285 626 loca
1310 594 1427 626 sacra
1462 596 1535 639 pro
1567 586 1652 627 suis
1687 597 1797 628 reco-

174 657 318 711 gnovit
351 666 397 698 ac
432 656 626 697 instituit:
661 653 756 696 hinc
789 666 881 696 cuin
908 651 975 695 illa
998 654 1049 695 sit
1071 654 1245 696 societas
1269 654 1446 709 perfecta
1478 667 1549 710 per
1572 653 1795 698 Dominum

174 726 306 769 lesum
340 726 522 779 fundata,
558 727 594 767 in
630 723 779 767 Codice
812 722 889 766 sibi
925 725 986 766 ius
1018 736 1195 780 sequens
1231 724 1414 767 vindicat
1449 738 1520 780 per
1543 739 1632 769 cati.
1658 727 1793 768 1206.

173 797 200 855 ξ
235 798 270 839 ’1.
311 796 375 839 las
409 802 468 838 est
502 794 735 838 catholicae
767 793 983 837 Ecclesiae
1011 793 1257 851 possidendi
1277 808 1348 851 per
1371 808 1466 838 suas
1499 795 1675 839 morales
1704 809 1795 852 per-

173 880 292 911 sonas
323 867 499 924 propria
534 868 690 909 ratione
723 865 910 919 dominii,
944 869 982 907 et
1015 877 1113 921 erga
1156 878 1261 922 quae
1306 865 1631 909 iurisdictionem
1676 880 1793 910 exer-

173 944 274 987 ceat,
310 936 569 987 coemeteria,
604 941 645 979 ut
680 936 767 979 loca
800 948 917 979 sacra
952 936 1051 979 tiant
1083 939 1123 978 et
1155 937 1246 980 sint.

290 1008 363 1051 His
397 1014 532 1051 tamen
571 1006 839 1063 temporibus,
873 1007 1038 1063 quando
1073 1006 1175 1049 tides
1207 1005 1355 1050 Christi
1390 1020 1587 1064 persaepe
1620 1020 1642 1051 a
1680 1007 1793 1052 civili

172 1080 312 1124 exulat
344 1082 601 1132 auctoritate,
636 1091 682 1121 ac
718 1077 941 1121 multorum
975 1077 1151 1120 aliorum
1175 1077 1355 1121 charitas
1378 1079 1619 1135 refrigescit,
1652 1092 1792 1122 neces-

171 1153 303 1194 sarius
338 1152 411 1193 fuit
442 1149 470 1208 ξ
504 1150 540 1192 Q.
576 1148 728 1203 Sicubi,
762 1151 851 1191 sive
884 1147 1184 1192 catholicorum
1218 1151 1270 1191 sit
1302 1150 1568 1205 territorium,
1593 1151 1681 1192 sive
1706 1163 1794 1205 pro-

172 1224 421 1274 testantium,
460 1220 523 1263 vel
560 1231 829 1276 paganorum,
867 1217 941 1261 ltoc
972 1217 1190 1261 Ecclesiae
1213 1218 1278 1260 ias
1312 1218 1493 1261 'violetur
1521 1218 1695 1274 legibus,
1723 1224 1793 1261 aut

171 1293 221 1336 de
254 1294 372 1344 facto,
409 1291 449 1349 b)
485 1305 556 1333 aec
587 1304 679 1348 spes
712 1290 768 1332 sit
803 1295 844 1332 at
878 1288 1052 1332 violatio
1086 1294 1322 1346 reparetur,
1342 1289 1443 1332 alias
1467 1289 1565 1332 illud
1591 1294 1696 1332 esset
1720 1302 1793 1345 pro

174 1363 330 1407 viribus
364 1361 707 1419 propugnandum
742 1360 791 1403 ad
828 1360 1046 1403 mutandas
1080 1359 1203 1416 leges,
1240 1359 1303 1402 vel
1338 1359 1388 1402 ad
1415 1359 1714 1403 removendum
1740 1359 1793 1402 fa·
1856 1400 1864 1407 ,

171 1439 296 1491 ctum,
330 1438 474 1476 carent
508 1432 691 1476 locorum
731 1430 957 1474 Ordinarii
989 1435 1171 1486 strenue,
1206 1432 1399 1488 quamvis
1431 1430 1536 1473 duce
1561 1429 1793 1486 prudentia,

171 1507 326 1562 primo:
364 1510 407 1546 at
440 1502 701 1553 coemeteria,
735 1501 951 1545 societatis
985 1500 1122 1544 civilis
1153 1501 1332 1558 propria
1360 1503 1517 1544 ratione
1549 1500 1721 1543 dominii
1745 1513 1792 1544 ae

170 1577 458 1632 consequentis
500 1574 871 1617 administrationis
914 1572 1136 1629 legumque
1182 1571 1361 1628 politiae,
1404 1571 1444 1628 a)
1479 1570 1791 1622 benediccmtia·,

170 1646 335 1703 quando
369 1644 669 1688 rationabiliter
704 1643 882 1700 idipsum
918 1645 1027 1699 exigi
1063 1647 1208 1699 potest,
1242 1655 1414 1698 nempe:
1449 1642 1501 1695 si,
1542 1642 1614 1699 qai
1651 1641 1694 1684 iri
1733 1641 1793 1684 eis

170 1716 292 1760 comli
324 1715 470 1770 solent,
505 1715 589 1758 sint
622 1715 783 1758 maiore
815 1728 865 1756 eoe
891 1719 1015 1771 parte
1048 1712 1260 1767 catholici,
1284 1726 1460 1770 quorum
1494 1726 1593 1768 ergo
1628 1712 1791 1768 religio-

169 1800 254 1831 sam
290 1789 582 1831 conscientiam
618 1791 657 1828 et
691 1785 814 1828 tidem
848 1784 984 1828 civilis
1017 1786 1239 1827 auctoritas
1272 1783 1394 1826 dehet
1418 1785 1574 1826 tattone
1598 1783 1703 1826 duce
1729 1770 1801 1825 re?

174 1861 319 1907 vereri,
340 1870 567 1913 eorumque
600 1856 777 1899 liberum
812 1857 874 1898 ius
907 1868 986 1898 non
1022 1854 1304 1911 pessumdare.
1339 1854 1417 1897 Sed
1443 1855 1538 1910 quia
1562 1859 1605 1896 ut
1627 1855 1791 1910 saepitis

170 1929 332 1981 accidit,
366 1928 578 1971 catholicis
611 1941 688 1969 non
724 1927 966 1970 conceditur
1000 1928 1062 1968 ius
1095 1938 1141 1968 ac
1176 1924 1343 1968 libertas
1367 1938 1439 1981 pro
1466 1937 1610 1967 eorum
1636 1926 1790 1967 maiore

170 2013 342 2042 numero
376 1998 602 2055 aequaliter
635 2010 682 2041 ac
714 1999 863 2041 ceteris
887 1997 1100 2052 elargitur,
1124 1996 1371 2039 secundario
1395 1995 1434 2038 id
1463 1994 1709 2046 obtineatur,
1735 1996 1790 2036 vi-

169 2070 339 2113 delicet:
375 2069 416 2126 b)
451 2075 523 2111 aa!
558 2068 707 2111 saltem
741 2073 784 2110 at
820 2068 860 2110 ia
901 2067 960 2110 eis
994 2066 1187 2110 civilibus
1230 2067 1490 2109 coemeteriis
1525 2079 1596 2121 per
1629 2067 1792 2121 opposi-

169 2144 319 2184 tionem
370 2140 419 2183 ad
469 2139 746 2182 ecclesiastica
791 2137 989 2181 catholici
1022 2137 1204 2195 spiritam
1241 2135 1435 2188 habeant,
1470 2135 1594 2193 iclqae
1626 2134 1789 2178 benedi-

170 2217 289 2259 ctam,
326 2211 432 2267 quod
470 2214 520 2252 ita
561 2212 637 2252 erit
679 2223 796 2252 sacer
840 2209 954 2252 locus
991 2224 1010 2249 ((
1036 2208 1220 2251 fidelium
1254 2206 1488 2263 sepulturae
1522 2207 1784 2262 deputatus»

170 2282 278 2340 (can.
319 2280 460 2337 11:54),
494 2280 572 2322 sibe·
604 2280 770 2336 supple:
806 2279 1019 2323 catholicis
1062 2283 1333 2331 resercalma,
1367 2279 1441 2320 etsi
1479 2278 1683 2333 separatio
1719 2289 1791 2332 pet·

173 2366 310 2407 muros
347 2351 408 2394 vel
443 2351 648 2394 cancellos
682 2356 757 2393 etc.
793 2364 870 2393 non
907 2352 1155 2393 instituatur.

286 2421 389 2475 Quia
429 2436 524 2464 xero
559 2426 735 2477 potestas
768 2421 902 2463 civilis
935 2420 1185 2477 (plaudoque
1229 2421 1437 2461 invenitur
1480 2417 1689 2461 Ecclesiae
1722 2416 1788 2460 ho·

168 2494 284 2547 stilis,
317 2494 500 2536 decernit
534 2492 623 2549 {33-
659 2492 701 2535 Si
735 2506 783 2533 nc
816 2491 891 2534 leoc
925 2491 1089 2548 quidem
1117 2490 1295 2533 'alterum
1332 2489 1511 2532 obtineri
1541 2488 1687 2546 possit,
1713 2490 1787 2531 etsi

169 2567 334 2607 omnino
369 2566 517 2606 iustum
552 2562 660 2617 apud
697 2561 882 2604 homines
915 2561 1133 2619 quoslibet,
1158 2560 1235 2604 hoc
1260 2562 1298 2603 iu
1323 2573 1442 2604 casu:
1479 2559 1599 2602 toties
1627 2558 1787 2615 quoties

169 2635 395 2678 catholicus
429 2636 465 2675 in
511 2646 558 2675 eo
602 2632 864 2687 sepeliendus
897 2635 961 2684 sit,
996 2631 1311 2682 befnedieantmg
1344 2627 1568 2673 seeundum
1600 2628 1710 2671 ritas
1744 2627 1786 2670 in

167 2704 355 2763 probatis
388 2703 530 2746 saltem
568 2705 688 2745 tacite
723 2702 773 2745 ab
809 2702 988 2745 Ecclesia
1027 2701 1239 2758 litaryice's
1273 2700 1393 2744 libris
1428 2698 1622 2751 traditos,
1651 2711 1688 2740 v,
1723 2711 1786 2753 gr.

170 2778 207 2818 in
241 2775 319 2819 Bit.
357 2774 471 2817 Rom.
498 2773 509 2794 ²
547 2772 613 2816 ubi
648 2773 768 2815 dicit:
809 2788 827 2811 (ι
847 2771 946 2814 Cum
983 2777 1119 2815 autem
1155 2773 1390 2828 pervenerit
1436 2770 1486 2813 ad
1534 2767 1786 2824 sepulcrum,

286 2930 297 2950 1
325 2927 402 2961 Tit.
434 2926 506 2960 VH
534 2925 623 2970 Cap.
653 2925 724 2968 ΙΙΙ,
754 2936 791 2958 n.
823 2925 877 2958 12.
