1965 3240
153 150 217 185 174
530 153 610 186 [ΑΒ.
638 152 707 187 ΠΙ.
731 173 743 178 -
772 153 880 187 PARS
907 153 976 187 111.
1004 173 1016 179 —
1041 156 1099 189 De
1125 156 1234 189 cultu
1260 156 1394 190 divino

783 331 1017 369 TITULUS
1047 331 1157 370 XVI.

210 411 273 453 De
295 412 427 454 cultu
450 411 743 466 Sanctorum,
765 422 1005 456 sacrarum
1029 414 1285 466 imaginum
1312 416 1358 458 et
1379 416 1715 471 reliquiarum.

198 538 282 575 CAN.
318 539 416 575 1276.
447 560 467 566 -
495 540 627 576 Bonum
656 546 759 586 atque
777 541 862 577 utile
879 548 930 577 est

153 587 210 622 Dei
239 586 374 631 Servos,
405 599 474 623 una
500 599 578 623 cum
607 587 744 623 Christo
781 600 929 633 regnan-

152 640 216 678 tes,
244 635 447 681 suppliciter
474 635 634 671 invocare
666 646 854 681 eorumque
881 647 931 670 re—

152 682 279 727 liquias
304 687 408 728 atque
445 682 616 727 imagines
656 684 833 724 venerari;
872 683 929 718 sed

154 740 234 775 prae
248 730 369 765 ceteris
385 729 479 764 filiali
495 730 677 765 devotione
691 729 930 765 Beatissimam

157 776 333 821 Virginem
363 776 507 811 Mariam
537 777 654 812 fideles
681 777 833 812 universi
860 789 932 823 pro-

152 829 356 868 sequantur.

201 872 284 907 CAN.
318 870 418 905 1:277.
450 891 466 895 -
495 875 514 912 ξ
546 871 572 905 i.
596 871 697 906 Cultu
720 871 856 917 publico
875 882 932 906 eos

153 923 288 953 tantum
320 918 375 953 oei
404 917 527 953 Servos
554 919 708 954 venerari
744 919 834 960 licet,
872 920 929 964 qui

152 965 356 1001 auctoritate
383 965 552 1000 Ecclesiae
579 966 671 1001 inter
705 964 851 1001 Sanctos
878 967 928 1001 vel

154 1013 273 1049 Beatos
301 1013 397 1047 relati
426 1013 510 1046 sint.

199 1065 218 1103 ξ
244 1059 275 1095 Q.
304 1059 340 1094 ln
367 1060 487 1095 album
515 1058 723 1095 Sanctorum
763 1060 930 1095 canonice

151 1107 268 1143 relatis
308 1106 422 1142 cultus
459 1107 574 1142 duliae
612 1107 775 1147 debetur;
810 1107 928 1143 Sancti

151 1155 214 1190 coli
244 1159 388 1200 possunt
415 1154 544 1199 ubique
569 1159 602 1189 et
620 1155 741 1200 quovis
758 1160 836 1190 actu
855 1156 929 1190 eius

150 1201 287 1247 generis
305 1202 440 1245 cultus3
470 1201 561 1236 Beati
585 1213 662 1237 vero
682 1213 751 1236 non
769 1207 926 1248 possunt,

151 1249 217 1284 nisi
247 1249 319 1284 loco
345 1254 377 1284 et
416 1249 517 1284 modo
543 1260 611 1294 quo
640 1248 815 1284 Romanus
843 1249 929 1285 Pon-

152 1297 234 1332 tifex
264 1296 485 1331 concesserit.

198 1343 280 1379 CAN.
315 1341 413 1377 1278.
450 1364 466 1368 -
508 1342 743 1379 Laudabiliter
781 1355 928 1390 quoque,

150 1391 294 1426 servatis
331 1390 523 1431 servandis,
566 1389 684 1425 Sancti
730 1393 925 1433 nationum,

150 1438 372 1482 dioecesium,
404 1438 675 1483 provinciarum,
704 1439 930 1474 confraterni-

151 1490 276 1527 tatum⁷
319 1485 531 1520 familiarum
570 1485 810 1530 religiosarum
845 1486 928 1521 alio-

151 1544 299 1578 rumque
327 1532 478 1567 locorum
505 1537 538 1567 et
565 1533 748 1568 moralium
771 1544 929 1579 persona-

151 1591 227 1614 rum
256 1580 435 1624 eliguntur
459 1584 504 1620 et,
530 1580 716 1615 accedente
742 1581 928 1616 confirma—

150 1627 243 1662 tione
270 1626 368 1662 Sedis
399 1627 628 1673 Apostolicae‚
668 1628 929 1663 constituuntur

153 1674 309 1715 Patroni;
339 1674 428 1709 Beati
457 1685 527 1709 non
557 1674 647 1715 item,
668 1675 744 1710 siue
764 1676 926 1720 peculiari

150 1722 305 1757 ciusdem
334 1720 432 1756 Sedis
458 1721 677 1767 Apostolicae
708 1722 855 1757 indulto.

198 1768 282 1804 CAN.
317 1768 414 1803 1279.
445 1788 460 1795 -
489 1773 508 1812 ,ξ
538 1769 568 1802 1.
597 1768 734 1804 Nemini
764 1769 864 1805 liceat
892 1771 925 1804 in

149 1816 313 1856 ecclesiis
342 1816 448 1851 etiam
474 1817 657 1861 exemptis,
689 1816 810 1852 aliisve
845 1817 928 1852 locis

150 1863 256 1898 sacris
284 1863 389 1898 ullam
420 1862 597 1898 insolitam
632 1874 758 1909 ponere
793 1864 842 1899 vel
873 1876 927 1910 po-

151 1911 303 1945 nendam
333 1921 454 1945 curare
481 1910 685 1955 imaginem,
716 1911 782 1945 nisi
801 1911 844 1946 ab
864 1913 929 1947 Or-

150 1958 288 1993 dinario
317 1957 381 2004 loci
410 1959 453 1992 sit
479 1957 682 2003 approbata.

197 2009 216 2047 ἓ
242 2005 274 2039 2.
305 2003 516 2040 Ordinarius
540 2010 657 2040 autem
692 2016 806 2040 sacras
843 2005 927 2041 ima-

149 2053 248 2097 gines
277 2051 413 2097 publice
430 2052 473 2087 ad
495 2052 647 2087 fidelium
670 2053 927 2088 venerationem

150 2099 373 2145 exponendas
413 2110 456 2134 ne
497 2099 677 2145 approbet,
722 2111 810 2145 quae
848 2111 926 2135 cum

154 2146 296 2193 probato
325 2146 494 2181 Ecclesiae
521 2158 583 2181 usu
620 2158 688 2182 non
717 2153 925 2192 congruant.

199 2198 217 2235 ξ
244 2192 276 2227 3.
307 2193 493 2238 Nunquam
520 2193 613 2228 sinat
651 2192 861 2230 Ordinarius
892 2195 926 2229 in

150 2241 304 2276 ecclesiis
344 2241 465 2276 aliisve
507 2241 589 2275 locis
631 2242 737 2276 sacris
774 2242 926 2278 exhiberi

153 2287 228 2322 falsi
268 2288 648 2332 dogmatis-imagines
683 2289 735 2324 rel
762 2300 849 2334 quae
871 2290 927 2325 de-

152 2335 258 2370 bitam
298 2335 492 2370 decentiam
532 2340 564 2369 et
603 2335 818 2371 honestatem
858 2348 926 2372 non

154 2382 399 2427 praeseferant,
426 2386 486 2417 aut
510 2382 656 2417 rudibus
677 2383 856 2428 periculosi
876 2395 926 2419 er-

152 2429 240 2464 roris
267 2429 483 2464 occasionem
513 2430 713 2475 praebeant.

197 2480 216 2518 ξ
243 2474 275 2511 4.
305 2476 339 2511 Si
368 2476 552 2521 imagines.
589 2476 747 2522 publicae
785 2488 926 2513 venera-

148 2523 233 2558 tioni
261 2523 446 2568 expositae,
475 2523 690 2559 sollemniter
716 2524 927 2560 benedican-

149 2575 215 2611 tur,
243 2571 326 2606 haec
353 2570 547 2606 benedictio
566 2571 755 2606 Ordinario
775 2583 925 2607 reserva-

149 2622 216 2657 tur,
245 2617 302 2662 qui
331 2621 448 2652 tamen
478 2622 586 2663 potest
612 2629 688 2653 eam
713 2619 856 2654 cuilibet
874 2630 926 2654 sa-

148 2664 275 2699 cerdoti
304 2666 531 2699 committere.

196 2709 278 2746 CAN.
321 2710 421 2745 1280.
465 2731 480 2737 -
527 2712 698 2755 lmagines
741 2713 924 2758 pretiosae,

150 2757 236 2792 idest
279 2762 456 2799 vetustate,
495 2764 567 2793 arte
605 2763 664 2794 aut
703 2760 797 2794 cultu
831 2770 925 2805 prae-

149 2809 291 2846 stantes,
320 2805 353 2838 in
381 2805 534 2840 ecclesiis
562 2805 612 2840 vel
639 2807 798 2841 oratoriis
817 2806 925 2852 publi-

149 2851 196 2885 cis
237 2851 390 2886 fidelium
430 2852 641 2887 venerationi
682 2853 864 2899 expositae,
896 2853 923 2887 si

150 2899 289 2943 quando
304 2900 521 2944 reparatione
536 2900 728 2944 indigeant,
742 2911 923 2946 uunquam

1004 547 1243 577 restaurentur
1269 543 1345 578 sine
1358 543 1437 578 dato
1455 544 1593 590 scriptis
1608 555 1778 581 consensu

1004 588 1047 623 ab
1071 587 1278 631 Oi·‹linario;
1305 590 1373 635 qui,
1393 595 1581 636 antequam
1603 592 1778 628 licentiam

1004 637 1181 677 concedat,
1221 638 1407 682 prudentes
1444 649 1484 673 ac
1527 639 1651 684 peritos
1690 641 1780 675 viros

1004 683 1175 718 consulat.

1052 730 1136 765 Cim.
1173 729 1270 765 1281.
1302 752 1318 756 -
1348 735 1366 773 ξ
1391 732 1418 765 Ι.
1436 731 1593 776 lusignes
1612 733 1780 779 reliquiae

1004 782 1063 811 aut
1090 778 1260 822 imagines
1300 778 1468 824 pretiosae
1506 779 1658 825 itemque
1690 781 1780 816 aliae

1005 824 1171 870 reliquiae
1197 830 1256 860 aut
1285 825 1454 870 imagines
1479 837 1568 871 quae
1594 827 1630 861 in
1659 827 1781 872 aliqua.

1004 871 1148 907 ecclesia
1175 884 1302 917 magna
1330 873 1444 919 populi
1473 874 1696 909 veneratione
1725 876 1778 910 bo-

1004 924 1184 957 norentur,
1217 926 1393 965 nequeunt
1420 920 1531 956 valide
1556 921 1700 956 alienari
1721 932 1780 957 ne-

1004 977 1070 1011 que
1097 966 1131 1000 in
1159 966 1264 1002 aliam
1291 967 1472 1002 ecclesiam
1493 972 1656 1014 perpetuo
1671 973 1781 1004 trans-

1005 1014 1083 1048 ferri
1111 1014 1186 1049 sine
1213 1014 1429 1059 Apostolicae
1463 1013 1562 1050 Sedis
1593 1016 1777 1061 permissu.

1052 1064 1071 1103 ᾗ
1097 1060 1130 1095 ⁶2.
1160 1060 1318 1106 Insignes
1344 1061 1550 1097 Sanctorum
1579 1063 1630 1097 vel
1662 1062 1779 1098 Beato-

1004 1119 1081 1142 rum
1108 1107 1275 1153 reliquiae
1301 1113 1383 1143 sunt
1408 1119 1545 1155 corpuS,
1563 1114 1679 1155 caput,
1701 1110 1778 1145 bra-

1003 1154 1131 1195 chium,
1159 1155 1432 1200 antibrachium,
1462 1167 1528 1198 cor,
1556 1156 1687 1202 lingua,
1711 1168 1780 1192 ma-

1003 1213 1080 1243 nns,
1107 1213 1187 1237 crus
1211 1208 1271 1238 aut
1297 1202 1355 1238 illa
1384 1214 1462 1249 pars
1487 1204 1641 1249 corporis
1660 1204 1694 1238 in
1711 1215 1779 1250 qua

1004 1260 1126 1294 passus
1152 1254 1202 1285 est
1229 1255 1374 1296 martyr,
1403 1251 1591 1286 dummodo
1617 1251 1661 1285 sit
1692 1252 1778 1287 inte-

1001 1308 1063 1341 gra
1089 1302 1122 1332 et
1148 1308 1216 1331 non
1247 1308 1362 1343 parva.

1054 1344 1137 1380 CAN.
1172 1343 1271 1379 1282.
1304 1364 1319 1371 -
1349 1348 1367 1387 ἓ
1396 1344 1425 1378 l.
1448 1344 1605 1390 insignes
1636 1343 1779 1380 Sancto-

1002 1403 1079 1427 rum
1096 1393 1147 1427 vel
1164 1391 1345 1427 Beatorum
1364 1391 1530 1437 reliquiae
1549 1397 1727 1438 nequeunt
1742 1393 1777 1427 iu

1000 1439 1146 1475 aedibus
1166 1439 1215 1474 xel
1242 1439 1399 1474 oratoriis
1428 1440 1569 1484 privatis
1594 1440 1776 1481 asservari,

1001 1488 1077 1522 sine
1103 1496 1263 1532 expressa
1280 1484 1458 1522 Ordinarii
1486 1487 1548 1522 loci
1581 1486 1731 1522 licentia.

1049 1539 1068 1576 ξ
1104 1533 1136 1568 22.
1167 1533 1344 1579 Reliquiae
1372 1545 1441 1568 non
1477 1534 1633 1579 insignes
1662 1534 1777 1569 debito

1001 1592 1079 1616 cum
1107 1582 1237 1616 bonore
1262 1581 1366 1616 etiam
1393 1581 1429 1615 in
1453 1581 1614 1616 domibus
1635 1581 1777 1627 privatis

1002 1630 1128 1664 servari
1145 1628 1265 1674 pieque
1280 1640 1300 1663 a
1312 1628 1472 1663 fidelibus
1481 1629 1606 1673 gestari
1622 1633 1777 1674 possunt.

1049 1676 1133 1712 CAN.
1170 1674 1268 1710 1283.
1298 1695 1320 1700 —
1347 1679 1365 1716 ξ
1396 1676 1424 1710 1.
1453 1675 1592 1710 Publico
1607 1677 1699 1710 cultu
1717 1686 1778 1710 eae

1001 1723 1092 1758 solae
1118 1723 1282 1768 reliquiae
1309 1722 1343 1756 in
1369 1722 1536 1765 ecclesiis,
1573 1733 1775 1768 quanquam

1001 1771 1180 1816 exemptis,
1207 1769 1369 1805 honorari
1399 1774 1555 1815 possunt,
1596 1781 1682 1815 quas
1720 1781 1776 1814 ge—

1001 1818 1130 1852 nuinas
1156 1829 1229 1853 esse
1267 1821 1402 1851 constet
1438 1817 1639 1852 authentico
1672 1819 1774 1852 docu-

1002 1870 1120 1900 meuto
1145 1864 1293 1900 alicuius
1331 1862 1366 1898 S.
1406 1863 1442 1898 R.
1486 1863 1521 1898 E.
1563 1863 1773 1907 Cardinalis,

1001 1913 1053 1947 vel
1081 1911 1258 1948 Ordinarii
1288 1910 1361 1951 loci,
1391 1911 1441 1946 vel
1467 1912 1558 1946 alius
1585 1911 1646 1945 viri
1674 1912 1778 1946 eccle-

1001 1959 1130 1994 siastici
1158 1960 1210 1994 cui
1253 1957 1398 1993 facultas
1435 1957 1685 1993 autliemicandi
1723 1958 1776 1992 in-

1001 2006 1097 2042 dulto
1123 2006 1309 2052 apostolico
1335 2005 1379 2039 sit
1405 2016 1579 2040 concessa.

1048 2056 1066 2098 ,ξ
1092 2053 1125 2088 ⁶2.
1160 2053 1315 2089 vicarius
1341 2052 1523 2088 Generalis
1550 2052 1680 2098 nequit,
1700 2052 1776 2088 sine

1003 2098 1166 2136 mandato
1191 2100 1341 2147 speciali,
1369 2100 1533 2145 reliquias
1557 2099 1776 2135 authenticas

1001 2148 1147 2186 edicere.

1049 2194 1134 2230 CAN.
1167 2193 1268 2229 1284.
1293 2215 1308 2220 -
1330 2194 1494 2229 Locorum
1524 2192 1701 2229 Ordinarii
1722 2205 1772 2229 rc-

1002 2242 1160 2288 liquiam,
1189 2253 1293 2287 quam
1321 2246 1412 2276 certo
1439 2252 1506 2275 non
1527 2252 1602 2276 esse
1626 2241 1773 2276 authen-

1001 2289 1103 2324 ticam
1132 2290 1262 2331 norint,
1287 2299 1307 2324 a
1335 2288 1488 2323 fidelium
1515 2288 1610 2323 cultu
1629 2288 1776 2333 pruden-

1001 2341 1051 2371 ter
1076 2341 1273 2372 amoveant.

1047 2382 1132 2419 CAN.
1166 2382 1266 2418 1285.
1297 2403 1313 2408 -
1342 2386 1361 2425 ξ
1391 2382 1419 2418 l.
1446 2381 1571 2417 Sacrae
1597 2381 1774 2427 reliquiae,

1001 2442 1157 2475 quarum.
1176 2429 1455 2465 authenticitatis
1486 2429 1693 2464 documenta
1731 2428 1774 2463 ob

1000 2478 1118 2513 civiles
1160 2477 1439 2523 perturbationes
1480 2476 1531 2511 vel
1581 2476 1623 2511 ob
1664 2475 1773 2510 alium

1000 2524 1190 2570 quemlibet
1216 2536 1334 2559 casum
1369 2523 1577 2565 interierint,
1617 2522 1774 2568 publicae

1002 2571 1214 2607 venerationi
1236 2583 1279 2606 ne
1298 2575 1529 2616 exponantur,
1550 2569 1617 2604 nisi
1639 2580 1773 2616 praece-

999 2619 1057 2654 dat
1079 2619 1246 2653 iudicium
1267 2617 1445 2654 Ordinarii
1469 2617 1545 2657 loci,
1568 2627 1636 2651 non
1655 2621 1771 2651 autem

1004 2666 1127 2700 l'icarii
1147 2666 1328 2701 Generalis
1342 2665 1417 2700 sine
1432 2664 1596 2699 mandato
1614 2663 1769 2709 speciali.

1047 2717 1066 2754 ξ
1092 2713 1123 2747 ’2.
1152 2712 1329 2758 Reliquiae
1355 2717 1470 2747 tamen
1492 2710 1658 2756 antiquae
1679 2711 1714 2744 in
1733 2721 1773 2745 ea

1000 2760 1223 2795 veneratione
1245 2770 1313 2805 qua
1331 2758 1499 2794 hactenus
1519 2758 1671 2800 fuerunt,
1691 2762 1774 2792 sunt

999 2806 1212 2846 retinendae,
1236 2807 1302 2840 nisi
1323 2806 1358 2840 in
1377 2806 1493 2851 aliquo
1509 2804 1670 2850 peculiari
1691 2815 1772 2840 casu

999 2853 1100 2888 certis
1125 2853 1340 2898 argumentis
1365 2856 1498 2888 constet
1522 2862 1580 2887 eas
1599 2852 1701 2887 falsas
1721 2851 1771 2886 vel

999 2900 1242 2946 suppositicias
1267 2911 1352 2936 esse.
