1965 3240
146 367 322 410 Quorum
347 367 408 398 est
434 363 524 397 dare

593 196 719 221 INDEX
746 196 937 222 CANONUM
965 197 1015 221 ET
1041 196 1321 221 COMMENTARH

549 361 860 397 cathecheticam
887 361 1224 396 instructionem?
1282 391 1288 397 .

146 424 363 461 Instructio
388 433 599 468 puerorum
624 421 668 455 ad
698 425 943 455 sacramenta
968 421 1044 454 rite
1071 421 1325 465 suscipienda

149 483 367 519 Perfectior
394 492 603 527 puerorum
619 479 845 514 ,instructio

146 543 386 578 Adultorum
414 540 631 582 instructio
654 538 912 573 catechistica
955 565 963 573 .

147 603 360 637 Adiutores
387 600 644 646 parochorum
671 599 713 633 in
739 598 978 633 catechismo
1009 598 1200 632 tradendo

146 661 400 696 Adiutorium
429 660 704 705 religiosorum
733 684 741 692 .

147 719 350 765 Obligatio
376 723 597 764 parentum,
626 717 810 752 herorum
836 722 875 751 et
903 716 1150 762 patrinorum
1173 744 1179 750 .

147 779 447 815 ordinariorum
474 779 536 811 ius

557 895 694 930 CAPUT
721 895 771 937 II.
801 916 846 920 —
873 896 927 930 De
953 895 1076 929 sacris
1102 895 1366 930 concionibus.

147 993 328 1028 Canones
355 990 558 1025 1337-1348
622 1017 630 1024 .

148 1052 336 1087 Schema:
367 1051 495 1096 Caput
520 1049 572 1084 II.
601 1050 658 1084 De
685 1050 806 1084 sacris
833 1049 1087 1084 concionibus

148 1110 359 1155 Inscriptio
386 1109 537 1154 Capitis

146 1170 373 1204 Necessitas
388 1169 591 1202 missionis
605 1167 652 1202 ad
667 1168 893 1213 legitimum
920 1168 1226 1213 praedicationis
1248 1167 1518 1203 ministerium

1506 1255 1514 1262 .
1569 1229 1658 1264 1337
1708 1230 1777 1264 260

563 1112 602 1143 et
629 1120 824 1143 canonum
849 1108 1091 1142 coordinatio

148 1229 331 1264 Potestas
358 1227 473 1262 dandi
499 1227 727 1261 missionem
752 1227 801 1261 ad
820 1227 1125 1271 praedicandum
1176 1253 1184 1262 .

148 1288 333 1323 Facultas
360 1287 422 1322 vel
448 1287 613 1321 licentia
637 1286 896 1321 concionandi
922 1298 989 1331 pro
1022 1286 1257 1321 diversitate
1290 1286 1518 1321 auditorum

243 1346 489 1382 concedenda
516 1373 523 1380 .

146 1407 369 1452 Denegatio
394 1410 466 1441 aut
492 1405 692 1440 revocatio
725 1406 924 1450 religiosis
950 1405 1053 1439 facta
1079 1405 1124 1439 de
1150 1405 1340 1440 facultate
1366 1406 1518 1441 concio-

242 1466 364 1501 nandi
396 1493 402 1500 .

149 1526 358 1560 Concessio
383 1530 453 1560 aut
479 1526 677 1560 ievocatio
705 1525 746 1558 in
774 1535 918 1570 genere
946 1524 1142 1568 praefatae
1169 1524 1402 1559 facultatis.

147 1585 331 1619 Licentia
358 1584 560 1619 Ordinarii
586 1585 663 1619 loci
687 1584 736 1618 ad
757 1583 1070 1618 concionandum
1097 1583 1293 1628 petenda.

150 1643 303 1686 Quibus
329 1645 507 1689 personis
534 1643 618 1677 dari
644 1648 763 1689 queat
788 1642 958 1677 facultas
984 1643 1242 1677 concionandi
1287 1670 1293 1677 .

148 1702 349 1737 Ordinarii
376 1703 452 1737 loci
478 1703 540 1736 ius
566 1702 691 1747 quoad
718 1702 924 1736 conciones
949 1713 1076 1736 sacras

149 1761 352 1806 Obligatio
378 1761 636 1806 parochorum
663 1762 764 1795 circa
790 1761 1120 1805 praedicationem
1177 1761 1187 1794 .’

149 1820 285 1854 Brevis
311 1821 513 1865 evangelii
538 1820 764 1864 explanatio
791 1820 832 1853 in
859 1820 991 1854 Missis
1017 1819 1172 1864 publice
1199 1788 1407 1854 celebratis

147 1877 365 1913 Conciones
391 1883 566 1923 tempore
593 1878 925 1923 Quadragesimae
952 1882 1073 1923 atque
1100 1879 1311 1913 Adventus

149 1936 253 1979 Quid
278 1938 319 1971 in
347 1949 457 1972 sacra
481 1937 771 1982 praedicatione
798 1937 1035 1972 servandum
1062 1937 1115 1971 sit
1142 1938 1203 1971 vel
1231 1937 1440 1972 vitandum

146 1995 348 2040 Frequens
373 1997 608 2031 assistentia
634 1997 891 2031 concionibus
953 2024 960 2030 .

550 2114 686 2150 CAPUT
711 2114 783 2149 III.
813 2135 857 2140 —
888 2115 940 2150 De
966 2115 1088 2150 sacris
1115 2115 1373 2150 missionibus.

147 2210 326 2244 Canones
356 2209 554 2244 1343-1351

146 2269 358 2314 Inscriptio
385 2270 536 2314 Capitis

561 2270 724 2315 eiusque
750 2282 921 2304 canones
956 2300 961 2305 .

147 2327 356 2363 Missiones
381 2329 484 2374 apud
510 2328 736 2363 catholicos.

147 2386 356 2422 Missiones
381 2399 450 2433 pro
476 2388 734 2423 acatholicis

147 2446 210 2480 An
234 2447 443 2482 acatholici
470 2447 731 2493 compellendi
756 2448 840 2482 sint
864 2448 914 2482 ad
941 2447 1069 2482 fidem.

807 2577 993 2614 TlTULUS
1021 2578 1109 2614 XXl.

789 2662 845 2695 De
880 2661 1134 2696 Seminariis.

148 2729 326 2763 Canones
354 2730 454 2763 1352-
462 2729 550 2765 1371

148 2786 312 2821 Schema
330 2814 337 2820 .
366 2787 526 2822 Titulus

147 2845 360 2890 Inscriptio
395 2846 522 2880 Tituli

552 2788 661 2823 XXI.
687 2789 746 2824 De
781 2759 1012 2825 Seminariis
1065 2818 1071 2824 .

148 2904 354 2939 Canonum
379 2905 634 2941 coordinatio.

233 3017 330 3046 BnA'r
352 3033 371 3039 -
396 3017 519 3047 Oomm.

547 3019 630 3048 Teoet.
658 3019 732 3049 Ood.
761 3020 831 3049 [ur.
857 3020 936 3049 Can.

1701 189 1770 223 593

1504 509 1511 515 .
1566 483 1654 517 1331

1576 314 1654 335 CAN.
1692 315 1772 337 PAG-

1501 391 1508 397 .
1564 365 1654 398 1329
1703 367 1772 400 252

1503 449 1510 456 .
1566 425 1657 458 1330
1705 425 1774 459 253

1508 570 1513 575 .
1569 543 1658 576 1332
1708 545 1777 578 254

1504 629 1508 634 .
1566 602 1655 636 1333

1504 687 1510 692 .
1568 661 1657 695 1534
1706 663 1775 697 255

1505 745 1512 752 .
1568 719 1657 753 1335
1706 721 1775 755 256

1507 805 1513 811 .
1567 779 1656 813 1336

1707 992 1774 1027 257

1707 1053 1776 1087 258

1707 1112 1776 1144 259

1507 1373 1513 1381 .
1568 1348 1660 1383 1333
1708 1349 1775 1383 261

1504 1493 1511 1500 .
1571 1467 1657 1501 1339
1707 1468 1775 1502 262

1508 1554 1513 1559 .
1569 1526 1660 1560 1340
1709 1527 1777 1562 263

1508 1611 1515 1618 .
1570 1585 1659 1619 1341
1709 1587 1779 1621 266

1509 1671 1515 1677 .
1570 1644 1660 1679 1342
1709 1647 1778 1681 267

1508 1730 1514 1736 .
1569 1704 1660 1738 1343
1709 1705 1778 1739 269

1507 1789 1514 1795 .
1569 1763 1660 1797 1344
1709 1765 1778 1800 270

1506 1847 1513 1855 .
1568 1822 1659 1856 1345
1733 1839 1747 1854 »

1506 1907 1513 1914 .
1568 1881 1659 1916 1346
1709 1882 1777 1917 271

1504 1965 1512 1973 .
1567 1940 1657 1974 1347
1707 1942 1775 1977 272

1505 2025 1512 2032 .
1567 1999 1659 2034 1343
1707 2001 1775 2035 217

1708 2214 1775 2248 273

1506 2298 1514 2306 .
1733 2287 1750 2306 >⁷

1503 2359 1509 2365 .
1569 2332 1658 2366 1349
1707 2333 1776 2367 276

1503 2418 1509 2424 .
1567 2391 1659 2426 1350
1708 2392 1775 2427 277

1505 2478 1510 2483 .
1567 2450 1656 2484 1351
1707 2452 1775 2485 273

1706 2733 1775 2767 279

1706 2792 1773 2825 281

1707 2850 1774 2884 232

1705 2909 1774 2943 233

1654 3020 1692 3049 38
