1965 3240
131 123 203 159 458
275 123 359 157 Lm.
384 122 457 156 III.
487 143 500 148 -
526 122 636 156 PARS
662 122 706 156 V.
733 142 746 147 -
771 122 829 157 De
853 122 976 165 benef.
1006 125 1040 157 et
1067 124 1191 157 instit.
1221 122 1347 156 eccles.
1375 131 1455 156 non
1479 123 1609 167 colley.

250 243 299 285 30
335 241 378 285 Si
410 246 557 284 eontra
588 241 655 284 ius
684 245 941 299 patronatus
976 243 1013 283 in
1049 240 1126 284 hoc
1158 239 1358 296 singulari
1401 244 1573 296 patrono
1619 241 1684 285 vel
1716 244 1754 285 in

135 312 328 356 omnibus
361 311 546 370 leyitime
584 311 895 369 praescriptum
926 310 1072 369 fuerit,
1109 310 1213 354 idest
1245 310 1295 353 ad
1330 323 1516 354 normam
1550 325 1602 355 ss.
1637 324 1759 355 cano-

138 397 235 426 num
271 383 525 426 1508-1512
559 383 610 426 de
643 384 1001 439 praescriptione:
1717 410 1723 415 -

254 452 298 495 4⁰
334 452 408 495 Pro
442 452 705 496 distinctione
740 454 840 495 iuris
874 455 1115 508 patronatus
1149 453 1187 493 in
1221 463 1311 494 can.
1347 451 1489 494 1449:
1523 451 1663 507 sires,
1692 453 1759 495 eiii

136 523 202 565 ias
242 528 498 580 patronatus
547 522 743 566 «reale»
781 521 988 572 inhaeret,
1033 526 1077 565 ut
1120 521 1175 565 ibi
1208 521 1460 578 explicatum
1495 526 1569 576 est,
1598 528 1759 580 pereat,

137 599 212 636 aut
245 593 544 651 eoestiiiyaalm·
575 592 760 651 familia,
792 606 907 650 qens,
943 591 1056 635 livea
1080 591 1148 634 cui
1167 590 1393 635 secundum
1418 591 1582 635 tabulas
1604 591 1756 650 smida-

139 664 265 707 tionis
296 670 539 707 reservatur
572 667 633 707 Ius
667 668 907 720 patronatus
946 662 1199 718 «familiare,
1224 662 1487 719 gentilitium,
1507 665 1680 706 mixtum
1706 680 1726 705 »
1751 682 1758 709 :

137 749 215 793 qao
233 735 277 778 iii
296 734 431 779 altero
450 749 550 778 casu
568 741 607 791 a)
638 749 712 777 nec
743 735 810 777 ius
839 738 1096 792 patronatus
1134 733 1387 790 «personale
1410 749 1429 775 ))
1455 732 1758 778 hereditarium

136 805 290 863 evadit,
324 805 366 863 b)
400 820 474 849 vec
510 805 769 849 Ordinarius
801 803 940 847 valide
958 803 1206 862 permillere
1225 803 1382 861 polerit
1406 803 1675 848 donationem
1697 806 1759 848 iee—

136 877 199 920 i'is
228 882 484 936 patronatus
517 876 596 919 alii
628 876 732 933 fieri.
768 875 873 919 Hinc
906 877 1093 932 sequitur
1126 874 1249 918 talem
1284 875 1547 918 donationem
1574 878 1674 919 iuris
1696 889 1763 933 pa-

138 953 323 991 tronatus
355 947 580 1004 personalis
605 949 783 1003 permitti
820 959 936 1002 posse
970 945 1020 988 de
1053 943 1265 989 Ordinarii
1300 945 1479 997 licentia,
1521 947 1760 1003 priusquam

140 1019 434 1075 praevideatur
457 1018 548 1061 talis
571 1019 789 1061 exstinctio
813 1021 1054 1073 sequutura.

262 1089 349 1133 Hac
368 1094 530 1146 arrepta
552 1091 782 1141 occasione,
807 1087 908 1131 haec
932 1091 1150 1130 teneantur
1181 1100 1228 1130 ex
1267 1089 1355 1129 iure
1377 1084 1571 1130 Codicem
1597 1099 1762 1143 praece-

140 1160 276 1214 dente,
310 1160 424 1203 salva
460 1160 640 1215 praelata
674 1160 932 1214 exceptione.
969 1157 1009 1199 In
1044 1169 1133 1213 cap.
1167 1158 1290 1199 unico
1323 1156 1445 1199 huius
1467 1158 1527 1199 tit.
1553 1159 1591 1199 in
1618 1157 1660 1199 6Ο
1683 1156 1763 1210 (III,

141 1231 209 1281 19»
242 1233 384 1274 statuit
416 1230 543 1273 Bonii'.
581 1229 695 1272 VIII:
736 1244 756 1270 ((
778 1231 811 1272 si
837 1228 965 1271 laicus
989 1229 1050 1270 ius
1071 1231 1310 1283 patronatus
1326 1226 1538 1270 Ecclesiae
1556 1226 1633 1271 sibi
1652 1240 1762 1271 com-

149 1306 292 1358 petens
325 1301 477 1355 eidem,
512 1301 575 1343 vel
610 1300 727 1343 alteri
761 1299 975 1346 ecclesiae,
1011 1311 1084 1341 seu
1118 1297 1207 1341 loco
1241 1297 1473 1354 religioso»
1510 1297 1586 1341 sub
1618 1297 1769 1355 quibus

145 1371 282 1416 verbis
316 1372 559 1428 intelligitur
592 1373 715 1414 etiam
751 1371 1064 1422 monasterium,
1098 1368 1212 1412 Iocus
1247 1371 1347 1424 pius,
1372 1368 1552 1412 officium
1577 1368 1768 1412 ecclesia-

142 1445 305 1495 sticum,
344 1443 555 1485 «duxerit
596 1441 907 1493 conserendum,
932 1439 1167 1483 huiusmodi
1202 1439 1366 1482 collatio
1398 1439 1545 1489 (idestz
1580 1438 1766 1494 donatio)

143 1515 336 1570 quamvis
368 1512 524 1570 absque
548 1525 749 1555 consensu
783 1510 974 1566 Episcopi
1009 1510 1114 1553 facta
1133 1511 1266 1564 iuerit,
1292 1509 1436 1553 efficax
1463 1513 1522 1552 est
1545 1509 1765 1553 censenda.

145 1585 220 1628 Per
254 1584 479 1641 praefatam
515 1588 651 1626 tamen
695 1581 956 1625 collationem
991 1584 1077 1634 (seu
1123 1580 1415 1635 donationem),
1450 1581 1526 1623 iuri
1561 1579 1767 1636 Episcopi,

144 1658 213 1714 qui
246 1655 381 1698 eidem
424 1667 638 1697 assensum
683 1666 762 1696 non
803 1651 1004 1708 praebuit,
1041 1650 1233 1693 nolumus
1267 1653 1305 1692 in
1340 1650 1478 1708 aliquo
1511 1651 1767 1707 derogari»,

146 1727 183 1771 id
219 1730 279 1769 est
311 1725 475 1768 salvum
510 1729 672 1767 maneat
705 1726 767 1766 ius
802 1722 908 1765 illius
941 1722 990 1765 ad
1018 1723 1315 1764 institutionem
1340 1723 1599 1764 canonicam.
1622 1721 1654 1764 E
1677 1734 1770 1765 con·

144 1799 270 1839 trario
303 1797 506 1852 arguitur,
539 1794 646 1852 quod
684 1794 813 1837 laicus
854 1797 1051 1849 patronus
1092 1805 1171 1834 non
1207 1793 1333 1848 possit
1366 1791 1471 1834 laico
1506 1791 1572 1834 vel
1616 1791 1769 1835 clerico

146 1872 188 1910 ut
220 1868 407 1923 privatae
440 1878 639 1922 personae
672 1865 827 1908 donare
850 1877 968 1907 suum
996 1865 1058 1905 ius
1082 1866 1322 1919 patronatus
1344 1864 1432 1905 sine
1455 1875 1657 1905 consensu
1680 1861 1769 1918 Epi-

144 1940 270 1994 scopi,
304 1939 380 1980 nisi
414 1937 580 1980 donatio
614 1937 684 1978 iiat
716 1939 985 1991 compatrono
1010 1934 1038 1987 ¹,
1073 1935 1168 1990 quia
1201 1932 1455 1989 aequipollet
1488 1934 1588 1975 iuris
1613 1935 1767 1989 proprii

148 2010 460 2061 renunciationi,
475 2012 544 2050 aut
557 2011 703 2063 agatur
717 2005 768 2049 de
781 2008 869 2048 iure
884 2008 1121 2061 patronatus
1136 2003 1233 2046 reali
1245 2002 1260 2024 ²
1273 2003 1323 2046 ad
1339 2015 1525 2046 normam
1541 2004 1768 2046 can 1519.

149 2105 200 2109 —-
236 2076 380 2130 Quoad
416 2078 679 2121 donationem
715 2078 816 2119 iuris
859 2079 1098 2132 patronatus
1146 2074 1416 2118 ecclesiastici
1449 2073 1644 2116 servandi
1678 2078 1771 2116 sunt

147 2162 326 2193 canones
358 2149 409 2192 de
441 2148 687 2191 alienatione
722 2146 922 2190 bonorum
958 2147 1349 2188 ecclesiasticorum.

265 2222 312 2263 :3⁰
348 2220 406 2273 Si,
440 2218 722 2262 consentiente
752 2222 947 2271 patrono,
982 2220 1025 2259 ut
1048 2229 1216 2259 necesse
1234 2220 1294 2258 est
1315 2217 1352 2257 vi
1373 2227 1461 2258 can.
1491 2214 1617 2269 1424,
1643 2214 1686 2271 a)
1710 2228 1770 2257 ec—

150 2291 277 2334 elesia
310 2290 373 2333 ‘vel
405 2290 643 2347 beneficiarii
682 2291 808 2332 «sive
841 2292 1031 2331 curatum
1065 2289 1155 2329 sive
1189 2299 1267 2329 non
1303 2290 1537 2329 curatum»
1576 2285 1646 2328 sed
1673 2287 1773 2328 iuris

153 2368 391 2419 patronatus
424 2362 668 2405 alterutrum
703 2359 918 2403 waimara
943 2370 1211 2415 quocumque
1244 2358 1466 2413 Superiore
1494 2355 1774 2400 ecclesiastico

150 2437 410 2489 competente
443 2432 522 2475 alii
556 2433 787 2488 respective
820 2429 1022 2472 ecclesiae
1049 2427 1111 2471 vel
1135 2427 1337 2471 beneficio
1356 2426 1514 2469 liberae
1537 2425 1776 2469 collationis

153 2504 200 2546 ad
238 2516 425 2546 normam
460 2503 626 2561 quidem
661 2504 729 2545 cit.
763 2502 945 2551 canonis,
981 2504 1055 2541 aul
1089 2497 1264 2541 ecclesia
1297 2498 1371 2554 fiat
1404 2497 1587 2553 legitime
1605 2495 1775 2539 electiva

153 2574 216 2616 cel
248 2573 474 2631 regularis,
508 2573 638 2616 idest:
674 2565 830 2614 habens
863 2570 1090 2626 capitulum
1137 2571 1435 2613 canonicorum
1470 2566 1534 2610 vel
1568 2566 1778 2623 religionis

154 2645 358 2689 clericalis
391 2649 621 2700 exemptae,
655 2641 883 2686 secundum
930 2642 1231 2697 praescriptum
1275 2637 1555 2682 Deci-etalium
1579 2637 1594 2658 ³
1627 2637 1704 2681 hoc
1737 2640 1775 2680 in

156 2716 244 2760 loco
280 2715 553 2772 Implicitum:
595 2711 853 2757 «Caeterum
903 2710 1191 2754 conventualis
1237 2709 1428 2759 ecclesia,
1474 2721 1554 2751 nou
1588 2707 1776 2751 electioni

272 2822 282 2842 1
311 2819 402 2864 cap.
420 2821 453 2859 2,
473 2820 537 2853 m.
556 2818 646 2859 XII,
676 2816 827 2851 le.III
854 2816 891 2849 in
920 2815 1040 2850 ciem.
1072 2836 1114 2840 -
1141 2814 1154 2836 2
1181 2814 1271 2858 Cap.
1302 2815 1358 2855 13,
1387 2812 1526 2853 tinas,
1548 2811 1615 2846 nb.
1636 2811 1705 2852 111,
1723 2813 1772 2847 X.

157 2889 197 2892 -
226 2868 239 2889 ³
267 2868 355 2911 cap.
381 2868 440 2910 25,
470 2867 535 2900 tit.
571 2866 629 2908 as,
666 2863 751 2898 Lib.
789 2863 859 2898 ΠΙ.
886 2862 936 2896 X.
