1965 3240
441 149 524 183 Τιτ.
551 149 675 184 XXV.
705 169 717 174 -
743 148 801 183 De
827 149 1021 193 benefieiis
1046 150 1311 184 ecelesiasticis·
1620 150 1690 183 415

63 274 122 312 est
163 271 250 325 ipso
294 269 400 311 sacto
447 269 626 323 irrita»,
673 271 791 324 prout
836 266 934 310 dicti
980 280 1159 310 canones
1204 270 1369 311 luerunt
1412 270 1693 322 commentati,

67 337 313 383 Carclinalis
350 338 412 382 vel
450 338 667 395 presbyter
702 338 743 380 in
775 337 954 396 proprio
980 337 1117 387 tilulo,
1155 338 1214 380 rel
1247 339 1446 382 diaconus
1485 355 1503 379 ((
1530 342 1567 381 in
1603 353 1694 395 pro-

64 412 195 467 pria»
233 408 452 464 diaconia,
495 409 682 452 scilicet:
718 408 881 452 illorum
934 423 954 449 <c
979 408 1276 452 benetie-iorum
1304 426 1322 450 »
1366 410 1632 453 sumlatorum
1658 412 1695 452 in

62 481 260 526 alterutra
285 479 474 529 ecclesia,
500 485 538 522 et
567 478 826 522 Ordinarias
850 478 934 522 loci
956 482 1061 531 (cau.
1089 480 1186 534 198,
1209 482 1236 537 g
1258 481 1305 537 2)
1340 480 1383 522 ia
1414 481 1588 538 proprio
1622 486 1698 522 ter-

64 551 227 602 ritorio,
260 550 434 608 proinde
459 550 525 594 liic
549 551 599 593 ad
627 552 915 606 paroeciarum
941 563 1107 607 quoque
1141 550 1420 604 collationem,
1440 550 1589 593 liabent
1612 553 1694 593 sin-

66 622 151 680 guli
185 620 461 664 iatentionem
495 621 537 663 ia
562 621 656 663 iare
689 634 762 664 seu
794 625 995 677 potestate
1019 621 1389 664 administrationis
1414 623 1451 663 in
1475 621 1697 677 spirituali-

66 693 144 737 bus
177 697 217 736 et
249 691 562 748 temporalibus,
598 705 704 749 quae
739 694 921 749 ipsorum
961 692 1096 735 officio
1125 694 1336 748 competit,
1359 691 1597 748 sanciatam.
1637 690 1699 733 Vi-

67 764 244 808 delicet:
279 762 604 807 adiudieandam
650 777 739 806 esse
764 765 863 820 ipsis
887 762 1149 807 collationem
1177 763 1303 817 illam,
1331 762 1544 806 benetieiis
1580 778 1598 802 ε(
1624 762 1702 805 illis

68 835 286 879 dumtaxat
319 836 519 890 exceptis,
553 847 660 891 quae
702 848 773 890 per
816 833 1052 877 authentica
1096 836 1248 890 scripta
1283 836 1319 877 ei
1355 833 1598 890 (unicuique
1636 846 1702 876 eo-

70 905 181 963 rum)
215 909 443 948 noscuntur
476 918 564 948 esse
602 904 828 959 subtracta,
869 904 972 962 (vel)
1013 918 1086 961 per
1121 904 1386 961 privilegium
1415 905 1476 948 vel
1505 906 1703 959 praescri-

72 979 253 1034 ptionem
288 975 560 1032 legitimam...
597 975 872 1032 probarentur
906 980 1144 1032 exempta»
1175 975 1187 997 ¹
1236 975 1417 1018 similive
1452 976 1574 1018 modo
1608 988 1702 1018 con-

1194 1013 1202 1030 5

71 1052 198 1092 staret
231 1046 493 1090 collationem
530 1060 608 1090 non
643 1060 733 1090 esse
756 1046 934 1103 amplius
957 1046 1144 1090 liberam.

190 1118 295 1173 Quia
332 1122 586 1161 memoratus
619 1123 680 1161 est
718 1133 738 1159 ((
761 1116 1012 1162 Ordinarius
1046 1118 1122 1161 loci
1148 1134 1188 1172 »,
1221 1118 1489 1161 adversative
1512 1118 1707 1161 admonet

72 1189 91 1245 ξ
123 1191 168 1233 2.
206 1187 410 1246 Conferre
443 1194 583 1231 (tatem
617 1189 803 1246 quolibet
836 1202 885 1232 ex
921 1188 1055 1233 tribus
1094 1189 1228 1232 modis
1250 1188 1326 1232 sub
1351 1191 1618 1245 inscriptione
1643 1203 1706 1245 po-

72 1262 160 1304 sitis
192 1259 391 1316 beneficia
424 1272 718 1317 quaecumque
752 1260 896 1318 aequit
941 1259 1131 1303 Viearias
1169 1259 1391 1305 Generalis
1424 1260 1516 1303 siae
1533 1259 1710 1318 speciali

74 1329 289 1380 nzaadato,
323 1343 402 1373 non
436 1343 557 1373 secus
590 1343 637 1373 ac
673 1332 711 1373 in
738 1333 826 1374 iure
851 1329 1045 1375 Codicem
1081 1331 1360 1388 praecedenti,
1400 1346 1420 1371 c(
1444 1344 1538 1374 eum
1575 1333 1612 1373 in
1642 1344 1711 1388 ge-

76 1400 202 1444 nerali
238 1402 505 1444 concessione
540 1413 803 1458 nequaquam
838 1401 905 1445 illa
943 1404 1123 1456 veniant,
1157 1414 1264 1458 quae
1298 1415 1375 1444 non
1401 1406 1507 1445 esset
1531 1404 1622 1459 quis
1648 1415 1711 1445 ve-

76 1470 305 1515 risimiliter
338 1473 377 1514 in
410 1473 549 1528 specie
589 1485 877 1527 concessurus,
920 1486 995 1516 nec
1037 1472 1285 1529 regulariter
1326 1472 1481 1516 donare
1507 1473 1642 1517 valeat
1665 1476 1710 1528 is,

77 1544 142 1586 cui
178 1542 382 1586 bonorum
417 1543 722 1586 administratio
757 1547 879 1586 etiam
917 1543 1048 1587 libera
1081 1549 1142 1587 est
1175 1556 1371 1587 concessa
1397 1559 1416 1584 )>
1447 1543 1474 1584 ².

196 1612 288 1668 Quo
323 1613 446 1657 modo
479 1615 531 1657 sit
563 1614 699 1671 quoad
745 1613 1045 1658 beneficiorum
1090 1614 1353 1658 collationem
1397 1614 1712 1671 intelligendum

79 1685 332 1742 principium
370 1684 593 1728 iuridicum
628 1687 775 1729 canoni
811 1685 895 1728 436
941 1688 1169 1730 insertum:
1210 1701 1228 1726 (4
1251 1685 1358 1728 Sede
1402 1691 1576 1729 vacante
1615 1686 1714 1729 nihil

79 1757 304 1798 innovetur
327 1770 368 1810 J),
387 1754 513 1798 edicit
545 1755 622 1813 §.¹¹⁸
654 1758 712 1799 sic
738 1769 1019 1813 prosequens:
1071 1755 1261 1799 Viearms
1284 1761 1423 1798 (netem
1450 1755 1716 1814 Capilalaris

80 1825 121 1882 a)
156 1838 229 1868 nee
260 1825 435 1882 supple:
477 1841 496 1867 c(
521 1827 712 1879 conferre
753 1830 926 1883 potest»
961 1827 1186 1884 paroecias
1220 1826 1312 1884 (etsi
1347 1826 1611 1884 amovibiles)
1648 1842 1715 1870 va-

80 1901 239 1949 cantes,
272 1898 390 1953 queis
434 1896 641 1953 parochus
685 1899 828 1941 stricte
863 1897 999 1941 dictus
1024 1898 1330 1954 praet‘iciendus
1353 1900 1417 1953 sit,
1443 1898 1527 1940 nisi
1549 1897 1605 1941 ad
1628 1911 1719 1941 nor-

83 1981 191 2010 mam
225 1981 315 2011 ean.
350 1970 457 2025 455,
490 1970 515 2022 ἓ
546 1970 592 2023 2,
625 1983 663 2011 η.
696 1970 728 2012 3
759 1969 946 2013 scilicet:
989 1984 1008 2010 α
1032 1971 1064 2012 si
1098 1970 1218 2013 sedes
1250 1968 1302 2012 ab
1335 1982 1442 2012 anno
1477 1969 1623 2013 saltem
1649 1983 1716 2013 va-

83 2041 304 2094 caverit»,
341 2038 383 2096 b)
417 2053 550 2097 aeque
586 2039 676 2082 alia
709 2039 909 2096 beneficia
941 2040 1165 2098 quaelibet,
1199 2041 1366 2083 forsitan
1405 2042 1547 2084 vicarii
1572 2054 1720 2098 coope-

86 2112 247 2164 ratoris,
281 2110 352 2153 sed
385 2116 593 2168 perpetua
637 2111 769 2155 idest:
816 2111 911 2155 «ad
960 2114 1086 2155 vitam
1122 2111 1375 2156 beneficiarii
1420 2112 1669 2156 conserenda
1694 2128 1714 2153 „

85 2180 192 2236 (can.
227 2180 361 2237 1438)
393 2185 518 2239 atque
553 2181 711 2225 liberae
744 2181 1001 2234 collaliom‘S,
1035 2196 1142 2241 quae
1175 2183 1355 2227 conditio
1390 2184 1516 2227 aflicit
1556 2197 1720 2241 quoque

94 2267 114 2293 (t
138 2254 352 2308 paroecias
389 2257 584 2296 vacantes
607 2269 647 2309 »,
681 2254 790 2311 quod
815 2255 1088 2298 contii-matur
1112 2268 1161 2298 ex
1183 2255 1378 2311 parallelo
1401 2268 1559 2299 canone
1583 2257 1720 2298 citato.

210 2322 269 2366 Ex
304 2326 645 2381 interpretatione
679 2327 896 2383 utriusque
928 2325 984 2384 §.i
1017 2329 1206 2384 sequitur
1240 2340 1358 2383 posse
1395 2325 1604 2370 Vicarium
1647 2326 1720 2371 Ca-

91 2393 311 2452 pitularem
343 2396 533 2438 conferre
567 2395 610 2452 a)
646 2398 784 2439 omnia
817 2395 1021 2440 beneficia
1054 2410 1133 2440 non
1159 2402 1314 2452 curata,
1340 2409 1446 2455 quae
1469 2399 1549 2440 sint
1571 2397 1621 2441 ad
1648 2411 1722 2441 nu-

90 2471 193 2516 tum,
231 2479 267 2510 v.
301 2479 365 2522 gr.
399 2466 608 2523 religiosa,
641 2466 680 2524 b)
718 2466 920 2512 beneficia
953 2468 1161 2526 quaelibet
1205 2472 1328 2512 etiam
1364 2474 1522 2523 curata,
1557 2470 1723 2526 quando

93 2549 267 2594 persona
301 2536 515 2593 designata
540 2538 662 2581 fuerit
695 2552 769 2594 per
791 2539 1052 2593 electionem,
1077 2540 1409 2597 postulationem,
1430 2542 1722 2596 praesentatio-

92 2620 187 2650 nem
222 2610 292 2650 aut
314 2609 655 2662 nominationem,
690 2613 732 2652 ut
765 2611 964 2653 asseritur
987 2612 1027 2653 in
1051 2623 1142 2654 can.
1178 2610 1274 2665 455,
1309 2612 1333 2664 ἓ
1358 2610 1395 2665 2,
1420 2623 1501 2667 quo
1540 2625 1560 2650 c(
1580 2610 1629 2653 ad
1656 2623 1722 2666 pa-

93 2679 276 2721 roeciam
313 2682 544 2733 vacantem,
565 2680 864 2722 institutionem
885 2680 1016 2724 electo
1049 2685 1120 2724 aut
1153 2684 1416 2737 praesentato
1434 2681 1725 2734 concedere»,

94 2747 191 2791 hinc
231 2746 268 2804 e)
313 2747 479 2805 quando
529 2747 697 2793 «debet
742 2752 935 2794 constitui
979 2753 1174 2804 vicarius,
1216 2753 1285 2809 qui
1328 2750 1533 2794 actualem
1581 2763 1722 2794 curam

215 2855 226 2876 1
253 2854 523 2888 Decretalium
549 2854 636 2889 Lib.
665 2854 717 2899 ΙΙ,
748 2855 811 2890 tit.
842 2855 965 2901 XXV,
995 2868 1078 2902 cap.
1103 2857 1137 2892 6.
1162 2857 1212 2892 Χ.
1239 2878 1281 2882 -
1308 2857 1321 2878 2
1349 2856 1440 2901 Cap.
1466 2856 1488 2890 3
1533 2872 1546 2887 ‹
1566 2856 1611 2891 de
1645 2856 1725 2891 offi-

96 2901 156 2935 cio
182 2901 364 2936 Viearii»
393 2901 480 2936 Lib.
509 2901 540 2946 1,
569 2902 635 2936 tit.
664 2902 764 2936 XIII
790 2903 831 2937 in
857 2903 906 2938 60.
