1965 3240
110 128 180 162 250
369 127 455 161 Lm.
484 127 556 161 ΙΙΙ.
586 147 598 152 -
626 127 736 161 PARS
761 127 826 162 IV.
853 147 866 153 ·
892 127 949 162 De
975 129 1200 172 magisterio
1225 127 1477 162 ecclesiastico
1534 131 1535 135 ’

112 246 309 289 declarati
341 250 437 289 sunt
468 258 515 289 ac
548 250 852 303 consequenter
883 247 1043 289 muneri
1078 247 1299 288 commisso
1333 247 1371 288 in
1406 244 1590 288 fidelium
1627 244 1733 287 utili·

114 320 252 362 tatem.
289 321 483 359 tenentur
514 315 659 373 officio,
692 330 762 359 seu
812 315 1008 360 habituali
1054 311 1306 372 obligatione
1345 314 1626 373 praedicandi
1660 328 1736 372 per

112 401 155 430 se
187 387 285 444 ipsi,
317 392 458 443 utpote
500 387 550 430 ad
595 386 672 431 hoc
714 387 832 431 electi
878 391 1073 444 tanquam
1119 387 1269 441 idonei,
1302 384 1578 443 Evaiiyelium
1623 388 1734 429 iuxta

113 460 393 515 inscriptionis
425 457 762 513 declarationem,
788 457 873 500 nisi
906 456 1093 514 leqilimo
1119 471 1191 514 per
1216 456 1327 513 leges
1349 459 1569 500 canonicas
1591 456 1735 500 saltem

115 530 326 584 recognito
347 526 653 586 prohibeantur
675 528 985 586 impedimento,
1012 528 1138 572 idest:
1164 527 1465 584 impediantur,
1490 533 1527 570 el
1552 527 1737 583 insuper,

113 601 202 642 sive
235 598 287 642 ob
321 599 528 655 peculiare
562 599 923 655 impedimentum,
953 601 1043 642 sive
1077 600 1172 656 quia
1208 600 1246 641 in
1280 611 1434 654 genere
1467 611 1545 641 non
1571 602 1739 654 possunt

114 683 258 713 omnes
304 669 484 726 sibiipsis
531 672 775 713 commissas
822 683 924 713 oves
973 668 1123 726 pabulo
1163 669 1482 725 praedicationis
1514 668 1630 712 verbi
1666 667 1737 712 Dei

115 755 298 798 pascere,
330 746 503 798 praeter
533 739 757 798 parochos,
779 744 848 798 qui
875 755 924 784 ex
950 741 1085 784 officio
1111 742 1212 784 iuris
1234 740 1503 784 ecclesiastici
1528 739 1605 783 hoc
1629 753 1742 783 exer-

115 826 209 856 cere
243 817 434 855 tenentur
467 813 757 866 ministerium,
791 811 951 866 debent,
986 814 1110 855 etiam
1135 813 1304 854 canonis
1328 811 1449 854 huius
1473 812 1740 867 praescripto,

116 882 225 926 alios
258 896 418 940 qzcoque
449 882 560 925 viros
593 881 765 925 idoneos
807 883 857 926 ad
904 895 1090 926 normam
1135 894 1339 926 canonum
1384 881 1507 925 huius
1549 880 1655 924 tituli
1698 881 1740 923 in

117 953 327 996 auatilium
360 967 587 1005 assumere,
620 955 718 1010 quin
755 958 923 1010 propter
956 953 1033 997 hoc
1063 953 1356 1010 dispensentur
1378 965 1399 996 a
1425 952 1744 1009 praedicationis

116 1024 366 1081 obligatione
391 1023 662 1080 personaliter
686 1024 910 1081 implenda,
934 1024 989 1067 acl
1022 1023 1263 1067 huiusmodi
1291 1023 1628 1081 praedicationis
1662 1025 1740 1066 iam

116 1095 351 1139 declaratae
385 1109 535 1137 minius
567 1094 798 1138 salubriter
832 1109 905 1152 pro
939 1095 1125 1139 eiusdem
1160 1108 1285 1151 scopo
1319 1093 1638 1152 eoesequenclum.

236 1166 333 1209 204.
374 1168 658 1212 Necessitas
701 1169 950 1212 missionis
993 1169 1058 1212 ad
1102 1168 1489 1223 praedicationis
1532 1167 1742 1211 ministe-

118 1240 255 1283 rium.
287 1236 487 1280 Martinus
523 1235 550 1278 V
586 1239 626 1279 in
651 1235 773 1281 Cone.
798 1236 1007 1281 Constant.
1035 1250 1106 1293 per
1129 1236 1286 1280 Bullam
1319 1255 1333 1275 «
1361 1235 1470 1279 lnter
1493 1240 1701 1279 cunctas»
1731 1236 1742 1257 ¹

117 1309 330 1352 damnavit
368 1310 688 1364 propositionem
724 1308 887 1352 loannis
924 1307 1099 1352 Wicleff.
1140 1323 1160 1348 ((
1183 1307 1247 1351 14.
1282 1306 1393 1353 Licet
1425 1306 1547 1350 alicui
1573 1307 1746 1349 diacono

122 1379 186 1422 vel
224 1378 467 1436 presbytero
492 1379 735 1435 praedicare
762 1378 935 1422 verbum
962 1378 1034 1422 Dei
1058 1378 1216 1435 absque
1241 1380 1485 1421 auctoritate
1508 1378 1626 1421 Sedis
1643 1380 1748 1433 Apo-

121 1449 290 1493 stolicae
323 1452 411 1492 sive
436 1451 617 1506 episcopi
642 1449 833 1493 catholici
859 1465 897 1505 ³),
922 1455 1046 1507 atque
1071 1451 1177 1492 inter
1202 1448 1492 1505 proponendas
1521 1447 1749 1491 Wicletiitis

119 1525 159 1563 et
192 1520 369 1563 Hussitis
403 1522 748 1576 interrogationes
782 1521 858 1563 fuit
896 1536 915 1561 «
941 1520 1008 1563 38.
1045 1520 1159 1575 Item,
1197 1524 1332 1563 utrum
1358 1519 1515 1572 credat,
1538 1519 1647 1576 quod
1672 1520 1750 1562 sin-

120 1591 226 1648 gulis
258 1590 546 1634 sacerdotibus
580 1591 708 1634 libere
742 1591 864 1635 liceat
898 1591 1140 1648 praedicare
1174 1590 1347 1634 verbum
1374 1589 1748 1646 Dei‚ubicumque,

121 1662 469 1719 quandocumque
503 1666 540 1704 et
565 1661 900 1719 quibuscumque
926 1662 1140 1718 placuerit,
1165 1664 1288 1705 etiam
1313 1663 1345 1704 si
1370 1674 1449 1704 non
1473 1662 1554 1703 sint
1576 1662 1689 1703 missi
1708 1675 1746 1702 )).

121 1733 345 1776 Enimvero
371 1732 726 1788 praedicatoribus
750 1737 991 1788 competunt
1015 1732 1199 1788 Apostoli
1227 1732 1351 1775 verba
1378 1730 1417 1774 ²:
1448 1746 1468 1772 <c
1490 1731 1564 1774 Pro
1587 1729 1748 1774 Christo
1792 1735 1798 1751 ³

124 1804 326 1860 legatione
361 1804 637 1859 fungimur».
669 1829 728 1835 ——
760 1802 865 1846 Hinc
901 1807 1011 1846 recte
1044 1803 1273 1859 proclamat
1296 1817 1386 1848 can.
1411 1803 1542 1845 1328.
1567 1800 1749 1851 Nemini,

123 1880 207 1917 tum
248 1873 407 1917 «laicis
452 1876 666 1931 utriusque
708 1887 844 1929 sexus,
883 1876 982 1917 viris
1024 1873 1184 1917 scilicet
1226 1878 1266 1916 et
1310 1873 1597 1916 mulieribus»
1636 1874 1748 1915 iuxta

125 1947 487 2000 interrogationem
524 1945 576 1987 37
618 1947 723 1988 inter
767 1944 1014 2001 praedictas,
1049 1946 1131 1988 imo
1164 1949 1249 1987 tum
1282 1962 1296 1983 (ι
1324 1944 1498 1987 diacono
1536 1942 1598 1985 vel
1632 1955 1748 1999 prae-

123 2015 290 2072 sbytero
314 2031 334 2057 ))
374 2020 579 2072 utsupra,
602 2016 791 2059 (livinum
826 2015 1111 2058 ministerium
1138 2014 1478 2073 praedicationis
1511 2013 1607 2056 licet
1639 2027 1753 2056 eccer-

125 2100 228 2141 cere,
263 2088 455 2143 quamvis
487 2086 536 2129 ad
573 2086 673 2129 illud
707 2089 787 2129 sint
818 2086 1024 2142 destinati,
1059 2090 1103 2129 ut
1145 2090 1256 2142 patet
1295 2099 1343 2129 ex
1388 2085 1550 2128 diaconi
1585 2083 1748 2127 ordina-

125 2160 249 2212 tione,
282 2157 368 2200 nisi
400 2156 661 2214 aleqitimo,
694 2171 765 2201 seu
810 2162 1072 2214 competente
1117 2157 1167 2201 ad
1213 2156 1292 2200 hoc
1338 2159 1451 2200 iuxta
1489 2169 1541 2199 ss,
1575 2168 1754 2199 canones

127 2228 357 2286 Superiore
389 2228 631 2271 missionem
663 2228 884 2286 receperit,
917 2228 1045 2271 idest:
1081 2229 1377 2271 iniunctionem
1416 2226 1479 2269 vel
1519 2226 1752 2282 permissio-

127 2313 221 2342 nem
265 2299 374 2342 illius
423 2301 637 2342 ministerii
682 2299 904 2342 exercendi
949 2299 999 2342 ad
1044 2300 1317 2342 imitationem
1349 2296 1500 2342 Christi
1537 2294 1753 2352 Apostolos

130 2371 340 2412 mittentis.
379 2395 429 2398 —
464 2368 577 2412 Haec
613 2371 751 2412 missio
785 2368 1007 2425 dupliciter
1040 2369 1185 2412 datur:
1219 2368 1259 2425 a)
1290 2366 1499 2425 facultate
1531 2365 1580 2409 ad
1616 2365 1754 2422 plures

129 2444 245 2483 actus
275 2439 566 2497 peculiariter,
601 2440 726 2484 idest:
760 2439 883 2482 alicui
918 2451 1133 2496 personae,
1166 2438 1285 2493 slata,
1320 2437 1559 2480 immediate
1594 2435 1657 2479 vel
1683 2449 1755 2492 per

130 2510 321 2563 alterum,
355 2515 548 2553 oretenus
594 2510 655 2553 vel
699 2512 867 2566 scripto,
904 2509 945 2567 b)
982 2509 1041 2552 vel
1073 2509 1219 2567 officio,
1263 2509 1371 2565 quod
1417 2510 1469 2552 sit
1511 2507 1591 2550 tale
1629 2522 1649 2547 ((
1675 2506 1754 2549 lato

138 2580 198 2623 vel
233 2582 374 2623 stricto
406 2593 528 2623 sensu
552 2596 572 2621 1>
611 2581 718 2635 (can.
759 2580 856 2636 145,
899 2580 927 2637 ἓ
972 2579 1028 2637 1),
1063 2579 1230 2631 collato,
1264 2579 1331 2622 cui
1367 2584 1505 2623 tamen
1539 2591 1590 2620 eat
1621 2576 1755 2620 sacris

136 2650 377 2707 canonibus,
414 2664 450 2696 v.
486 2664 546 2707 gr.
582 2651 716 2694 officio
752 2650 922 2702 parochi
961 2664 1010 2693 ex
1045 2663 1134 2694 can.
1173 2650 1299 2705 1344,
1330 2649 1358 2708 ξ
1391 2649 1429 2703 1,
1463 2649 1599 2692 officio
1633 2659 1754 2691 cano-

136 2723 217 2764 nici
250 2721 429 2778 theologi
464 2735 512 2764 ex
548 2734 637 2765 can.
672 2722 769 2773 400,
791 2721 819 2779 ξ
854 2721 892 2775 1,
915 2725 993 2764 etc.
1021 2720 1307 2778 praedicandi
1338 2733 1489 2763 mimus
1521 2717 1755 2761 inhaereat.

254 2873 265 2894 1
291 2873 336 2906 22
363 2873 474 2910 Febr.
504 2873 605 2908 1418.
636 2894 676 2898 —
705 2874 719 2895 ²
745 2873 784 2907 II
809 2872 856 2907 ad
884 2873 970 2907 Cor.
1000 2872 1045 2914 V,
1073 2873 1131 2906 20.
