1965 3240
0 0 77 37 ass·

587 148 732 183 SEGTIO
759 148 809 182 II.
840 168 851 172 —
879 147 936 182 De
965 149 1201 192 temporibus
1225 151 1348 182 sacris
1713 147 1781 181 123

152 269 389 327 aliquorum
427 267 636 320 facilitate,
671 271 741 309 aut
775 265 1020 322 populorum
1058 268 1366 322 importunitate
1405 266 1601 322 deinceps
1635 269 1781 309 iterum

120 359 122 361 ’
158 339 422 396 multiplicari
458 340 684 394 contingat,
719 337 886 380 eosdem
922 334 1168 380 Ordinarios
1203 339 1239 378 in
1276 336 1448 379 Domino
1489 351 1717 391 monemus,
1743 343 1782 380 ut

153 411 205 454 ad
240 410 564 454 eeclesiasticam
617 408 771 466 ubique
819 409 1071 451 servandam
1117 406 1406 463 aequalitatem
1443 408 1492 449 de
1526 413 1663 450 cetero
1700 422 1783 462 per·

159 484 291 539 petuis
326 482 473 523 futuris
520 478 780 536 temporibus
827 478 879 522 ab
929 478 1151 521 indictione
1199 477 1275 521 sub
1324 483 1541 533 praecepto
1586 492 1784 520 novorum

158 555 355 597 festorum
390 552 582 595 studeant
616 550 824 594 alr-tinere
848 566 886 593 )),
923 548 1090 591 Monitio
1124 548 1225 591 haee
1258 562 1490 604 supponere
1529 549 1690 591 ridetur
1713 547 1788 593 Or—

159 624 417 667 dinariorum
454 626 710 678 potestatem.
748 610 942 664 inconst.
967 624 1104 662 autem
1145 619 1410 661 «Auctorem
1438 619 1530 661 lidoi
1560 638 1576 659 »
1610 619 1619 640 ¹
1659 619 1711 661 l'ii
1742 617 1786 660 Vl

163 695 433 738 inveniuntur
480 692 587 735 (luae
623 705 735 748 prop.
772 691 1013 734 damnatae:
1050 690 1104 732 73
1138 689 1189 732 de
1223 702 1425 732 novorum
1463 691 1656 732 l'oslorum
1685 692 1790 731 insti-

163 768 336 817 tutione,
368 768 494 822 atque
525 763 578 806 74
634 778 652 803 «
678 763 728 805 de
762 761 1057 805 transferendis
1081 763 1118 803 in
1144 762 1252 803 diem
1278 760 1531 803 dominicum
1578 762 1687 802 lestis
1721 774 1791 816 per

166 850 318 881 annum
353 849 402 879 ex
437 834 638 878 ecclesiae
673 837 892 890 praecepto
926 831 1207 875 servandis».
1244 831 1416 873 Domum
1453 845 1501 873 ex
1528 833 1792 873 concessione

166 908 314 952 Leonis
350 907 480 963 Papae
515 904 606 948 Xlll
640 904 825 948 locorum
860 900 1074 947 Ordinarii
1110 904 1165 945 uti
1203 906 1387 958 poterant
1424 901 1616 944 facultate
1650 903 1791 943 antici-

170 978 291 1036 pandi
326 978 392 1021 (lie
425 976 501 1019 sibi
536 975 751 1024 benevisa‚
787 979 910 1031 atque
944 972 996 1016 ol)
1030 975 1299 1029 gravissimas
1323 984 1468 1015 causas
1488 973 1610 1015 etiam
1637 971 1797 1026 dispen-

166 1051 284 1094 sandi
319 1048 395 1092 sub
428 1047 676 1105 quibusdam
729 1046 1054 1089 circumstantiis
1101 1057 1226 1100 super
1271 1043 1359 1099 lege
1403 1045 1542 1086 ieiunii
1593 1047 1631 1085 et
1674 1042 1796 1085 absti-

169 1123 345 1165 nentiae.
381 1141 436 1148 —
472 1120 545 1162 Hic
579 1122 709 1161 status
742 1116 987 1172 disciplinae
1020 1115 1166 1158 suadet
1213 1116 1564 1170 opportunitatem
1610 1113 1801 1169 specialis

168 1198 278 1235 ean.s
310 1193 441 1234 1244.
475 1192 499 1243 ξ
534 1192 567 1233 1.
605 1188 703 1232 Dies
735 1187 866 1247 festos
899 1187 1080 1244 itemque
1122 1185 1210 1228 dies
1249 1184 1531 1227 abstinentiae
1564 1191 1602 1226 e!
1636 1183 1799 1231 ieiunii,

168 1262 356 1320 singulos
390 1260 612 1304 universae
645 1258 860 1304 Ecclesiae
893 1271 1143 1310 eovmnwzes,
1176 1255 1430 1299 constituere
1464 1268 1542 1297 non
1563 1257 1800 1307 existentes,

173 1331 411 1391 transferre
447 1323 633 1388 vigentes
659 1332 697 1372 vi
723 1342 927 1378 canonum
953 1330 1232 1386 sequentium,
1255 1326 1519 1382 anticipando
1547 1325 1608 1368 rel
1645 1329 1802 1381 postpo-

174 1405 310 1449 nendo
342 1417 411 1447 eos
444 1405 517 1446 etsi
553 1403 602 1445 ad
639 1407 819 1458 tempus,
851 1400 1104 1456 eosdemque
1138 1397 1318 1452 abolere,
1352 1399 1544 1455 quamvis
1569 1410 1640 1453 pro
1664 1395 1800 1452 aliqua

174 1478 359 1533 regione,
394 1474 519 1517 unius
552 1478 613 1516 esl
646 1485 867 1530 supremae
909 1469 1220 1513 ecclesiastieae
1259 1467 1545 1520 (tucior-itatis,
1591 1480 1696 1524 quae
1731 1479 1803 1522 per

114 1591 117 1593 ,
172 1548 213 1591 S.
246 1546 621 1603 Congregationem
657 1543 828 1588 Concilii
864 1545 986 1586 etiam
1023 1546 1154 1598 potest
1188 1542 1388 1583 exerceri.

293 1618 321 1676 ξ
345 1617 382 1662 2.
411 1615 638 1660 Ordinari'z’
671 1615 857 1658 locorum
880 1613 1032 1670 singuli
1065 1611 1303 1670 peculiares
1326 1610 1415 1653 sicis
1438 1608 1704 1657 dioecesibus,
1729 1607 1805 1651 sub

175 1702 353 1748 quarum
393 1704 413 1729 «
436 1689 603 1731 nomine
630 1689 802 1730 veniunt
823 1698 990 1743 quoque
1008 1680 1211 1727 Abbatiae
1232 1681 1294 1725 vel
1323 1681 1582 1724 l'raelaturae
1608 1679 1758 1723 nullius
1781 1695 1800 1719 ))

177 1761 288 1820 (can.
315 1760 412 1812 215,
443 1759 472 1818 ἓ
496 1758 554 1815 ⁶2),
591 1772 664 1801 sea
699 1757 815 1812 loeis,
852 1755 1046 1814 (verbum
1082 1755 1268 1798 additum
1306 1757 1472 1810 propter
1507 1751 1737 1795 Vicariatus
1769 1755 1806 1793 et

180 1832 465 1876 Praefecturas
508 1828 785 1886 Apostolicas)
818 1828 860 1885 a)
893 1827 983 1870 dies
1015 1826 1159 1884 festos,
1196 1824 1237 1881 b)
1271 1829 1344 1866 aid
1387 1823 1475 1866 dies
1514 1821 1806 1875 abstinentiae,

178 1903 219 1961 c)
254 1908 293 1946 et
324 1901 477 1946 ieiunii
509 1902 596 1945 dies
627 1905 819 1958 possunt,
853 1899 1007 1942 nullius
1052 1899 1248 1955 requisito
1282 1895 1453 1939 consilio
1490 1894 1551 1937 vel
1592 1906 1807 1944 consensu,

177 1987 256 2033 per
289 1972 453 2017 m‘odum
488 1977 650 2015 tantam
684 1977 817 2022 (zelas,
855 1984 891 2012 v.
912 1984 973 2027 gr.
1008 1971 1225 2012 occasione
1257 1967 1432 2010 alicuius
1465 1966 1689 2009 centenarii
1721 1965 1808 2007 sesti

184 2045 360 2100 Patroni,
395 2044 715 2088 canonizationis
750 2041 1037 2099 praecellentis
1070 2042 1187 2091 civis,
1210 2041 1352 2095 gravis
1384 2037 1608 2080 admodum
1635 2037 1809 2078 necessi-

182 2118 290 2171 tatis,
323 2129 403 2159 non
437 2114 641 2159 stabiliter
664 2116 702 2157 in
729 2114 867 2170 plures
900 2126 1029 2156 annos
1063 2111 1257 2155 colendas
1290 2110 1534 2152 festivitates
1577 2120 1623 2149 ac
1659 2107 1809 2149 ieiunia

184 2199 263 2230 non
298 2186 508 2243 periodice
541 2185 747 2229 servanda
784 2184 984 2227 imlieere.

306 2258 403 2300 106.
439 2258 511 2303 De
534 2258 856 2314 dispensandi
879 2256 1133 2301 facultate.
1161 2251 1265 2295 Caii.
1299 2252 1430 2293 1945.
1455 2252 1479 2301 ξ
1508 2251 1539 2290 l.
1564 2247 1654 2292 Non
1681 2246 1811 2289 solum

183 2330 224 2385 a)
260 2327 487 2372 Ordinarii
519 2328 704 2371 locorum
738 2340 882 2370 omnes
916 2331 958 2369 ut
992 2327 1030 2368 in
1063 2324 1091 2383 ἓ
1124 2327 1162 2378 ’1,
1199 2322 1241 2379 b)
1275 2321 1348 2365 secl
1390 2320 1517 2363 eliam
1555 2317 1733 2377 parochi
1776 2321 1812 2360 et

185 2401 257 2457 qui
284 2414 304 2440 (ι
331 2398 607 2456 parochorum
644 2399 810 2441 nomine
837 2399 875 2440 in
902 2399 990 2440 iure
1015 2397 1188 2439 veniunt
1211 2410 1230 2434 J)
1271 2393 1378 2450 (can.
1414 2391 1512 2444 451,
1545 2391 1573 2448 ξ
1608 2390 1659 2437 2
1687 2389 1726 2430 in
1753 2402 1817 2430 ea-

185 2468 300 2513 sibas
332 2468 373 2526 a)
407 2468 698 2526 sinyularibus
735 2481 815 2526 qua
851 2467 1015 2521 talibus,
1051 2468 1124 2509 etsi
1146 2469 1397 2521 repetantur,
1427 2476 1463 2503 r.
1488 2475 1548 2518 gr.
1574 2461 1623 2503 ad
1649 2458 1815 2516 aliquod

189 2546 352 2597 tempus
402 2541 586 2583 fortassis
635 2541 760 2582 totius
807 2539 1167 2596 quadragesimae,
1203 2534 1244 2591 b)
1280 2535 1473 2591 iustaque
1504 2531 1554 2575 (le
1586 2544 1713 2574 eausa
1747 2542 1816 2572 seu

190 2613 500 2668 proportionata
535 2610 630 2667 legi,
660 2614 854 2668 possam,
889 2608 928 2666 c)
963 2607 1168 2651 subiectos
1201 2605 1281 2649 sibi
1314 2606 1362 2647 ad
1399 2616 1583 2647 normam
1625 2614 1713 2644 can.
1750 2599 1818 2644 94.

189 2683 236 2741 d)
268 2681 458 2739 sinyulos
491 2694 571 2739 qua
606 2680 708 2724 tales
741 2679 900 2737 fideles,
932 2677 1176 2736 siayiclasve
1207 2675 1415 2734 familias,
1449 2687 1526 2716 non
1563 2676 1718 2729 partem
1756 2683 1822 2726 pa-

193 2755 368 2809 roeciae,
403 2756 440 2806 e)
462 2751 590 2795 etiam
613 2756 735 2794 eoelra
763 2750 1025 2794 territorium
1051 2747 1323 2792 existentibus
1346 2746 1608 2801 dispensante
1632 2755 1679 2785 ac
1709 2753 1822 2798 prae-

314 2906 326 2928 ¹
352 2905 399 2939 28
423 2906 527 2950 Aug.
558 2905 660 2940 1794.
