1965 3240
165 104 235 137 210
543 104 626 139 Lm.
655 104 722 139 III.
750 124 761 131 ·
788 105 899 140 PARS
925 105 996 140 ΙΙΙ.
1023 126 1034 131 -
1062 106 1118 141 De
1143 107 1253 141 cultu
1278 108 1413 142 divino

166 223 385 276 crationes,
418 235 466 265 eo
498 222 607 280 quod
648 238 668 263 (c
693 221 843 266 Vicarii
876 226 917 266 et
950 223 1145 267 Praefecti
1180 224 1419 280 Apostolici,
1443 227 1511 282 qui
1546 225 1787 270 charactere

164 292 386 348 episcopali
421 298 577 347 carent,
612 297 779 349 possunt
819 292 913 350 (sub
956 293 1288 351 limitationibus)
1332 295 1497 350 calices,
1537 301 1705 353 patenas
1749 287 1791 340 et

164 362 308 406 altaria
343 363 547 419 portatilia
581 377 675 406 cum
718 367 848 407 sacris
891 364 991 407 oleis
1033 364 1084 408 al)
1126 364 1330 421 Episcopo
1373 365 1602 410 benedictis
1643 380 1788 411 conse-

164 446 282 476 crare
305 449 325 474 »
364 433 472 491 (can.
509 434 605 487 ⁶294,
638 434 666 492 ἓ
700 433 765 492 2),
801 447 907 492 quae
940 448 1112 478 munera
1146 435 1384 480 tribuuntur
1424 436 1518 494 (sub
1551 438 1706 481 eisdem
1742 438 1787 480 li-

164 504 465 561 mitationibus)
500 503 650 548 Abbati
692 504 755 548 vel
798 505 982 548 Praelato
1026 505 1191 560 nullius,
1226 506 1451 550 dummodo
1490 523 1510 548 (c
1536 507 1788 552 benedictio-

164 587 272 628 nem,
305 577 338 618 si
370 587 460 618 eam
497 577 683 631 recipere
715 575 851 629 debet,
886 578 1127 632 receperit»
1158 576 1264 632 (can.
1301 577 1400 632 323,
1433 580 1457 631 g
1491 578 1547 635 2).
1581 579 1786 632 Secundo,

163 644 256 688 illae
289 647 553 688 continentur
587 648 625 688 in
660 660 767 700 can,
786 648 917 691 1304.
952 644 1122 691 Ordinis
1164 648 1458 703 presbyteralis
1501 653 1639 692 actum
1674 651 1786 692 iuxta

163 728 252 759 can.
290 716 416 770 1147,
448 716 504 775 §g
538 717 576 770 2,
612 716 652 770 3,
688 717 903 760 videlicet:
952 716 1289 761 Benede'ctionem
1321 721 1631 763 constitutivam
1666 719 1786 763 illius

163 800 312 829 sacrae
333 786 622 844 supellectilis,
647 801 817 843 nempe:
851 788 1171 831 sacerdotalium
1198 789 1535 832 indumentorum
1560 792 1598 833 111
1618 804 1785 847 genere,

165 871 407 914 mapparum
451 861 540 902 sive
584 858 869 902 linteaminum
910 858 1065 914 altaris,
1098 859 1390 915 corporalium,
1426 859 1681 904 tabernaculi
1713 875 1785 904 seu

164 928 318 972 vasculi
353 942 425 985 pro
458 934 720 972 sacrosancta
754 929 1010 973 Eucliaristia
1045 930 1346 984 conservanda,
1371 944 1478 987 qaae
1510 930 1564 974 ad
1596 945 1786 974 normam

163 999 298 1057 leqam
332 999 631 1057 lilarqicarwn
664 1014 712 1043 ex
748 1000 926 1043 diversis
957 1000 995 1043 S.
1019 1000 1064 1044 R.
1090 999 1132 1045 C.
1167 1001 1346 1044 decretis
1368 1001 1555 1044 benedici
1576 1001 1692 1045 (lebet
1715 1017 1786 1045 an-

163 1075 325 1128 tequam
361 1070 416 1113 ad
449 1084 568 1113 asam
601 1070 680 1113 sibi
712 1070 790 1114 hoc
823 1076 901 1114 est:
939 1073 1163 1129 unicuique
1192 1071 1414 1129 proprium
1448 1072 1558 1116 licite
1587 1072 1784 1116 adhibea-

163 1147 244 1191 tur,
278 1146 402 1199 atque
441 1157 461 1182 c(
485 1141 542 1184 illi
575 1142 649 1185 soli
686 1141 776 1185 libri
811 1141 1035 1185 adhibendi
1069 1147 1108 1185 ct
1144 1142 1235 1186 illae
1269 1147 1427 1185 tantum
1463 1142 1785 1196 benedictiones,

162 1225 267 1269 quae
311 1212 461 1256 Rituali
504 1212 620 1256 Rom.
656 1219 751 1256 sunt
790 1215 1063 1256 conformes»
1104 1216 1216 1272 iuxta
1250 1227 1357 1270 resp.
1391 1214 1441 1257 ad
1477 1214 1500 1256 4
1535 1215 1572 1257 S.
1607 1213 1652 1257 R.
1687 1213 1728 1258 C.
1755 1215 1784 1265 ²,

161 1283 380 1341 impertire
421 1289 596 1340 possem!
640 1284 772 1327 licite:
816 1310 869 1315 —
911 1285 950 1326 1⁰
986 1287 1022 1327 S.
1060 1283 1105 1326 B.
1140 1283 1189 1327 E.
1228 1283 1479 1327 Cardi'aales
1512 1290 1550 1327 el
1583 1284 1784 1343 Episcopi

160 1368 313 1408 omnes,
336 1368 407 1397 seu
432 1353 635 1398 Titulares
668 1368 846 1411 quoque,
871 1359 909 1397 et
932 1354 1088 1412 absque
1113 1354 1378 1403 limitatione;
1414 1381 1466 1385 ——
1499 1353 1548 1398 2⁰
1582 1354 1784 1398 Locorum

165 1424 405 1479 Ordtizarii,
439 1423 685 1468 charactere
717 1425 948 1483 episcopali
981 1431 1184 1479 carentes,
1223 1426 1292 1469 sed
1338 1425 1378 1469 111
1421 1430 1579 1469 tantum
1611 1439 1689 1484 pro
1722 1440 1782 1469 ec-

159 1495 299 1539 clesiis
333 1501 371 1538 et
404 1496 608 1539 oratoriis
631 1495 885 1553 quibuslibet
906 1496 1075 1554 proprii
1099 1497 1324 1549 territorii,
1347 1497 1527 1540 scilicet:
1556 1497 1783 1540 dummodo

159 1579 275 1610 sacra
308 1566 493 1623 supellex
529 1568 580 1609 sit
615 1580 686 1622 pro
722 1566 802 1609 illis
835 1567 1054 1621 destinata,
1086 1569 1204 1610 cuius
1236 1571 1372 1610 tamen
1408 1566 1640 1610 benedictio
1675 1566 1782 1611 valet

159 1651 232 1694 pro
265 1637 449 1680 eiusdem
486 1651 560 1680 usu
596 1637 705 1680 licito
741 1636 924 1687 ubilibet,
958 1637 1152 1694 idemque
1186 1642 1404 1681 censeatur
1437 1640 1475 1680 in
1513 1638 1782 1696 sequentibus

158 1710 364 1761 numeris,
399 1734 456 1739 —-
487 1708 536 1751 3⁰
574 1707 786 1751 Paroclias
816 1722 894 1765 pro
927 1707 1113 1750 ecclesiis
1137 1708 1402 1751 moratoriis
1437 1711 1590 1764 pariter
1612 1708 1780 1765 quibus-

158 1792 338 1835 cumque
372 1779 415 1821 in
451 1778 669 1821 territorio
702 1792 804 1820 suae
831 1778 1059 1836 paroeciae
1088 1779 1240 1836 positis
1273 1781 1465 1836 quamvis
1498 1781 1712 1835 exemptis,
1734 1792 1781 1822 eo

158 1850 267 1908 quod
302 1863 379 1892 11011
416 1854 563 1906 agatur
586 1849 636 1892 (le
661 1849 956 1892 iurisdictionis
988 1852 1200 1901 exercitio,
1225 1854 1263 1891 et
1286 1855 1468 1892 rectores
1491 1849 1797 1899 ecclesiaram)

159 1923 324 1978 proprie
356 1934 428 1963 seu
462 1919 663 1976 ampliore
696 1933 818 1963 sensu
852 1925 975 1977 quam
1011 1922 1048 1962 in
1083 1932 1172 1963 can.
1208 1920 1304 1975 479,
1341 1925 1461 1976 prout
1504 1919 1642 1964 Codex
1677 1920 1780 1963 solet

158 1991 247 2034 illos
280 1991 511 2047 designare,
547 1990 585 2033 hi
624 2004 722 2033 vero
753 2004 831 2047 pro
865 1990 953 2033 sais
986 1991 1203 2033 dumtaxat
1235 1990 1444 2045 ecclesiis,
1470 2017 1523 2020 —
1551 1990 1599 2033 4⁰
1633 1990 1778 2034 Sacer-

157 2063 273 2106 dotes
297 2061 549 2119 (saeculares
585 2059 883 2118 velreligiosi)
918 2075 990 2117 pro
1027 2061 1237 2105 validitate
1269 2061 1569 2105 benedictionis
1602 2062 1650 2104 ad
1686 2075 1778 2104 nor-

160 2147 267 2177 mam
302 2146 391 2176 can.
431 2133 553 2184 1147,
585 2132 643 2190 ἐξ
676 2136 714 2186 3,
750 2132 787 2185 4,
833 2146 856 2174 a
891 2131 972 2175 loci
1009 2130 1241 2175 Ordinari‘o
1283 2131 1480 2189 deleqati,
1516 2145 1608 2175 nam
1649 2135 1778 2175 «sine

158 2204 233 2248 1130
267 2205 500 2247 necessaria
535 2203 711 2257 licentia,
748 2202 887 2246 illicita
928 2208 985 2246 est
1012 2218 1030 2243 ))
1071 2202 1178 2259 (can.
1215 2202 1342 2256 1147,
1375 2202 1402 2260 ξ
1436 2202 1492 2260 3),
1528 2203 1645 2245 intra
1677 2203 1778 2258 fines

156 2274 196 2331 a)
230 2273 509 2331 (leleqati'om's
531 2286 602 2316 seu
627 2275 930 2316 commissionis
953 2273 1003 2316 de
1028 2274 1132 2315 l'acto
1156 2285 1389 2326 concessae,
1408 2278 1447 2315 et
1466 2272 1777 2316 iurisdictionis

156 2344 404 2401 deleqantis,
437 2357 608 2400 nempe:
649 2357 763 2399 «pro
797 2342 984 2386 ecclesiis
1021 2347 1059 2386 et
1103 2345 1293 2386 oratoriis
1335 2345 1487 2400 proprii
1532 2346 1772 2386 territorii»

156 2416 213 2473 (n.
249 2415 323 2471 2⁰),
356 2417 515 2458 etiamsi
540 2414 766 2471 Episcopus
798 2416 849 2456 sit
883 2416 967 2469 ipse
1001 2413 1208 2469 delegans
1236 2440 1288 2444 —
1313 2413 1474 2457 Etenim
1507 2427 1600 2457 011111
1635 2426 1777 2457 sacrae

154 2486 420 2542 supellectilis
444 2485 751 2528 benedictiones
774 2487 853 2527 sint
876 2484 1079 2540 Episcopo
1102 2498 1171 2527 seu
1199 2484 1274 2527 loci
1295 2481 1517 2528 Ordinario
1540 2489 1776 2527 reservatae

154 2560 191 2599 in
226 2557 307 2600 Ru:
339 2556 470 2611 Rom„
508 2558 545 2597 vi
582 2555 703 2598 liuius
737 2557 905 2598 canonis
938 2554 1040 2598 haec
1076 2557 1302 2598 reservatio
1328 2568 1405 2597 non
1430 2554 1690 2598 solummodo
1714 2560 1774 2597 est

154 2627 274 2670 valde
309 2629 523 2669 imminuta
560 2628 671 2668 iuxta
705 2626 892 2668 diversos
925 2627 1094 2668 canonis
1126 2638 1340 2679 numeros,
1376 2625 1446 2668 sed
1475 2627 1511 2667 vi
1548 2627 1774 2681 praesentis

152 2699 312 2740 numeri
348 2696 574 2752 abrogatur
618 2696 745 2739 Dec.m
778 2696 816 2738 S.
851 2695 895 2739 R.
930 2694 972 2739 C.
1018 2698 1055 2738 in
1096 2695 1360 2739 Lemovicen.
1386 2694 1423 2738 2;
1463 2711 1483 2735 ((
1511 2695 1613 2738 Dub.
1648 2695 1675 2737 1.
1710 2695 1771 2738 An

270 2849 279 2869 1
308 2847 328 2881 7
357 2848 448 2891 Apr.
482 2847 584 2886 1832,
614 2858 653 2880 n.
682 2847 787 2880 2689.
817 2866 859 2871 —·
887 2847 900 2868 '3
926 2847 947 2879 ‘2
975 2847 1065 2890 Apr.
1098 2846 1201 2889 1875,
1229 2858 1264 2882 n.
1293 2847 1397 2881 3343.
