1965 3240
574 151 659 186 ΤΙΤ.
687 150 839 186 XXIX.
868 171 881 177 -
907 151 964 187 De
990 153 1252 187 contractibus

101 274 232 306 rectore
258 279 317 304 seu
346 268 529 315 Superiore
555 269 732 315 repudiari
757 269 880 315 nequit

100 317 178 353 sine
198 316 339 352 licentia
364 314 558 352 Ordinarii.

148 368 168 407 ς
194 363 227 398 3.
257 363 450 409 Repudiata
475 364 655 409 illegitime
675 363 876 405 donatione,

101 411 144 447 ob
170 411 301 446 damna
327 422 416 455 quae
444 411 525 446 inde
559 411 765 446 obvenerint
789 410 879 446 actio

100 459 203 494 datur
228 458 459 493 restitutionis
486 459 522 492 in
550 458 725 504 integrum
754 458 805 494 vel
825 457 878 492 in-

100 505 316 542 demnitatis.
614 517 616 519 v

76 588 78 591 ,
149 556 168 595 5
194 550 228 587 4.
259 551 405 587 Donatio
442 552 606 588 ecclesiae
646 553 733 587 facta
769 556 802 587 et
834 551 878 588 ab

100 600 221 635 eadem
256 599 410 643 legitime
440 604 632 646 acceptata,
663 599 879 645 propterin-

100 651 239 692 gratum
275 646 419 682 Praelati
457 648 507 682 vel
543 647 684 682 rectoris
717 647 878 682 animum

101 693 252 730 revocari
280 694 415 739 nequit.

148 740 234 777 CAN.
258 740 360 776 1537.
383 762 400 766 -
422 740 486 776 Res
513 751 630 776 sacrae
657 751 701 776 ne
727 751 878 777 commo-

100 789 228 825 dentur
260 788 303 823 ad
341 799 442 824 usum
476 788 535 834 qui
563 789 753 824 earundem
782 793 880 824 natu·

100 847 158 871 rae
184 840 366 882 repugnet.

148 882 232 918 CAN.
265 881 366 917 1538.
391 903 407 908 -
428 887 448 925 ξ
472 882 499 916 l.
529 881 564 917 Si
591 882 755 918 ecclesiae
771 883 875 924 bona,

101 930 257 976 legitima
283 930 537 966 interveniente
563 941 680 973 causa,
710 931 877 976 oppigno-

100 978 211 1014 randa
226 977 277 1013 vel
293 977 506 1025 hypothecae
534 978 675 1012 nominc
690 977 879 1022 obliganda

100 1024 184 1069 sint,
215 1025 265 1060 vel
292 1030 416 1069 agatur
452 1025 493 1060 de
531 1035 609 1059 aere
647 1025 763 1060 alieno
797 1036 878 1060 con·

100 1072 281 1113 trahendo,
319 1072 494 1117 legitimus
529 1070 704 1117 Superior,
740 1072 797 1118 qui
833 1072 877 1107 ad

100 1130 260 1155 normam
287 1130 365 1155 can.
398 1118 486 1154 1532
515 1119 691 1154 licentiam
718 1120 801 1155 dare
823 1120 878 1155 de-

100 1166 167 1208 bet,
196 1167 309 1211 exigat
336 1172 372 1202 ut
390 1171 494 1202 antea
511 1178 644 1208 omnes,
664 1178 812 1213 quorum
828 1167 878 1201 in-

99 1218 215 1255 terest,
255 1215 459 1255 audiantur,
500 1219 533 1250 et
570 1219 667 1250 curet
707 1220 753 1255 ut,
796 1225 875 1249 cum

326 1354 367 1358 ——
395 1332 609 1378 quibuslibet

1657 155 1727 190 543

954 269 1105 315 primum
1135 270 1206 306 fieri
1236 271 1372 317 poterit,
1400 282 1458 307 aes
1483 272 1637 308 alienum
1664 274 1732 310 sol-

953 321 1066 352 vatur.

1000 367 1019 406 5
1046 364 1078 399 ’2.
1106 363 1175 399 Hac
1202 364 1244 400 de
1269 376 1375 401 causa
1399 377 1540 402 annuae
1567 372 1660 403 ratae
1685 368 1731 403 ab

952 412 1071 446 codem
1115 410 1304 447 Ordinario
1348 413 1602 458 praefiniantur
1643 427 1732 460 quae

952 459 1208 503 exstinguendo
1234 459 1350 495 debito
1377 460 1446 495 sint
1473 461 1681 498 destinatae.

999 505 1084 541 CAN.
1120 505 1219 541 1539.
1248 527 1268 533 -
1295 511 1314 549 ἓ
1342 507 1369 542 1.
1396 507 1432 542 ln
1455 508 1652 544 venditione
1671 515 1730 545 aut

952 553 1208 599 permutatione
1227 565 1341 589 rerum
1362 566 1539 590 sacrarum
1561 556 1658 591 nulla
1678 568 1730 592 ra-

952 600 998 635 tio
1024 601 1296 635 consecrationis
1334 602 1385 637 vel
1414 602 1667 638 benedictionis
1694 605 1728 638 in

952 647 1051 693 pretii
1078 648 1322 683 aestimatione
1358 649 1537 685 habeatur.

998 698 1018 736 ξ
1044 694 1077 729 ’2.
1107 695 1417 731 Administratores
1445 702 1588 742 possunt
1615 698 1731 733 titulos

951 740 995 776 ad
1021 741 1264 788 latorem,quos
1292 748 1429 785 vocant,
1458 750 1673 780 commutare
1693 745 1729 780 in

950 789 1037 825 alios
1071 789 1188 824 titulos
1224 791 1336 835 magis
1369 796 1429 826 aut
1463 791 1586 826 saltem
1621 803 1732 838 aeque

951 841 1041 872 tutos
1055 848 1095 872 ac
1112 836 1304 882 frugiferos,
1318 838 1457 873 exclusa
1471 839 1625 884 qualibet
1640 850 1732 874 com*

951 884 1070 919 mercii
1099 885 1150 919 vel
1186 885 1432 929 negotiationis
1466 886 1592 931 specio,
1623 898 1662 921 ac
1689 888 1732 922 de

951 942 1123 966 consensu
1151 930 1345 976 Ordinarii‚
1366 933 1560 968 dioecesani
1582 934 1727 969 Consilii

949 978 1268 1014 administrationis
1281 980 1501 1026 aliorumque
1516 992 1663 1027 quorum
1683 982 1732 1016 in-

950 1026 1059 1061 tersit.

998 1073 1082 1108 (ΣΑΝ.
1116 1072 1218 1108 1540.
1247 1094 1268 1100 -
1295 1073 1389 1110 Bona
1414 1075 1580 1110 ecclesiae
1607 1076 1730 1111 immo-

951 1120 1034 1156 bilia
1055 1121 1203 1166 propriis
1221 1120 1567 1157 administratoribus
1592 1134 1730 1158 eorum-

951 1179 1017 1213 que
1051 1169 1248 1204 coniunctis
1282 1169 1317 1203 in
1348 1169 1458 1215 primo
1492 1175 1551 1205 aut
1577 1171 1731 1206 secundo

949 1216 1268 1261 consanguinitatis
1310 1217 1362 1252 vel
1400 1217 1582 1253 affinitatis
1619 1218 1728 1263 gradu

1524 1334 1609 1371 Can.
1640 1334 1730 1370 1529

1147 1477 1152 1482 .
1272 1451 1315 1455 —
1341 1441 1464 1466 omnes
1568 1445 1583 1463 »
1641 1429 1730 1465 1530

1076 1502 1079 1541 Ι
1103 1487 1232 1560 3115115-
1272 1546 1314 1550 —-
1334 1525 1447 1571 quoad
1465 1536 1538 1572 pre-

934 1591 968 1596 —
985 1582 1053 1606 ser·
1104 1574 1253 1607 tione—
1294 1572 1380 1607 tium
1569 1587 1584 1605 »
1640 1571 1725 1608 1531

98 1663 162 1698 Tit.
178 1662 299 1699 xxix.
941 1629 1063 1702 (1ξέ-
1274 1687 1312 1691 -
1341 1667 1453 1713 quoad
1478 1666 1540 1703 Su-

96 1709 144 1745 De
158 1715 294 1746 contra-
702 1732 744 1736 —
760 1712 896 1748 sollem-
1294 1714 1440 1760 perioris
1494 1715 1538 1749 li-

95 1756 210 1793 ctibus
264 1779 300 1782 ——
716 1758 843 1795 nitates
865 1781 907 1785 —
1073 1740 1077 1886 ί
1293 1762 1443 1797 centiam
1567 1775 1582 1794 »
1642 1761 1730 1797 1532

1085 1877 1122 1881 —
1151 1856 1187 1890 in
1214 1856 1319 1890 simili
1348 1861 1528 1892 contractu
1564 1871 1579 1889 n
1639 1855 1730 1891 1533

925 1971 968 1975 —
995 1961 1083 1996 qnae
1100 1951 1249 1986 omissae
1266 1951 1439 1987 actionem
1459 1962 1539 1987 cau-

510 2013 552 2019 —
587 2005 659 2029 non
947 2003 1028 2032 sant
1565 2013 1580 2031 »
1637 1997 1728 2034 1534

522 2041 672 2086 fungibi-

521 2088 607 2123 lium
639 2108 681 2115 —
698 2109 744 2142 —·
777 2089 885 2142 dona·
925 2110 971 2115 —-
995 2091 1107 2126 active
1133 2091 1371 2127 consideratae
1567 2106 1582 2124 »
1639 2090 1731 2127 1535

320 2191 490 2216 —rerum
722 2141 827 2172 uomS
920 2116 969 2209 1-
997 2190 1157 2231 receptae
1182 2196 1241 2221 seu
1268 2186 1481 2232 acquirendo
1568 2200 1583 2219 »
1640 2185 1731 2222 1536

325 2229 485 2264 ecclesia-

355 2275 456 2311 stica·
700 2299 744 2303 —
770 2278 805 2313 in
832 2279 1052 2315 commodato
1564 2295 1579 2313 1>
1638 2280 1728 2316 1537

333 2334 410 2358 rum
700 2393 741 2397 —
771 2383 830 2418 per
854 2373 1180 2419 oppignorationem
1208 2374 1261 2410 vel
1289 2374 1520 2421 hypothecam
1564 2389 1580 2408 »
1637 2373 1729 2410 1538

698 2488 740 2492 -
767 2478 845 2503 cum
875 2468 1130 2514 permutatione
1566 2484 1580 2502 »
1640 2468 1728 2504 1539

1077 2583 1119 2588 —
1150 2563 1253 2598 certis
1289 2563 1445 2609 personis
1481 2574 1537 2599 ex-

697 2629 739 2634 —
768 2609 802 2643 in
833 2608 942 2644 locato
959 2620 1038 2645 con·
1098 2610 1204 2646 clusis
1562 2624 1577 2643 2>
1636 2608 1725 2646 1540

720 2655 822 2691 ducto
1017 2677 1057 2682 —

1077 2724 1119 2729 -
1144 2714 1223 2738 cum
1239 2703 1534 2739 sollemnitatibus
1562 2717 1577 2736 ι)
1636 2701 1721 2738 1541

697 2817 741 2821 -
767 2807 828 2843 per
853 2797 1111 2845 emphyteusim
1563 2811 1576 2830 »
1635 2795 1724 2832 1542

507 2911 551 2915 —
578 2890 804 2936 fungibilium
1560 2906 1575 2925 »
1634 2890 1722 2927 1543
