1965 3240
103 127 175 161 282

106 244 216 290 logiae
228 244 343 279 studia
361 248 394 279 et
412 243 635 279 alumnorum
656 243 693 278 in
712 243 766 278 his
783 242 884 278 disci·
900 272 905 281 ,

105 292 211 338 plinis
230 291 485 326 institutionem
505 290 714 336 professores
738 290 883 326 omnino

105 342 315 385 pertractent
340 338 381 373 ad
410 337 567 383 Angelici
596 337 753 373 Doctoris
778 337 881 373 ratio-

104 397 196 427 nem,
237 385 432 420 doctrinam
474 389 508 421 et
550 384 733 431 principia,
774 395 882 430 eaque

102 438 222 469 sancte
253 437 408 468 teneant.

151 485 170 523 ἓ
205 479 237 513 3.
273 478 476 515 Curandum
520 484 557 514 ut
599 478 722 514 saltem
765 489 882 513 sacrae

104 526 315 573 Scripturae,
335 526 529 571 theologiae
546 525 774 571 dogmaticae,
791 525 883 561 theo-

105 575 214 619 logiae
236 574 377 609 moralis
394 579 427 609 et
446 573 610 609 historiae
629 573 883 608 ecclesiasticae

102 622 247 657 totidem
274 621 470 656 habeantur
494 620 648 656 distincti
678 619 848 665 magistri.

151 668 235 704 Cis.
275 668 376 703 1367.
422 689 438 693 -
479 668 609 704 Curent
647 666 804 714 Episcopi
845 672 882 702 ut

101 715 238 751 alumni
265 714 475 751 Seminarii:

200 763 235 798 10
254 762 410 808 Singulis
423 762 547 798 diebus
561 761 795 797 communiter
814 772 882 796 ma-

103 810 235 846 tutinas
253 814 286 845 et
303 810 473 846 serotinas
500 820 616 855 preces
641 809 799 849 recitent,
821 820 881 854 per

101 857 240 903 aliquod
261 862 399 903 tempus
419 856 561 892 mentali
580 856 726 891 orationi
748 860 882 898 vacent,

103 904 272 940 sacrificio
298 904 422 940 Missae
450 903 633 945 intersint;

197 952 233 986 ‘20
260 951 373 988 Semel
392 951 514 986 saltem
539 950 574 985 in
594 950 813 986 hebdomada
838 950 880 985 ad

101 1004 359 1034 sacramentum
388 998 624 1044 poenitentiae
656 998 823 1033 accedant
849 1002 882 1033 et

105 1047 314 1092 frequenter,
336 1057 405 1092 qua
431 1057 492 1092 par
517 1049 568 1080 est
596 1045 734 1091 pietate,
750 1044 880 1081 Eucha-

102 1093 221 1128 ristico
250 1104 338 1140 pane
365 1104 401 1128 se
426 1092 607 1133 reficiant3

196 1140 233 1174 30
261 1140 452 1175 Dominicis
466 1144 498 1175 et
516 1140 610 1175 iestis
625 1139 756 1179 diebus,
774 1139 881 1174 sacris

103 1187 286 1223 Missarum
322 1192 354 1223 et
388 1186 615 1233 x'esperarum
651 1186 881 1222 sollemnibus

101 1235 232 1276 adsint,
248 1235 347 1270 altari
377 1235 570 1270 inserviant
596 1245 781 1279 sacrasque
806 1245 881 1270 cae-

102 1283 278 1318 remonias
311 1287 505 1325 exerceant,
536 1281 736 1328 praesertim
766 1281 801 1315 in
828 1292 881 1316 ec-

100 1330 207 1365 clesia
233 1329 421 1365 cathedrali
442 1330 468 1363 si
491 1329 537 1364 id.
556 1328 683 1364 iudicio
711 1328 881 1374 Episcopi,

101 1377 178 1412 sine
191 1376 398 1422 disciplinae
413 1381 444 1412 et
459 1376 655 1411 studiorum
670 1376 881 1412 detrimento

105 1424 175 1459 fieri
205 1425 329 1470 possit3

196 1472 233 1506 40
260 1470 415 1516 Singulis
441 1470 545 1505 annis
574 1481 633 1516 per
658 1469 790 1516 aliquot
807 1470 881 1505 dies

102 1518 286 1554 continuos
327 1518 498 1554 exercitiis
540 1517 782 1563 spiritualibus
825 1528 881 1552 va-

101 1570 202 1606 cent3

197 1611 234 1647 5³
264 1612 377 1648 Semel
420 1612 542 1648 saltem
585 1612 620 1646 in
664 1611 882 1647 hebdomada

100 1659 218 1694 adsint
247 1659 467 1694 instructioni
494 1659 536 1694 de
562 1659 665 1694 rebus
691 1658 880 1704 spirituali-

102 1707 167 1742 bus
193 1718 282 1753 quae
310 1707 365 1752 pia
389 1706 628 1742 exhortatione
653 1706 846 1741 claudatur.

150 1753 234 1789 Cis.
274 1754 371 1789 1368.
401 1775 417 1779 -
446 1753 651 1799 Exemptum
687 1764 706 1788 a
740 1753 880 1788 iurisdi-

101 1801 215 1837 ctione
243 1801 424 1847 paroeciali
453 1800 689 1836 Seminarium
721 1805 812 1844 cst03
848 1805 881 1836 et

104 1859 164 1894 pro
198 1848 363 1884 omnibus
397 1848 455 1894 qui
489 1848 525 1882 in
561 1846 757 1883 Seminario
783 1852 878 1891 sunt,

366 126 450 161 Lu3.
478 126 548 160 III.
576 146 588 151 -
614 125 726 160 PARS
750 125 818 159 IV.
848 145 860 151 -
886 125 944 160 De
969 128 1197 170 magisterio
1221 126 1473 160 ecclesiastico

957 243 1096 289 parochi
1123 242 1287 284 officium,
1316 248 1458 289 excepta
1488 243 1633 279 materia
1659 254 1731 278 ma-

955 290 1146 325 trimoniali
1161 294 1194 325 et
1210 289 1309 325 firmo
1329 290 1538 337 praescripto
1556 301 1632 326 can.
1647 288 1728 331 891,

955 337 1055 373 obeat
1073 337 1260 373 Seminarii
1279 341 1389 372 rector
1405 338 1523 374 eiusve
1540 337 1729 382 delegatus,

957 385 1023 420 nisi
1065 385 1098 419 in
1139 384 1346 430 quibusdam
1387 383 1592 420 Seminariis
1631 385 1731 419 fuerit

954 432 1055 468 aliter
1080 443 1101 467 a
1127 431 1214 466 Sede
1240 432 1437 477 Apostolica
1462 433 1704 467 constitutum.

1002 478 1086 514 CAN.
1123 477 1222 513 1369.
1253 499 1270 504 —
1299 482 1318 521 ς)
1347 478 1376 513 1.
1407 478 1594 515 Seminarii
1622 483 1733 514 rector

945 531 988 572 >et
1023 525 1082 561 alii
1121 536 1244 561 omnes
1286 526 1518 562 moderatores
1555 526 1620 561 sub
1658 525 1732 561 eius

953 573 1157 609 auctoritate
1181 578 1304 608 curent
1322 578 1359 608 ut
1375 573 1509 608 alumni
1536 578 1664 608 statuta
1689 572 1732 607 ab

956 620 1122 666 Episcopo
1157 620 1300 666 probata
1333 621 1595 666 studiorumque
1630 620 1732 655 ratio-

957 678 1035 703 nem
1058 667 1275 703 adamussim
1294 672 1432 703 servent
1448 679 1489 703 ac
1507 668 1631 714 spiritu
1655 678 1732 704 vere

954 715 1187 750 ecclesiastico
1217 714 1433 750 imbuantur.

1002 766 1034 804 ξ.
1063 761 1095 797 ⁶2.
1122 760 1268 807 Saepius
1285 762 1334 797 eis
1354 773 1452 797 verae
1470 766 1503 797 et
1521 761 1732 797 christianae

955 809 1165 845 urbanitatis
1192 809 1281 853 leges
1306 810 1458 849 tradant,
1476 820 1601 854 eosque
1619 819 1732 844 exem-

956 856 1011 902 plo
1029 867 1090 891 suo
1107 857 1150 891 ad
1169 856 1247 891 illas
1272 856 1435 892 colendas
1459 857 1626 896 excitent;
1654 856 1730 890 hor-

955 909 1073 939 tentur
1089 908 1263 950 praeterea
1281 908 1317 938 ut
1337 908 1518 950 praecepta
1533 903 1732 950 hygienica‚

956 951 1103 987 vestium
1120 955 1153 986 et
1171 950 1323 997 corporis
1343 951 1552 986 munditiam
1572 955 1604 985 et
1622 961 1732 996 quan-

954 999 1034 1034 dam
1070 998 1106 1032 in
1138 998 1375 1033 conversando
1413 998 1613 1033 comitatem
1652 1008 1730 1032 cum

956 1045 1124 1081 modestia
1142 1050 1174 1079 et
1191 1045 1361 1090 gravitate
1390 1045 1625 1086 coniunctam,
1645 1044 1731 1090 iugi-

955 1097 1006 1129 ter
1031 1097 1181 1128 servent.
1208 1123 1210 1125 ,

1002 1144 1021 1182 ξ
1048 1140 1081 1174 3.
1112 1138 1238 1175 Sedulo
1263 1139 1409 1184 vigilent
1431 1144 1468 1174 ut
1488 1138 1642 1183 magistri
1671 1149 1732 1173 suo

956 1198 1100 1222 munere
1125 1187 1189 1222 rite
1217 1187 1423 1231 fungantur.

1003 1233 1087 1270 Cin.
1136 1233 1235 1269 1370.
1272 1255 1287 1259 -
1329 1233 1472 1278 Quoties
1512 1232 1646 1268 alumni
1689 1232 1732 1267 ob

955 1281 1147 1327 quamlibet
1184 1291 1322 1316 causam
1362 1286 1457 1316 extra
1495 1279 1730 1315 Seminarium

955 1334 1146 1410 gnorentuqr,
1176 1333 1331 1364 servetur
1364 1327 1614 1375 praescriptum
1651 1337 1729 1362 can.

979 1375 1035 1416 72,
1064 1379 1079 1420 ξ
1108 1385 1138 1410 z..
1713 1400 1715 1403 -

1003 1421 1086 1459 CAN.
1125 1422 1225 1458 1371.
1249 1444 1265 1447 -
1296 1422 1319 1457 Ε
1337 1421 1533 1457 Seminario
1551 1420 1731 1456 dimittan-

955 1475 1011 1505 tur
1045 1470 1190 1517 dyscoli,
1220 1470 1487 1514 incorrigibiles,
1513 1468 1680 1509 seditiosi,
1710 1467 1732 1502 ii

954 1518 1012 1564 qui
1041 1518 1083 1553 ob
1111 1528 1223 1553 mores
1248 1522 1353 1562 atque
1372 1516 1523 1552 indolem
1541 1516 1584 1551 ad
1603 1520 1730 1551 statum

954 1565 1225 1601 ecclesiasticum
1266 1564 1379 1600 idonei
1415 1575 1485 1599 non
1524 1563 1729 1603 videantur;

955 1613 1119 1658 itemque,
1137 1612 1249 1658 quiin
1269 1611 1394 1646 studiis
1411 1611 1495 1646 adeo
1515 1621 1637 1656 parum
1657 1620 1732 1656 pro-

955 1660 1074 1695 ficiant
1101 1664 1138 1695 ut
1164 1670 1241 1705 spes
1268 1670 1339 1694 non
1366 1658 1529 1703 affulgeat
1555 1668 1612 1692 eos
1638 1657 1730 1692 sufli-

954 1707 1103 1742 cientem
1146 1706 1340 1742 doctrinam
1383 1707 1454 1740 fore
1492 1709 1729 1743 assecuturos,

956 1755 1156 1799 praesertim
1187 1765 1264 1789 vero
1290 1753 1407 1788 statim
1430 1753 1655 1787 dimittantur
1673 1751 1731 1797 qui

956 1802 1040 1837 forte
1066 1806 1186 1836 contra
1213 1801 1322 1836 bonos
1341 1811 1452 1835 mores
1469 1804 1529 1835 aut
1550 1799 1651 1835 fidem
1679 1799 1731 1834 de-

954 1849 1133 1894 liquerint.

222 1942 318 1986 232.
354 1944 610 2000 Inscriptio
643 1944 806 1988 Tituli.
838 1942 956 1986 Nunc
988 1942 1314 1986 considerandus
1346 1946 1407 1985 est
1447 1939 1611 1984 Titulus
1637 1938 1736 1983 XXI

105 2016 326 2070 inscriptus
359 2012 409 2056 de
439 2012 706 2057 Seim'nariis.
745 2011 926 2057 Verbum
960 2013 1038 2057 hoc
1070 2027 1163 2057 curu
1191 2014 1346 2069 vigenti
1370 2025 1575 2056 canonum
1607 2012 1732 2067 signi-

103 2086 294 2129 ficatione
337 2083 558 2128 adhibetur
593 2086 630 2126 iu
670 2083 815 2128 Conc.⁰
863 2083 994 2129 Trid.⁰
1031 2084 1058 2139 ²,
1093 2084 1259 2142 quando
1307 2084 1482 2127 dicitur:
1537 2098 1557 2123 <f
1583 2086 1622 2125 ut
1655 2081 1733 2125 hoc

103 2155 322 2211 collegium
351 2154 422 2198 Dei
450 2157 730 2198 ministrorum
767 2160 1012 2212 perpetuum
1033 2157 1300 2198 seminarium
1325 2156 1376 2198 sit
1398 2170 1436 2198 )).
1462 2153 1587 2196 Prout
1609 2157 1732 2210 patet,

106 2225 417 2282 methaphorice
450 2227 652 2282 accipitur
685 2239 734 2268 ex
770 2225 1025 2282 agricultura
1060 2228 1098 2269 iu
1132 2238 1213 2283 qua
1241 2227 1299 2269 sic
1324 2229 1496 2268 vocatur
1527 2223 1731 2282 quaedam

105 2301 340 2339 tenerorum
366 2295 617 2352 vegetalium
645 2295 854 2352 plantati0,
878 2309 984 2353 quae
1007 2295 1183 2340 assiduis
1205 2297 1316 2339 curis
1339 2299 1561 2338 servantur
1582 2294 1632 2337 ad
1656 2293 1733 2336 hoc

106 2371 147 2409 ut
182 2371 320 2422 postea
355 2368 393 2409 iu
429 2366 595 2409 diversa
630 2366 718 2410 loca
751 2366 946 2410 translata
979 2366 1127 2423 uberes
1149 2367 1306 2409 fructus
1328 2366 1513 2408 afferant.
1537 2363 1734 2408 Similiter

105 2439 142 2479 in
178 2439 411 2480 seminariis
445 2439 617 2480 iuvenes
660 2439 820 2494 maguis
861 2439 973 2481 curis
1013 2437 1256 2491 educantur,
1301 2442 1339 2479 et
1377 2438 1436 2479 sic
1469 2439 1659 2479 crescunt
1692 2439 1734 2477 ut

107 2509 306 2550 virtutum
342 2508 464 2551 tlores
496 2520 544 2551 ac
577 2507 812 2564 spirituales
855 2509 1014 2552 fructus
1059 2509 1266 2564 proferant
1303 2506 1513 2550 Ecclesiae
1546 2508 1585 2548 in
1620 2507 1735 2548 mini-

103 2579 229 2620 sterio
261 2590 394 2622 sacro,

223 2647 453 2690 Seminaria
501 2652 617 2690 sunt:
672 2646 890 2703 «collegia
934 2649 973 2690 in
1016 2646 1167 2704 quibus
1216 2648 1332 2703 pueri
1375 2651 1413 2689 et
1451 2645 1734 2689 adolescentes

105 2723 319 2775 tamquam
354 2717 493 2761 clerici
528 2717 775 2772 saeculares,
809 2717 976 2761 aluntur
1008 2730 1056 2761 ac
1089 2717 1280 2773 religiose
1303 2716 1534 2759 educantur
1556 2720 1595 2758 et
1617 2715 1735 2758 disci-

220 2868 231 2889 1
260 2867 353 2912 Cap.
384 2867 427 2902 18
454 2879 549 2902 sess.
579 2867 730 2902 XXIII.
