1965 3240
164 108 233 142 482
306 107 389 141 L1ss.
415 106 487 140 III.
518 126 529 131 -
555 105 667 140 PARS
692 105 736 140 V.
763 125 777 131 -
803 106 862 141 De
888 105 1011 149 benef.
1040 109 1076 141 et
1101 108 1229 141 instit.
1256 107 1383 141 eccles.
1412 117 1491 141 non
1516 108 1647 153 colley.

771 314 1004 352 TITULUS
1034 313 1184 351 XXVI.

321 413 386 456 De
412 413 519 456 aliis
549 413 784 456 institutis
816 413 1137 457 ecelesiasticis
1169 424 1263 456 non
1294 407 1630 466 collegialibus.

210 550 294 590 Cis.
324 550 461 588 1489.-
480 557 499 596 ξ
532 553 559 588 1.
585 553 793 600 Hospitalia‚
821 554 943 600 orpha-

162 600 345 647 notrophia
370 600 508 646 aliaque
533 601 664 636 similia
699 601 872 643 instituta,
897 601 941 636 ad

161 658 266 692 opera
291 647 470 693 religionis
496 647 550 683 vel
568 648 725 684 caritatis
750 648 822 684 sive
841 648 941 695 spiri-

162 694 266 730 tualis
300 695 372 731 sive
404 695 606 741 temporalis
639 695 826 737 destinata,
865 706 942 742 pos-

163 747 245 777 sunt
270 741 314 777 ab
333 740 522 778 Ordinario
548 742 610 778 loci
631 743 717 788 erigi
735 747 769 778 et
792 754 851 788 per
868 743 942 778 eius

162 789 339 825 decretum
366 800 514 836 persona
540 790 687 825 iuridica
724 789 762 824 in
790 790 942 825 Ecclesia

163 836 344 872 constitui.

210 888 230 926 ξ
256 883 287 919 2.
316 884 391 919 Loci
420 882 629 920 Ordinarius
671 883 754 919 haec
779 883 941 919 instituta

163 941 208 966 ne
232 931 412 977 approbet,
441 931 508 966 nisi
530 930 856 967 finis'fundationis
874 931 940 966 uti-

163 977 206 1012 lis
232 989 352 1024 reapse
378 979 433 1020 sit,
459 983 492 1014 et
518 978 597 1014 talis
623 979 812 1014 constituta
838 978 941 1014 fuerit

163 1025 234 1067 dos
261 1036 361 1071 quae,
387 1025 552 1061 omnibus
578 1026 770 1071 perpensis,
793 1025 941 1061 sufficiat

163 1074 216 1108 vel
241 1073 416 1108 sufficiens
444 1074 515 1109 fore
533 1072 722 1119 prudenter
741 1073 939 1119 praevidea-

161 1125 218 1156 tur
242 1120 286 1155 ad
313 1120 412 1155 illum
439 1119 710 1166 assequendum.

209 1171 228 1209 ἐ
243 1168 276 1202 3.
290 1166 419 1203 Horum
436 1167 676 1202 institutorum
694 1167 940 1203 administrare

161 1214 253 1250 bona
279 1215 331 1250 sui
359 1215 526 1261 cuiusque
550 1215 695 1250 rectoris
721 1219 788 1257 est,
817 1226 939 1250 secun-

161 1262 244 1297 dum
272 1272 413 1298 normas
438 1262 579 1297 tabulae
611 1262 855 1300 fundationis,-
884 1262 939 1296 hic

161 1320 241 1344 vero
268 1309 389 1345 iisdem
417 1309 688 1354 obligationibus
714 1314 862 1351 tenetur,
881 1309 939 1343 iis-

160 1356 310 1402 demque
336 1356 472 1392 iuribus
509 1357 646 1398 fruitur,
672 1357 800 1402 quibus
830 1356 942 1392 admi-

162 1405 366 1439 nistratores
391 1404 540 1440 aliorum
579 1403 750 1440 bonorum
783 1403 941 1440 ecclesia-

161 1451 340 1488 eticorum.

208 1497 292 1534 CAN.
323 1496 426 1533 1490.
451 1519 467 1523 -
488 1502 507 1540 ξ
535 1497 567 1532 1.
596 1497 635 1532 ln
662 1498 791 1534 tabulis
817 1498 938 1533 funda-

159 1545 266 1581 tionis
294 1545 369 1591 pius
397 1546 560 1581 fundator
584 1550 744 1581 accurate
767 1545 939 1581 describat

159 1597 267 1628 totam
303 1592 451 1628 instituti
488 1592 786 1634 constitutionem,
816 1593 936 1634 finem,

159 1640 387 1682 dotationem,
416 1640 757 1676 administrationem
784 1645 817 1676 et
849 1640 936 1685 regi-

160 1698 253 1728 men,
280 1698 382 1722 usum
408 1687 585 1723 redituum
622 1693 655 1723 et
680 1687 937 1723 successionem

160 1734 197 1769 in
224 1735 328 1776 bona⁷
358 1745 440 1770 casu
478 1735 722 1770 exstinctionis
749 1735 858 1780 ipsius
885 1735 937 1769 in-

160 1782 286 1817 stituti.

207 1833 226 1871 §
245 1829 276 1863 2.
292 1828 498 1864 Huiusmodi
518 1829 657 1865 tabulae
674 1828 805 1875 duplici
823 1839 937 1864 exem-

162 1876 245 1921 plari
262 1875 499 1912 conficiendae
513 1881 609 1918 sunt,
625 1887 773 1922 quorum
787 1876 936 1912 alterum

160 1923 196 1958 in
222 1923 363 1959 archivo
382 1924 547 1965 instituti,
567 1923 717 1959 alterum
742 1923 778 1958 in
797 1923 937 1959 archivo

159 1969 284 2006 Curiae
311 1975 509 2015 reponatur.

207 2018 291 2053 cix.
325 2016 426 2052 1491.
458 2039 473 2043 -
504 2022 523 2060 ξ
557 2018 585 2053 1.
614 2017 690 2054 Loci
727 2016 937 2054 Ordinarius

1015 553 1135 588 omnia
1169 552 1369 587 huiusmodi
1407 553 1581 595 instituta,
1612 554 1718 590 etiam
1754 555 1790 589 in

1016 610 1201 646 personam
1240 599 1408 635 moralem
1446 606 1559 636 erecta
1595 606 1628 637 et
1668 602 1792 649 quovis

1015 647 1117 682 modo
1133 651 1307 693 exempta,
1329 647 1467 682 visitare
1494 653 1602 694 potest
1619 653 1653 684 et
1677 649 1792 685 debet.

1061 698 1080 736 ἓ
1107 694 1140 729 2.
1162 694 1233 729 imo
1251 694 1330 729 licet
1356 694 1391 728 in
1413 705 1599 740 personam
1625 696 1791 732 moralem

1014 752 1086 777 non
1124 741 1196 775 sint
1235 745 1347 777 erecta
1384 745 1417 776 et
1450 742 1570 777 domui
1609 743 1791 789 religiosae

1014 788 1222 828 concredita,
1249 788 1277 822 si
1306 788 1446 834 quidem
1473 794 1596 834 agatur
1621 791 1663 826 de
1688 791 1791 827 domo

1014 836 1174 881 religiosa
1201 835 1287 871 iuris
1321 836 1531 878 dioecesani,
1558 837 1789 874 iurisdictioni

1014 881 1192 918 Ordinarii
1223 883 1284 918 loci
1305 883 1444 929 penitus
1461 884 1679 928 subduntur;
1702 885 1729 920 si
1749 886 1791 921 de

1013 931 1115 966 domo
1140 931 1301 974 religiosa
1327 930 1413 965 iuris
1448 931 1630 977 pontificii,
1658 933 1789 979 episco-

1015 978 1082 1024 pali
1110 977 1313 1022 vigilantiae
1348 977 1497 1014 subsunt
1533 979 1625 1025 quod
1658 984 1790 1026 spectat

1012 1025 1055 1060 ad
1098 1024 1276 1070 religionis
1319 1026 1530 1070 magisteria,
1572 1027 1789 1063 honestatem

1014 1083 1161 1114 morum,
1195 1072 1459 1108 exercitationes
1496 1073 1647 1119 pietatiS‚
1681 1085 1791 1111 sacro-

1012 1131 1090 1155 rum
1117 1119 1469 1157 administrationem.

1060 1166 1144 1202 CAN.
1166 1165 1266 1202 1492.
1281 1187 1302 1193 -
1317 1171 1336 1209 ἓ
1358 1167 1388 1202 l.
1410 1167 1552 1203 Etiamsi
1574 1168 1788 1210 fundatione,

1015 1215 1287 1260 praescriptione
1312 1219 1372 1250 aut
1396 1214 1576 1261 privilegio
1601 1215 1788 1261 apostolico

1013 1261 1109 1308 pium
1138 1261 1337 1298 institutum
1374 1273 1396 1297 a
1422 1262 1661 1298 iurisdictione
1685 1268 1718 1299 et
1745 1263 1789 1297 vi-

1012 1309 1175 1344 sitatione
1201 1307 1379 1346 Ordinarii
1407 1309 1469 1345 loci
1495 1315 1694 1356 exemptum
1723 1310 1790 1346 fue·

1012 1356 1068 1397 rit,
1098 1356 1151 1391 ius
1177 1361 1294 1392 tamen
1331 1355 1519 1393 Ordinario
1545 1361 1595 1392 est
1629 1357 1789 1393 redditio-

1013 1414 1091 1439 nem
1120 1404 1296 1439 rationum
1317 1404 1491 1449 exigend1‚
1512 1404 1694 1450 reprobata
1712 1415 1790 1440 con-

1011 1451 1118 1486 traria
1144 1452 1408 1487 consuetudine.

1059 1502 1078 1540 ξ
1097 1498 1131 1532 2.
1153 1497 1188 1533 Si
1209 1499 1372 1534 fundator
1389 1499 1471 1534 velit
1488 1498 1789 1534 administratores

1012 1556 1082 1581 non
1107 1546 1216 1581 teneri
1236 1547 1408 1582 rationem
1428 1544 1616 1582 Ordinar10
1634 1546 1697 1581 loci
1716 1546 1789 1581 red-

1011 1593 1106 1635 dere,
1133 1593 1291 1629 fundatio
1317 1604 1361 1629 ne
1385 1597 1596 1639 acceptetur.

1059 1639 1141 1676 CAN.
1172 1639 1276 1675 1493.
1307 1662 1324 1667 -
1352 1639 1563 1676 Ordinarius
1590 1640 1653 1676 loci
1691 1640 1786 1675 advi-

1010 1687 1094 1732 gilet
1132 1692 1169 1722 ut
1208 1688 1284 1733 piae
1324 1687 1478 1723 fidelium
1517 1688 1724 1725 voluntates.
1752 1687 1785 1722 in

1011 1735 1135 1770 horum
1162 1735 1401 1770 institutorum
1421 1735 1625 1770 fundatione
1651 1745 1786 1781 expres—

1010 1793 1080 1823 sae,
1110 1781 1210 1827 plene
1236 1787 1430 1819 serventur.

1058 1827 1141 1864 CAN.
1173 1828 1273 1864 1494.
1297 1850 1314 1855 -
1335 1828 1418 1865 Sine
1446 1829 1545 1864 venia
1571 1829 1671 1864 Sedis
1696 1829 1786 1875 Apo-

1010 1876 1150 1912 stolicae
1176 1876 1260 1912 haec
1287 1877 1448 1912 instituta
1473 1876 1657 1923 supprimi.
1680 1876 1787 1918 uniri,

1011 1923 1062 1958 vel
1090 1923 1124 1958 in
1150 1935 1233 1959 usus
1269 1935 1290 1959 a
1317 1923 1523 1959 fundatione
1547 1923 1680 1959 alienos
1705 1934 1785 1959 con-

1010 1971 1094 2006 verti
1121 1976 1315 2016 nequeunt,
1344 1971 1411 2006 nisi
1447 1970 1484 2005 in
1510 1970 1639 2007 tabulis
1666 1971 1789 2006 funda-

1010 2017 1116 2053 tionis
1142 2018 1236 2053 aliud
1263 2022 1437 2054 caveatur.

277 2125 374 2169 397.
411 2128 665 2183 Inscriptio
706 2127 832 2172 tituli
875 2127 1097 2182 ordoque
1140 2140 1396 2172 canonum.
1430 2124 1701 2168 Pervenimus
1733 2125 1784 2169 ad

158 2199 411 2251 postremum
457 2195 581 2239 huius·
622 2196 752 2239 Partis
790 2194 973 2238 Titulum
1008 2193 1157 2239 XXVI.
1194 2195 1290 2239 Eius
1330 2197 1542 2251 inscriptio
1585 2197 1788 2252 incipiens

163 2264 217 2309 De
238 2265 339 2308 aliis
365 2266 574 2322 subaudit,
593 2266 660 2310 hic
693 2268 758 2322 agi
794 2279 872 2309 non
907 2265 1027 2309 aliter
1060 2279 1107 2310 ac
1142 2268 1181 2309 in
1217 2266 1481 2323 praecedenti
1515 2266 1566 2309 de
1599 2268 1787 2323 personis

158 2336 396 2391 moralibus,
433 2342 552 2393 prout
596 2341 709 2381 certo
751 2341 846 2380 sunt
880 2336 1172 2380 «beneficia»
1211 2337 1319 2394 (ean.
1355 2336 1443 2394 99),
1482 2341 1786 2395 proptereaque

156 2409 195 2456 in
230 2408 338 2454 idem
384 2408 570 2452 recidere
612 2408 663 2451 de
705 2407 916 2451 institutis
960 2407 1273 2462 ecelesiasticis,
1305 2420 1412 2466 quae
1453 2409 1715 2451 existentiam
1747 2412 1787 2451 et

157 2477 323 2520 modum
359 2478 409 2522 ab
444 2478 628 2522 Ecclesia
665 2480 908 2532 sortiuntur,
942 2492 1021 2521 nou
1056 2477 1361 2535 collegialibus,
1393 2481 1489 2536 quia
1523 2483 1566 2522 ut
1598 2480 1782 2522 instituta

156 2551 341 2604 personis
374 2549 556 2605 physicis
578 2553 733 2595 carent.
758 2547 843 2592 Sub
865 2548 943 2592 hoc
976 2548 1108 2603 titulo,
1132 2551 1243 2593 notio
1269 2549 1390 2593 datur
1422 2562 1567 2593 eorum
1590 2548 1711 2592 simul
1735 2561 1784 2593 ac

155 2631 338 2674 normae,
363 2619 514 2677 quibus
535 2620 769 2674 servandis,
793 2621 869 2663 rite
892 2622 1208 2675 constituantur,
1232 2620 1453 2664 edicuntur
1477 2622 1517 2663 in
1541 2632 1632 2664 can.
1658 2619 1786 2674 1489,

157 2689 281 2743 1490,
306 2692 393 2734 iura
419 2695 458 2734 et
480 2691 615 2734 officia
637 2688 957 2735 Ordinariorum
981 2703 1079 2747 erga
1105 2693 1191 2747 ipsa
1215 2693 1292 2735 rite
1315 2691 1481 2735 condita
1511 2692 1783 2734 inveniuntur

155 2762 192 2802 in
227 2772 317 2804 can.
355 2761 480 2816 1491,
517 2761 643 2816 1492,
676 2761 776 2804 dum
809 2772 898 2805 can.
934 2760 1046 2804 1493
1082 2761 1264 2819 loquitur
1307 2761 1358 2805 (le
1402 2760 1700 2805 mutationibus
1733 2772 1782 2804 ac

154 2832 234 2873 fine
268 2830 414 2874 borum
450 2834 746 2875 institutorum.
