1965 3240
549 174 634 209 Trr.
662 173 792 208 XXX.
819 193 830 199 ·
858 174 915 209 De
934 176 1018 219 piis
1043 174 1349 217 fundationibus

1693 174 1763 210 575

759 365 991 404 TITULUS
1024 366 1155 404 XXX.

661 459 726 502 De
758 459 848 514 piis
877 458 1251 502 fundationibus.

187 587 270 625 Cm.
304 585 404 625 1544.
433 608 449 612 -
478 591 497 630 ξ
527 587 557 622 1.
598 586 745 622 Nomine
781 587 914 632 piarum

138 635 383 672 fundationum
424 634 670 680 significantur
709 634 800 669 bona
829 638 915 669 tem-

137 683 270 730 poralia
294 682 397 718 alicui
420 692 587 728 personae
606 681 727 716 morali
750 682 783 715 in
806 680 915 716 Eccle-

137 731 188 766 sia
214 740 352 776 quoquo
379 730 479 764 modo
513 729 606 769 data,
642 740 720 763 cum
749 739 853 764 onere
878 728 914 763 in

137 782 341 824 perpetuum
378 777 429 812 vel
465 776 500 810 in
535 776 742 811 diuturnum
779 780 916 822 tempus

135 836 174 861 ex
202 825 372 860 reditibus
397 823 528 859 annuis
550 823 686 869 aliquas
713 822 836 858 Missas
862 833 914 858 ee-

136 872 307 912 lebrandi,
333 871 385 907 vel
411 871 498 906 alias
539 870 740 916 praefinitas
768 870 914 905 functio-

135 931 198 955 nes
235 919 491 955 ecclesiasticas
528 918 704 963 explendi,
742 922 802 953 aut
829 928 915 953 non-

137 967 236 1002 nulla
274 965 412 1013 pietatis
437 970 470 1001 et
495 965 650 1000 caritatis
684 976 787 1011 opera
820 975 913 1011 pera-

137 1014 255 1060 gendi.

184 1064 202 1108 §
228 1061 262 1096 2.
283 1059 466 1100 Fundatio‚
490 1059 642 1104 legitime
660 1063 837 1105 acceptata
858 1070 915 1095 na-

137 1113 250 1144 turam
269 1108 384 1143 induit
402 1111 602 1142 contractus
620 1107 914 1153 synallagmatici:

137 1156 177 1191 do
205 1162 238 1190 ιιι
264 1155 388 1202 facias.

183 1202 268 1239 CAN.
303 1200 402 1237 1545.
428 1222 444 1226 -
475 1200 550 1236 Loci
571 1200 751 1236 Ordinarii
770 1205 821 1236 est
839 1212 916 1236 nor-

137 1262 212 1285 mas
252 1248 487 1296 praescribere
523 1249 565 1283 de
603 1248 693 1283 dotis
720 1249 914 1294 quantitate

135 1298 228 1333 infra
263 1308 368 1343 quam
406 1296 462 1342 pia
497 1295 656 1331 fundatio
688 1296 825 1331 admitti
855 1307 913 1332 ne-

133 1349 238 1392 queat
264 1349 296 1380 et
323 1345 365 1380 de
400 1344 474 1379 eius
511 1343 681 1378 fructibus
707 1344 771 1378 rite
797 1343 913 1378 distri-

136 1392 297 1428 buendis.

181 1439 268 1475 CAN.
301 1436 401 1474 1546.
434 1459 448 1463 -
472 1441 490 1480 ξ
513 1437 542 1471 l.
563 1436 604 1473 Ut
620 1437 817 1472 huiusmodi
836 1438 912 1472 fun-

134 1487 292 1522 dationes
329 1497 351 1521 a
390 1496 536 1531 persona
576 1485 696 1520 morali
740 1485 910 1530 acceptari

135 1536 282 1580 possint,
312 1533 501 1578 requiritur
527 1543 718 1567 consensus
733 1531 911 1567 Ordinarii

136 1582 212 1623 loci,
253 1581 289 1615 in
328 1580 467 1625 seriptis
505 1580 617 1620 datus,
656 1579 714 1625 qui
753 1591 833 1615 eum
870 1591 913 1615 ne

136 1628 306 1674 praebeat,
327 1632 517 1672 antequam
537 1626 689 1671 legitime
707 1628 913 1673 compererit

136 1686 323 1721 personam
344 1674 510 1709 moralem
526 1679 597 1708 tuni
621 1685 708 1709 novo
721 1674 817 1710 oneri
838 1686 912 1709 sus-

132 1723 306 1768 cipiendo,
342 1727 416 1757 tum
451 1721 609 1767 antiquis
640 1722 709 1757 iam
742 1722 912 1767 susceptis

133 1770 331 1805 satisfacere
352 1780 448 1816 posse
464 1781 472 1810 ;
500 1770 720 1815 maximeque
738 1774 856 1804 caveat
875 1774 911 1804 ut

133 1817 265 1852 reditus
302 1817 447 1856 omnino
485 1817 719 1862 respondeant
746 1816 911 1851 oneribus

131 1865 307 1900 adiunctis
332 1864 525 1900 secundum
552 1864 720 1909 cuiusque
745 1864 911 1899 dioecesis

132 1923 277 1948 morem.

181 1964 200 2001 ς
226 1959 259 1993 2.
282 1959 318 1994 ln
337 1959 589 2005 acceptatione,
607 1958 855 1993 constitutione
877 1964 910 1994 et

132 2006 437 2041 administratione
481 2006 699 2041 fundationis
744 2009 910 2051 patronus

132 2053 298 2089 ecclesiae
325 2053 462 2088 nullum
490 2054 543 2087 ius
568 2053 685 2088 habet.

179 2099 263 2136 CAN.
299 2098 396 2135 1547.
438 2121 455 2126 -
485 2099 636 2136 Pecunia
661 2104 694 2135 et
720 2098 811 2134 bona
838 2111 909 2135 mo-

130 2147 228 2189 bilia,
257 2148 446 2183 dotationis
473 2148 617 2183 nomine
634 2147 825 2191 assignata,
845 2153 911 2183 sta-

129 2195 194 2230 tim
223 2195 258 2230 in
286 2196 359 2230 loco
385 2199 471 2236 tuto,
499 2195 543 2230 ab
568 2195 687 2230 eodem
720 2193 909 2230 Ordinatio

129 2242 358 2288 designando,
384 2243 606 2288 deponantur
631 2242 673 2277 ad
701 2252 779 2276 eum
801 2241 907 2278 finem

131 2294 167 2324 ut
191 2291 311 2326 eadem
341 2289 487 2336 pecunia
516 2291 565 2325 vel
594 2290 766 2325 bonorum
804 2290 910 2325 mobi-

130 2335 216 2372 lium
243 2338 393 2384 pretium
419 2337 662 2372 custodiantur
679 2341 712 2373 et
730 2338 907 2384 quampri-

131 2394 226 2419 mum
260 2389 360 2420 caute
384 2389 418 2420 et
444 2385 575 2421 utiliter
609 2386 803 2421 secundum
833 2397 908 2431 pru-

129 2430 216 2466 dens
240 2432 395 2468 eiusdem
424 2430 604 2467 Ordinarii
624 2432 824 2474 arbitrium,
845 2444 907 2468 au-

129 2477 211 2512 ditis
235 2483 268 2514 et
294 2479 336 2514 iis
362 2490 510 2525 quorum
544 2479 689 2515 interest
713 2485 746 2516 et
773 2480 906 2516 dioece-

128 2535 213 2560 sano
245 2526 564 2562 administrationis
598 2525 765 2570 Consilio,
804 2528 906 2563 collo-

989 591 1113 622 centur
1140 587 1174 621 in
1201 589 1423 623 commodum
1458 589 1613 625 eiusdem
1642 590 1765 625 funda-

990 634 1094 686 tionis
1120 645 1199 669 cum
1226 646 1387 681 expressa
1413 641 1445 671 et
1472 636 1653 672 individua
1674 648 1769 673 men-

989 686 1082 716 tione
1108 692 1236 716 oneris.

1034 728 1119 764 CAN.
1144 727 1243 763 1548.
1264 734 1318 771 -5
1343 729 1371 764 1.
1395 729 1640 771 Fundationes
1659 732 1764 767 ctiam

988 776 1065 811 viva
1093 787 1172 811 voce
1201 776 1320 816 sactae,
1347 776 1475 823 scripto
1504 778 1765 822 consignentur.

1035 827 1054 865 ξ
1081 823 1114 857 2.
1137 824 1294 858 Alterum
1322 824 1520 859 tabularum
1537 826 1764 871 exemplarin

988 869 1112 906 Curiae
1138 871 1291 911 archivo.r
1312 871 1460 906 alterum
1481 872 1515 906 in
1535 873 1676 908 archivo
1696 885 1767 919 per-

987 929 1093 954 sonae
1120 918 1274 960 moralis,
1302 919 1344 953 ad
1373 930 1477 964 quam
1508 920 1665 955 fundatio
1691 932 1765 967 spe-

987 970 1070 1010 ctat,
1099 969 1172 1001 tuto
1198 970 1407 1001 asservetur.

1035 1012 1120 1048 CAN.
1155 1012 1254 1047 1549.
1277 1033 1298 1039 -
1328 1017 1348 1055 ξ
1380 1013 1408 1047 1.
1431 1012 1582 1049 Servatis
1603 1016 1765 1060 praescri-

988 1060 1056 1106 ptis
1082 1072 1160 1095 can.
1194 1058 1388 1095 1514-1517
1422 1065 1454 1096 et
1481 1072 1558 1096 can.
1597 1061 1697 1103 1525,
1729 1063 1762 1098 in

987 1107 1141 1153 qualibet
1167 1108 1312 1143 ecclesia
1329 1118 1477 1143 oncrum
1497 1120 1535 1144 ex
1557 1109 1622 1154 piis
1642 1110 1765 1145 funda-

988 1155 1142 1190 tionibus
1179 1155 1460 1190 incumbentium
1496 1156 1623 1191 tabclla
1657 1158 1763 1192 confi-

986 1203 1108 1243 ciatur,
1135 1213 1223 1248 quae
1241 1202 1333 1248 apud
1353 1208 1519 1239 rectorem
1546 1203 1581 1238 in
1602 1204 1672 1239 loco
1692 1210 1765 1240 tuto

986 1255 1219 1285 conservetur.

1033 1301 1052 1339 ξ
1080 1298 1112 1331 2).
1144 1297 1274 1332 Pariter
1301 1302 1436 1342 praeter
1475 1297 1603 1333 librum
1630 1298 1672 1334 de
1697 1310 1764 1345 quo

988 1345 1022 1379 in
1050 1356 1128 1380 can.
1158 1344 1224 1379 843
1252 1347 1270 1390 g
1302 1345 1330 1386 1,
1356 1345 1443 1379 alter
1471 1345 1558 1380 liber
1572 1345 1764 1382 retineatur

985 1397 1018 1428 et
1043 1392 1135 1438 apud
1163 1396 1329 1427 rectorem
1358 1397 1525 1436 servetur,
1556 1393 1678 1439 inquo
1697 1394 1765 1428 sin-

984 1440 1066 1485 gula
1092 1450 1198 1474 onera
1226 1444 1390 1485 perpetua
1416 1444 1449 1475 et
1475 1441 1685 1486 temporaria
1709 1452 1764 1477 eo-

985 1498 1133 1533 rumque
1169 1486 1437 1532 implementum
1464 1492 1496 1522 et
1522 1488 1764 1535 eleemosynae

984 1534 1207 1572 adnotentur,
1243 1538 1279 1569 ut
1314 1534 1356 1569 de
1386 1535 1429 1568 iis
1455 1535 1620 1570 omnibus
1645 1541 1764 1572 exacta

984 1582 1072 1617 ratio
1099 1580 1288 1617 Ordinario
1315 1581 1377 1616 loci
1406 1582 1582 1617 reddatur.

1033 1628 1116 1665 Cim
1147 1628 1247 1665 1550.
1276 1649 1292 1653 -
1322 1627 1356 1663 Si
1384 1634 1508 1674 agatur
1533 1630 1575 1665 de
1604 1630 1668 1676 piis
1691 1631 1764 1666 fun-

985 1676 1185 1712 dationibus
1211 1676 1247 1710 in
1274 1676 1441 1720 ecclesiis,
1469 1677 1572 1711 etiam
1596 1679 1765 1723 paroecia-

984 1724 1089 1761 libus
1130 1724 1370 1767 religiosorum
1405 1729 1658 1770 exemptorum,
1688 1726 1763 1763 iura

983 1776 1016 1807 et
1042 1771 1152 1806 officia
1178 1770 1357 1807 Ordinarii
1387 1771 1464 1814 loci,
1492 1772 1534 1807 de
1561 1773 1689 1818 quibus
1725 1774 1760 1808 in

984 1830 1062 1854 can.
1105 1816 1314 1859 15451549,
1350 1818 1523 1854 exclusive
1557 1825 1762 1865 competunt

984 1865 1159 1912 Superiori
1190 1865 1325 1900 maiori.

1055 1913 1139 1949 CAN.
1173 1912 1274 1949 1551.
1302 1933 1319 1938 -
1339 1917 1358 1955 ἓ
1380 1913 1411 1947 1.
1433 1912 1598 1949 Reductio
1615 1925 1761 1950 onerum

983 1971 1071 2006 quae
1087 1961 1160 2006 pias
1177 1960 1399 1995 fundationes
1418 1966 1577 2005 gravant,
1601 1962 1659 1997 uni
1681 1960 1758 1998 Sedi

983 2008 1200 2054 Apostolicae
1234 2012 1443 2049 reservatur,
1474 2008 1539 2043 nisi
1568 2009 1603 2043 in
1633 2009 1761 2045 tabulis

984 2055 1200 2090 fundationis
1226 2054 1321 2090 aliud
1348 2066 1508 2101 expresse
1534 2061 1706 2099 caveatur,
1729 2062 1761 2093 et

982 2103 1077 2138 salvo
1106 2102 1318 2148 praescripto
1343 2113 1422 2137 can.
1455 2101 1554 2143 1517,
1583 2108 1602 2146 ἓ
1629 2105 1662 2138 2.

1029 2154 1048 2192 ξ
1075 2149 1108 2184 Q.
1139 2150 1315 2190 ludultum
1336 2150 1522 2186 reducendi
1543 2151 1666 2187 Missas
1688 2152 1762 2186 fun·

982 2197 1080 2233 datas
1108 2208 1175 2232 non
1199 2197 1416 2243 protenditur
1437 2209 1497 2234 nec
1516 2199 1558 2233 ad
1578 2198 1665 2234 alias
1683 2198 1759 2233 Mis-

982 2256 1038 2280 sas
1063 2256 1102 2280 ex
1129 2249 1309 2280 contractu
1347 2244 1482 2280 debitas
1520 2257 1583 2281 nec
1621 2247 1664 2281 ad
1691 2246 1757 2281 alia

980 2303 1087 2327 onera
1115 2292 1191 2338 piae
1220 2292 1448 2328 fundationis.

1028 2343 1048 2382 ξ
1074 2339 1107 2373 3.
1137 2339 1314 2375 indultum
1354 2350 1434 2375 vero
1471 2340 1632 2385 generale
1662 2340 1758 2375 redu-

980 2387 1079 2422 cendi
1108 2397 1215 2422 onera
1254 2388 1390 2434 piarum
1433 2387 1678 2423 fundationum
1711 2388 1758 2423 ita

980 2433 1248 2476 intelligendum
1283 2440 1348 2476 est,
1385 2434 1450 2468 nisi
1482 2435 1576 2470 aliud
1609 2440 1754 2476 constet,

980 2485 1018 2516 ut
1046 2481 1256 2517 indultarius
1283 2482 1397 2528 potius
1414 2481 1483 2517 alia
1501 2493 1620 2526 onera,
1650 2494 1755 2528 quam

980 2527 1104 2564 Missas
1130 2529 1285 2566 reducat.

245 2632 342 2676 460.
375 2635 524 2679 Tituli
557 2636 828 2691 inscriptio.
860 2634 1061 2679 Remanet
1095 2641 1327 2692 postremus
1351 2636 1459 2680 Libri
1493 2636 1614 2679 liuius
1642 2650 1753 2679 com-

127 2702 374 2745 mentandus
413 2701 577 2745 Titulus
614 2701 734 2746 XXX
757 2706 827 2761 qui
862 2703 924 2747 De
953 2705 1040 2762 piis
1072 2705 1396 2763 simulationibus
1429 2705 1668 2749 inscribitur
1700 2706 1749 2749 ad

126 2772 395 2827 innuendum,
431 2785 500 2816 eas
543 2777 678 2816 ortum
713 2773 868 2818 habere
911 2787 934 2818 a
966 2776 1153 2819 fidelium
1189 2775 1400 2820 voluntate
1433 2778 1471 2819 in
1509 2775 1750 2833 religionem

125 2842 334 2897 inclinata,
368 2855 545 2900 quarum
579 2846 789 2887 notionem
825 2846 1088 2889 inveniemus
1121 2848 1159 2888 in
1196 2848 1328 2902 primo
1362 2846 1468 2889 tituli
1502 2859 1672 2898 canone,
1708 2851 1751 2890 ut

126 2927 213 2957 mos
246 2917 306 2957 est
338 2915 378 2956 in
411 2912 576 2958 Codice.
599 2912 658 2957 Ex
692 2914 838 2958 eodem
862 2915 1079 2972 apparebit
1113 2916 1201 2960 illas
1234 2930 1323 2960 esse
1349 2930 1412 2960 res
1446 2929 1645 2973 personae
1670 2930 1754 2960 mo-
