1965 3240
110 128 180 162 254
262 110 266 114 .
371 127 455 161 Lm.
484 126 556 160 ΙΙΙ.
586 146 600 152 -
625 126 736 161 PARS
761 126 826 163 IV.
853 147 867 152 -
891 127 948 161 De
973 129 1198 171 mayisterio
1223 127 1474 162 ecclesiastico

100 245 421 295 >institutionem
454 244 750 288 catecheticam
786 244 836 287 de
868 258 950 302 qua
982 244 1026 287 in
1058 259 1147 290 can.
1183 246 1302 289 1330
1337 246 1500 303 praeest,
1521 246 1733 304 parochus

112 316 348 360 declaratus
396 318 434 358 in
481 328 569 360 can.
606 316 685 359 451
724 329 805 358 non
838 315 1020 366 omittat,
1055 320 1175 372 prout
1210 321 1370 360 tenetur
1418 319 1456 360 in
1505 331 1658 374 genere
1693 320 1732 360 vi

113 399 201 430 can.
239 386 364 440 1329,
395 399 550 444 pueros
583 389 620 429 in
655 399 745 429 can.
781 398 918 442 praec.
961 386 1204 442 declaratos,
1240 387 1312 444 qai
1341 387 1524 445 primam
1557 402 1734 431 commu-

113 457 277 500 nionem
309 462 500 500 recenter
536 457 782 514 receperint,
823 461 932 501 unile
980 471 1158 512 sequens
1206 459 1421 501 instructio
1469 459 1518 502 311
1568 459 1734 516 aliquod

112 533 269 572 tantum
304 534 466 584 tempus
498 533 559 571 est
594 527 872 584 protrahenda
899 531 936 570 vi
962 528 1084 572 huius
1107 531 1291 580 canonis,
1314 529 1352 585 a)
1377 528 1544 572 uberius
1569 534 1735 586 propter

111 599 355 656 ampliorem
389 600 618 642 doctrinam
655 598 698 656 b)
732 613 780 641 ac
803 599 1038 657 perfectius
1061 601 1172 643 circa
1196 612 1242 642 ea
1267 613 1372 657 quae
1396 602 1476 643 iam
1500 601 1738 644 didicerunt

113 671 241 726 pueri,
276 669 527 713 catechismo
562 672 673 713 iuxta
717 671 1064 726 significationem
1100 672 1139 713 in
1172 673 1318 727 capitis
1356 672 1621 727 inscriptione
1656 676 1736 714 tra-

111 740 238 783 ditam
273 740 461 783 erc-olere
494 743 532 783 in
570 745 704 783 mente
737 753 785 784 ac
808 741 946 784 corde.

230 811 325 855 210.
361 813 649 858 Adultorum
679 814 935 858 instructio
970 815 1302 859 catechistica.
1336 812 1377 856 ld
1413 813 1521 870 quod
1557 825 1578 855 a
1611 811 1736 857 Cone.

110 881 220 925 Tricl.
241 882 253 903 ¹
289 884 399 925 circa
435 896 583 938 pueros
616 883 867 926 erudiendos
899 888 1097 926 statutum
1129 888 1189 926 est
1221 884 1357 941 quoad
1383 886 1580 940 temporis
1603 884 1734 927 deter-

112 954 395 1006 minationem,
429 966 500 1009 per
534 953 625 998 litt·
658 955 741 996 cit.s
775 967 812 998 n.
835 952 882 996 Vl
908 953 1059 997 adultis
1083 958 1268 1010 aptatum
1302 959 1374 998 est.
1410 954 1498 998 Hoc
1534 956 1737 1010 praescri-

111 1028 223 1079 ptum
259 1024 363 1067 litt.m
396 1023 548 1080 aplcum.
589 1024 791 1068 «Acerbo
826 1027 990 1067 nimis»
1031 1025 1154 1068 refert
1187 1040 1277 1068 can.
1314 1027 1444 1069 1332.
1485 1023 1734 1078 «Quoniam

114 1108 223 1148 vero,
260 1094 334 1138 hac
369 1097 609 1151 praesertim
644 1099 901 1152 tempestate,
936 1096 1135 1150 grandior
1167 1101 1278 1140 aetas
1313 1110 1391 1139 non
1425 1110 1544 1140 secus
1567 1109 1615 1139 ac
1640 1109 1736 1152 pue-

112 1164 196 1207 rilis
235 1165 426 1221 religiosa
466 1171 560 1222 eget
594 1168 849 1209 institutione
874 1182 922 1209 »z
961 1166 1112 1209 Diebus
1146 1167 1368 1210 dominicis
1403 1167 1584 1224 aliisque
1613 1166 1737 1225 festis

110 1235 160 1278 (le
188 1242 428 1293 praecepto,
463 1241 584 1293 prout
617 1236 656 1279 hi
695 1242 963 1281 recensentur
996 1250 1085 1281 can.
1122 1238 1250 1292 1247,
1283 1238 1312 1296 ἓ
1346 1238 1383 1292 1,
1413 1252 1462 1281 ea
1495 1237 1599 1280 liora
1631 1251 1738 1295 quac

109 1319 198 1359 sao,
231 1320 402 1362 nempe:
442 1307 701 1363 «parochi»
741 1312 784 1350 ut
817 1310 932 1360 infra,
968 1307 1126 1351 iudicio
1174 1309 1309 1366 niagyis
1355 1313 1456 1366 apta
1490 1309 1546 1351 sic
1578 1308 1634 1351 ad
1663 1322 1735 1365 po-

105 1377 213 1434 puli,
246 1377 297 1421 ol)
330 1380 448 1421 cuius
483 1378 700 1421 utilitatem
737 1379 774 1422 id
810 1381 1112 1436 praescriptum
1147 1385 1221 1434 est,
1245 1379 1530 1437 frequentiam
1554 1379 1736 1423 obtinen-

108 1448 216 1504 dam,
251 1447 366 1491 debet
389 1448 564 1506 insuper
586 1449 761 1493 scilicet:
793 1465 812 1490 ((
839 1455 1001 1506 praeter
1024 1455 1265 1494 consuetam
1290 1450 1501 1494 homiliam
1526 1451 1577 1494 (le
1600 1450 1735 1493 Evan-

108 1518 215 1575 gelio
238 1535 258 1560 ))
298 1519 406 1573 (can.
446 1520 569 1574 1344,
602 1520 630 1577 ξ
665 1520 721 1577 1),
756 1533 802 1564 ac
837 1523 1004 1577 proprie
1038 1521 1089 1565 ob
1123 1526 1362 1565 contextum
1402 1537 1422 1563 ((
1447 1526 1610 1578 praeter
1644 1535 1737 1577 pue-

110 1603 247 1633 rorum
299 1593 645 1633 institutionem»
697 1594 995 1648 praescriptam
1044 1595 1082 1635 in
1135 1592 1363 1636 canonibus
1411 1597 1530 1636 antea
1581 1594 1736 1648 positis,

106 1660 316 1717 paroc-lias
351 1661 456 1718 (can.
494 1661 597 1719 451)
632 1661 928 1705 calecliismwn
965 1663 1175 1706 videlicet:
1207 1668 1376 1706 «totam
1402 1665 1616 1706 materiam
1642 1676 1735 1719 per-

109 1737 267 1784 tractet,
300 1745 406 1790 quae
449 1733 499 1775 (16
532 1732 729 1789 Symbolo
778 1738 851 1788 est,
900 1734 950 1777 (16
998 1734 1290 1788 Sacramentis,
1335 1735 1386 1778 (16
1429 1734 1649 1790 Decalogo,
1684 1734 1736 1777 (16

109 1800 303 1847 Oratione
336 1807 377 1846 et
408 1803 459 1846 (16
494 1806 723 1860 praeceptis
756 1803 979 1860 Ecclesiae,
1013 1817 1092 1862 qua
1129 1807 1167 1847 in
1204 1818 1245 1847 re
1279 1804 1538 1848 Catechismo
1561 1803 1733 1847 Triden-

108 1875 190 1915 tino
237 1872 534 1930 (laudabiliter)
585 1878 764 1916 utetur»
819 1875 1071 1918 instruendis
1114 1874 1305 1931 fidelibus
1349 1874 1524 1929 adultis,
1580 1874 1733 1917 «facili

106 1944 272 2000 quidem
308 1957 497 1987 sermione
529 1949 566 1987 et
601 1943 656 1987 ad
689 1958 832 1987 eoram
865 1950 1033 2002 captam
1066 1944 1334 1988 accomodata
1369 1948 1481 1988 iuxta
1513 1963 1528 1983 «
1554 1944 1734 1988 catechi-

105 2019 192 2057 stae
226 2028 375 2057 munus
398 2030 418 2055 »
457 2015 507 2058 3(1
543 2027 632 2058 can.
670 2015 781 2058 1329
817 2018 1072 2072 propositum
1108 2015 1337 2073 explicare.

227 2086 323 2129 ⁵211.
370 2088 631 2132 Adiutores
671 2089 998 2143 parochorum
1042 2089 1090 2132 in
1130 2090 1429 2133 catechismo
1472 2089 1731 2133 tradendo.

108 2155 293 2198 lustituto
331 2159 479 2212 patrini
515 2161 624 2212 patet
657 2157 954 2200 catecheticam
991 2160 1304 2201 instructionem
1350 2171 1429 2200 non
1464 2170 1552 2200 esse
1586 2159 1625 2200 in
1660 2156 1733 2200 Ec-

106 2226 229 2269 clesia
265 2226 378 2270 laicis
399 2227 591 2281 alienam,
615 2228 780 2285 quando
804 2228 1054 2272 christianae
1079 2229 1292 2272 doctrinae
1316 2228 1519 2271 elementa
1543 2227 1736 2271 omnibus

105 2299 209 2340 scitu
245 2300 477 2340 necessaria
512 2298 733 2341 traduntur
777 2301 926 2354 pueris.
973 2298 1155 2355 lilipsum
1199 2300 1418 2342 confirmat
1460 2312 1552 2341 can.
1597 2299 1731 2348 1333,

104 2367 132 2425 ξ
164 2370 199 2421 1,
234 2367 478 2424 desumptus
511 2382 561 2411 ex
598 2369 689 2412 litt.s
721 2372 886 2426 saepius
920 2373 1005 2413 cit.²³
1044 2385 1063 2410 «
1088 2368 1153 2412 lV.
1188 2369 1230 2412 ln
1265 2369 1457 2413 omnihus
1489 2374 1529 2412 et
1560 2368 1736 2423 singulis

108 2440 308 2493 paroeciis
341 2441 591 2481 consociatio
625 2442 824 2483 canonice
868 2442 1122 2493 instituatur,
1163 2442 1228 2484 cui
1276 2440 1400 2496 vulgo
1444 2453 1593 2482 nomen
1627 2437 1733 2483 Con-

106 2511 294 2564 gregatio
328 2508 547 2552 Doctrinae
580 2508 900 2554 Christianae».
935 2508 1053 2563 Quod
1099 2513 1399 2567 praescriptum
1446 2512 1558 2566 viget
1590 2510 1730 2552 mode-

108 2584 240 2622 ratum
275 2579 324 2622 3(1
361 2592 547 2623 norman]
583 2593 673 2624 can.
717 2581 796 2623 711
835 2582 854 2637 ξ
889 2582 925 2624 ⁶2.
972 2597 992 2622 «
1015 2581 1170 2625 Curent
1212 2581 1397 2625 locorum
1441 2579 1653 2626 Ordinarii
1688 2586 1730 2624 ut

107 2652 144 2691 in
179 2650 363 2707 qualibet
398 2652 588 2706 paroecia
622 2653 888 2695 instituantur
921 2653 1280 2695 confraternitates
1311 2654 1558 2695 sanctissimi
1591 2652 1732 2695 Sacra-

62 2761 68 2765 .
107 2722 245 2775 menti,
281 2733 327 2763 ac
360 2721 573 2764 doctrinae
606 2721 855 2765 christianae
889 2738 926 2763 ».
964 2748 1015 2752 ——
1054 2722 1384 2779 Prosequebatur
1420 2722 1513 2765 Pius
1544 2721 1580 2764 X
1613 2735 1644 2766 s.
1670 2735 1724 2764 m.

227 2873 237 2894 ¹
266 2872 367 2906 (sess.
393 2872 538 2913 XXIV,
569 2884 649 2917 cap.
679 2874 713 2906 4.
