1965 3240
154 137 223 171 258
414 136 499 171 LIB.
529 136 600 171 III.

627 157 640 162 -
665 137 777 172 PARS
802 138 869 172 IV.
898 158 910 163 -
935 137 993 173 De
1018 140 1243 182 magisterio
1267 139 1520 174 ecclesiastico

154 255 215 297 tia,
243 255 436 291 secundum
463 255 643 291 veritatem
661 255 870 301 respondere
887 260 934 291 te-

154 307 269 338 netur.

201 354 221 392 ς
248 350 281 385 ·.).
310 348 502 385 Licentiam
529 349 731 396 tempestive
748 354 860 394 petere
877 349 932 385 de-

155 397 211 432 bet
248 397 431 443 parochus
465 397 492 431 si
527 402 650 442 agatur
680 397 722 432 de
749 397 930 443 paroeciali

153 444 298 480 ecclesia
323 444 434 479 aliave
474 443 586 479 eidem
613 443 792 484 subiecta;
821 449 932 480 rector

154 491 328 533 ecclesiae,
353 491 380 525 si
408 491 449 527 de
474 491 619 527 ecclesia
645 491 783 537 parochi
814 496 930 526 aucto-

154 538 247 574 ritati
274 549 346 574 non
371 538 542 574 obnoxia:
570 539 682 585 prima
707 538 872 583 dignitas,
889 539 932 574 de

155 585 306 632 Capituli
333 596 518 631 consensu,
547 586 574 620 si
602 586 644 621 de
669 585 814 621 ecclesia
839 586 932 631 capi—

154 633 257 668 tulari
277 644 284 677 3
313 633 508 669 moderator
533 644 593 669 seu
611 633 837 679 cappellanus
855 644 934 668 con-

156 680 395 721 fraternitatis,
436 681 463 715 si
506 680 549 715 de
591 680 736 716 ecclesia
776 680 931 715 eiusdem

154 728 452 763 confraternitatis
478 728 629 773 propria.

202 779 221 817 ἓ
246 775 280 810 3.
309 774 343 810 Si
371 775 516 810 ecclesia
542 774 744 820 paroecialis
769 774 814 809 sit
827 774 931 809 simul

154 822 356 868 capitularis
380 827 441 857 aut
455 822 752 857 confraternitatis
779 822 930 868 propria,

155 869 212 905 ille
238 869 414 905 licentiam
444 874 545 922 petat,
571 869 629 915 qui
651 880 765 904 sacras
786 869 932 904 functio-

153 927 216 952 nes
241 917 316 952 iure
343 917 484 985 peragit.

201 962 466 999 CAN.1342.-
495 968 514 1006 ξ
551 963 580 998 1.
620 961 860 999 Concionandi
889 964 934 998 fa

154 1011 266 1046 cultas
303 1011 385 1046 solis
422 1011 659 1047 sacerdotibus
694 1011 747 1046 vel
777 1011 934 1046 diaconis

154 1058 223 1100 fiat,
250 1068 319 1094 non
349 1069 426 1094 vero
452 1058 574 1094 ceteris
603 1058 750 1099 clericis,
788 1058 854 1092 nisi
882 1069 933 1093 ra-

153 1106 311 1141 tionabili
340 1106 382 1142 de
407 1117 524 1148 causa,
553 1105 684 1141 iudicio
703 1104 882 1142 Ordinarii
901 1110 934 1141 et

154 1153 190 1187 in
217 1153 356 1188 casibus
382 1153 632 1198 singularibus.

201 1204 220 1243 §
248 1201 279 1235 2.
312 1199 517 1236 Concionari
547 1200 583 1235 in
609 1200 753 1236 ecclesia
773 1204 934 1235 vetantur

155 1247 232 1283 laici
259 1259 390 1289 omneS,
416 1248 479 1284 etsi
506 1247 669 1293 religiosi.

203 1294 287 1331 CAN.
320 1294 421 1330 1343.
454 1317 470 1321 -
491 1299 510 1338 ξ
534 1296 561 1329 1.
584 1293 761 1330 Ordinarii
780 1294 932 1329 locorum

155 1343 208 1377 ius
235 1342 366 1378 habent
391 1343 622 1378 concionandi
651 1342 686 1377 in
706 1342 861 1388 qualibet
879 1343 931 1376 sui

154 1390 317 1425 territorii
344 1390 496 1431 ecclesia,
525 1390 686 1436 quamvis
712 1394 882 1435 exempta

202 1442 221 1479 ἓ
249 1437 280 1472 2.
307 1437 378 1472 Nisi
404 1443 528 1483 agatur
553 1438 595 1473 de
622 1437 760 1482 magnis
785 1436 931 1472 civitati-

155 1484 232 1521 bus
257 1490 364 1531 potest
383 1496 521 1531 quoque
539 1484 727 1530 Episcopus
751 1484 933 1530 prohibere

153 1542 197 1567 ne
224 1532 260 1567 in
287 1532 366 1567 aliis
392 1532 546 1568 eiusdem
575 1532 637 1567 loci
658 1532 811 1567 ecclesiis
830 1531 934 1567 verba

155 1579 240 1614 fiant
265 1580 305 1614 ad
336 1580 467 1621 fideles,
496 1591 564 1626 quo
589 1584 743 1625 tempore
774 1579 825 1614 vel
852 1588 934 1614 con-

1004 255 1140 290 cionem
1173 254 1246 301 ipse
1279 255 1382 291 habet
1419 256 1466 292 vel
1502 267 1619 293 coram
1653 269 1700 301 se,
1738 270 1779 295 ex

1004 313 1109 338 causa
1127 302 1266 348 publica
1278 307 1382 349 atque
1395 304 1681 348 extraordinaria,
1699 316 1779 341 con-

1005 349 1134 386 vocatis
1160 349 1333 391 fidelibus,
1362 350 1560 386 habendam
1586 357 1695 387 curat

1052 395 1303 432 CAN.1344.-
1331 401 1350 439 ξ
1380 398 1410 433 1
1441 397 1568 434 Diebus
1594 399 1780 435 dominicis

1004 444 1203 497 ceterisque*
1215 455 1273 490 per
1301 455 1436 480 annum
1456 446 1551 481 festis
1577 446 1620 482 de
1645 457 1781 492 praece-

1007 497 1063 538 pto
1091 491 1266 537 proprium
1286 492 1453 538 cuiusque
1472 493 1609 539 parochi
1629 494 1780 530 officium

1005 544 1068 582 est,
1094 543 1259 574 consueta
1285 539 1442 576 homilia
1471 541 1782 586 praesertimintra

1004 585 1147 621 Missam
1183 586 1219 620 in
1251 597 1320 632 qua
1351 587 1463 622 maior
1488 588 1595 623 soleat
1620 599 1693 624 esse
1724 600 1780 635 po—

1007 633 1077 686 puli
1094 633 1301 679 frequentia,
1319 634 1462 669 verbum
1479 634 1535 670 Dei
1552 636 1679 682 populo
1693 647 1781 672 nun-

1004 682 1102 717 tiare.

1053 732 1071 770 ξ
1099 727 1132 761 ’2.
1168 727 1340 763 Parochus
1375 728 1455 763 huic
1487 728 1690 774 obligationi
1722 741 1781 766 ne-

1005 780 1080 828 quit
1106 785 1175 827 per
1191 775 1299 810 alium
1325 775 1551 811 habitualiter
1572 777 1781 820 satisfacere,

1004 823 1072 857 nisi
1099 822 1142 857 ob
1168 821 1296 858 iustam
1333 833 1475 858 causam
1512 822 1556 858 ab
1594 822 1781 861 Ordinario

1006 870 1199 916 probatam.

1053 921 1071 959 ξ
1098 916 1129 951 3.
1159 917 1270 952 Potest
1296 914 1506 952 Ordinarius
1533 919 1730 963 permittere
1744 924 1782 954 ut

1005 964 1286 1000 sollemnioribus
1333 963 1543 1009 quibusdam
1588 965 1681 1001 festis
1722 972 1782 1001 aut

1004 1012 1124 1049 etiam,
1151 1023 1192 1047 ex
1219 1012 1309 1046 iusta
1334 1022 1451 1052 causa,
1468 1011 1645 1057 aliquibus
1658 1013 1781 1049 diebus

1005 1058 1191 1095 dominicis
1217 1058 1339 1094 concio
1364 1058 1556 1094 omittatur.

1053 1106 1135 1142 CAN.
1169 1105 1267 1140 1345.
1296 1125 1317 1132 -
1344 1104 1549 1152 optandum
1576 1111 1612 1142 ut
1646 1107 1682 1142 in
1701 1107 1782 1142 Mis-

1005 1154 1052 1188 sis
1078 1164 1180 1199 quae,
1210 1152 1370 1188 fidelibus
1402 1153 1634 1197 adstantibus,
1661 1154 1782 1190 diebus

1007 1201 1100 1237 festis
1127 1201 1168 1236 de
1204 1205 1384 1246 praecepto
1418 1201 1454 1235 in
1486 1201 1650 1236 omnibus
1677 1202 1781 1237 eccle-

1005 1249 1066 1283 siis
1094 1248 1144 1284 vel
1179 1247 1337 1283 oratoriis
1374 1248 1521 1293 publicis
1547 1249 1779 1290 celebrantur,

1006 1295 1119 1331 brevis
1147 1295 1323 1340 Evangelii
1350 1300 1410 1330 aut
1435 1295 1583 1331 alicuius
1601 1296 1709 1342 partis
1726 1297 1781 1332 do-

1005 1343 1137 1378 ctrinae
1151 1343 1361 1378 christianae
1375 1343 1571 1388 explanatio
1586 1343 1645 1378 fiat
1661 1357 1669 1380 :
1690 1344 1781 1390 quod

1005 1391 1032 1424 si
1061 1390 1122 1425 loci
1158 1390 1367 1425 Ordinarius
1403 1390 1435 1425 id
1470 1391 1696 1437 praeceperit,
1723 1402 1782 1437 op·

1007 1437 1165 1484 portunis
1190 1437 1280 1473 datis
1299 1438 1603 1482 instructionibus,
1628 1438 1691 1474 hac
1711 1438 1782 1483 lege

1004 1490 1169 1520 tenentur
1194 1496 1265 1520 non
1292 1485 1404 1520 solum
1430 1485 1623 1521 sacerdotes
1649 1497 1666 1521 e
1692 1486 1782 1521 clero

1005 1532 1187 1568 saeculari.
1216 1532 1274 1568 sed
1300 1534 1405 1568 etiam
1433 1532 1597 1578 religiosi,
1633 1534 1781 1580 exempti

1006 1590 1154 1625 quoque,
1184 1580 1220 1614 in
1247 1582 1318 1614 suis
1346 1580 1501 1626 ipsorum
1526 1580 1693 1616 ecclesiis.

1072 1728 1120 1738 2-—
1146 1707 1280 1743 ratione
1311 1708 1472 1743 territorii
1619 1721 1634 1741 »
1691 1707 1780 1743 1337

781 1776 824 1780 -
858 1766 879 1790 a
914 1766 982 1800 quo
1018 1759 1072 1780 —'

776 1812 777 1824 ¹
1071 1811 1120 1829 ³—-
1147 1813 1208 1848 pro
1241 1802 1439 1838 diversitate
1472 1802 1570 1838 audi-

775 1874 777 1904 1
1100 1855 1212 1885 torum
1619 1864 1634 1882 »
1692 1848 1780 1885 1338

450 1918 487 1923 —-
509 1897 622 1943 quoad
639 1897 742 1932 facul·
776 1889 777 1947 1

444 1941 577 1979 tatem
621 1955 741 1979 conce·
776 1943 816 1998 1-
834 1954 977 1979 normae
990 1955 1055 1979 ser·
1073 1964 1122 1997 1-
1149 1944 1177 1978 si
1204 1944 1304 1979 detur
1329 1943 1500 1989 religiosis
1622 1958 1637 1977 »
1694 1942 1782 1979 1339

444 1974 445 2044 1
473 1992 624 2027 [tendam
722 2003 779 2040 -1
806 1991 940 2026 vandae
1019 2012 1063 2017 -

444 2068 446 2100 1
777 2048 778 2104 1
1089 2060 1125 2091 -1
1149 2043 1231 2074 ante
1256 2049 1295 2074 ac
1322 2043 1398 2085 post
1431 2050 1570 2074 conces-
1716 2088 1722 2097 ι

777 2116 778 2146 1
1100 2097 1234 2121 Sionem
1622 2100 1637 2119 »
1695 2084 1782 2121 1340

325 2211 329 2214 A
777 2202 827 2214 ,—
855 2181 974 2226 petitio
1000 2181 1139 2226 praevia
1167 2191 1225 2226 per
1251 2191 1353 2226 quem
1383 2181 1541 2216 facienda
1620 2195 1635 2213 ›>
1693 2179 1778 2215 1341

202 2250 381 2334 sssspgatcgs
444 2275 446 2349 1
777 2291 824 2300 “-
852 2275 979 2320 quibus
1005 2280 1140 2310 tantum
1170 2275 1327 2320 personis
1622 2289 1636 2306 »
1696 2273 1781 2309 1342

155 2346 447 2449 ΕΟῃωουὼῑ15-11
777 2391 822 2418 1-
853 2381 912 2415 per
939 2369 1146 2415 Episcopum
1175 2369 1226 2404 vel
1253 2380 1368 2404 coram
1395 2381 1433 2405 eo
1620 2383 1634 2401 »
1692 2367 1778 2403 1343

444 2454 446 2499 l
776 2439 822 2506 ,l—
855 2475 912 2509 per
939 2464 1105 2510 parochos
1546 2501 1551 2506 ⁷
1621 2477 1635 2496 »
1694 2461 1779 2498 1344

455 2532 492 2536 —-
522 2511 694 2547 habendis
722 2512 777 2536 -¹

775 2580 823 2607 ¹—
844 2558 936 2593 intra
952 2558 1075 2593 missas
1089 2558 1211 2593 diebus
1226 2559 1321 2594 festis
1335 2558 1376 2594 de
1392 2563 1571 2604 praecepto
1623 2572 1637 2590 ›>
1697 2556 1781 2592 1345

782 2674 822 2677 —
851 2658 1004 2698 tempore
1031 2651 1326 2698 Quadragesimae
1344 2657 1376 2688 et
1392 2653 1570 2688 Adventus
1621 2666 1635 2685 ›>
1692 2650 1780 2686 1346

445 2739 494 2786 1-
522 2747 744 2792 perficiendis
770 2747 882 2792 quoad
908 2758 1027 2782 earum
1055 2747 1227 2782 obiectum
1618 2761 1632 2779 n
1690 2746 1777 2781 1347

445 2818 494 2867 ¹—
524 2841 788 2886 frequentandis
816 2851 873 2886 per
901 2840 1017 2876 fideles
1619 2854 1633 2872 υ
1692 2838 1779 2874 1348
