1965 3240
540 179 621 213 TtT.
650 179 794 213 XVIII.
823 199 834 204 -
863 179 918 213 De
943 190 1055 213 sacra
1081 182 1311 224 supellectili
1667 184 1731 215 211

115 299 319 357 Episcopi.
354 301 443 342 sive
477 312 526 341 ex
563 301 651 341 iure
684 298 895 341 ordinario
917 300 1006 341 sive
1030 312 1078 341 ex
1104 300 1401 342 consuetudine
1436 314 1579 343 omnes
1615 301 1736 344 bene-

113 371 315 414 dictiones
347 369 577 425 descriptas
612 371 649 411 in
687 368 764 412 Rit.
800 368 915 412 Rom.
951 373 989 411 et
1024 373 1269 423 reservatas,
1305 372 1340 411 in
1386 370 1535 427 quibus
1568 385 1643 414 non
1681 374 1739 414 in·

113 442 293 484 tei·venit
319 451 434 483 sacra
472 441 625 494 unctio,
659 438 953 483 Sacerdotibus
988 439 1215 482 minoribus
1248 440 1440 495 delegare
1477 444 1660 496 possint?
1685 468 1738 474 —

116 511 292 555 Dubium
339 510 384 553 ll.
425 511 486 553 An
535 509 685 563 Vicat-ii
731 509 959 566 generales.
991 512 1080 552 sive
1123 524 1171 552 cx
1218 510 1478 553 facultatibus
1521 512 1740 555 ordinariis

113 584 202 625 sive
235 595 284 625 ex
319 581 580 637 delegatione
626 580 809 636 spectati,
850 582 1014 622 nomine
1056 579 1245 636 Episcopi
1294 583 1389 623 istas
1433 580 1740 625 beneditdiones

114 652 309 709 delegare
345 652 530 708 possint?
566 677 617 682 -—
653 652 691 693 S.
726 651 771 695 R.
806 650 848 694 C.
885 650 1197 694 rescribendum
1234 654 1413 694 censuit:
1451 652 1510 694 Ad
1550 652 1573 693 l.
1610 652 1739 708 Nega-

115 726 213 766 tive.
248 748 300 752 —-
336 721 397 765 Ad
435 721 480 764 ll.
518 721 734 764 Provisum
771 723 808 763 in
844 723 1040 777 primo».

233 793 418 850 Denique
453 791 718 849 privilegium
756 791 1008 848 regularium
1054 797 1114 834 est
1155 805 1403 834 conversum
1451 795 1487 834 in
1533 795 1593 835 ius
1631 806 1740 835 com-

117 878 239 908 mune
274 864 579 920 religiosorum,
614 868 651 906 et
686 863 909 906 adauctum
945 863 1139 905 facultate
1163 863 1463 913 committendi,
1488 864 1584 906 dum
1610 877 1739 906 canon

115 935 250 979 addit:
285 934 334 978 5⁰
369 934 616 992 Superiores
661 933 853 989 reliqiosi
896 935 1019 976 etiam
1068 932 1229 976 locales.
1270 939 1308 975 et
1347 933 1386 990 a)
1421 933 1657 976 sacerdote-s·
1691 934 1739 976 ad

118 1006 374 1050 validitatem
409 1005 722 1060 benedictionis,
757 1005 854 1047 dum
903 1018 974 1060 pro
1019 1004 1196 1047 liceitate
1236 1007 1313 1047 sint
1351 1004 1392 1050 bt
1428 1004 1609 1047 eiusdem
1646 1004 1741 1047 reli-

112 1077 253 1135 qionis
285 1076 325 1134 c)
360 1076 409 1119 ab
454 1076 558 1134 ipsis
601 1075 801 1132 deleyati,
835 1078 1029 1132 quamvis
1072 1089 1149 1118 non
1195 1078 1273 1118 sint
1312 1075 1464 1119 subditi
1500 1075 1742 1128 delegantis,

115 1154 239 1206 atque
259 1148 297 1191 bi
316 1147 467 1205 singuli
492 1148 591 1191 (lant
611 1146 942 1191 benedictionem
968 1160 1111 1190 sacrae
1129 1147 1395 1203 supellectilis
1419 1147 1645 1190 destinatae
1666 1160 1743 1204 pro

113 1219 303 1278 propriis
337 1210 663 1275 uniuscuiusque
695 1220 922 1274 superioris
949 1219 1082 1261 forsan
1109 1218 1338 1274 delegantis
1370 1217 1554 1259 ecelesiis
1578 1223 1614 1259 et
1649 1231 1743 1260 ora-

117 1290 240 1333 toriis
273 1304 322 1333 ae
350 1303 429 1348 pro
463 1289 649 1332 ecelesiis
683 1288 944 1342 monialium,
971 1302 1049 1331 non
1073 1302 1263 1331 sororum
1315 1302 1403 1331 can.
1433 1289 1525 1345 188,
1560 1288 1632 1340 70),
1666 1287 1746 1329 sitii

115 1362 166 1405 de
203 1363 309 1405 facto
343 1360 638 1415 snbieetarmn,
665 1373 844 1416 nempe:
881 1361 1103 1402 fruentium
1138 1361 1412 1416 exemptionis
1443 1359 1660 1415 privilegio
1694 1359 1741 1401 ad

118 1445 307 1475 normam
343 1445 434 1475 can.
470 1432 567 1475 615.

239 1503 313 1546 Per
338 1502 669 1547 benedictionem
696 1505 1025 1561 uniuscuiusque
1049 1516 1191 1546 sacrae
1214 1502 1483 1558 supellectilis
1511 1503 1598 1545 «ad
1626 1516 1743 1545 usum

117 1574 192 1618 sibi
230 1576 442 1631 proprium
467 1590 487 1614 J)
529 1574 683 1617 licitum
710 1587 801 1617 eam
827 1574 1024 1617 destinari
1051 1574 1216 1630 planum
1244 1578 1325 1618 est:
1361 1573 1454 1616 binc
1485 1573 1635 1629 prodiit
1658 1586 1743 1630 seq.

119 1659 360 1702 responsum
394 1646 433 1689 S.
467 1644 513 1689 R.
549 1645 592 1690 C.
618 1646 655 1689 1:
695 1661 715 1686 ((
743 1645 954 1701 Proposito
988 1645 1134 1689 dubio:
1170 1645 1230 1687 An
1268 1658 1364 1687 usus
1404 1644 1566 1697 bursae,
1600 1657 1744 1698 corpo-

120 1715 275 1760 ralibus
308 1716 570 1760 includendis
602 1717 847 1771 destinatae,
881 1718 1061 1773 permitti
1100 1718 1222 1772 possit
1258 1729 1330 1772 pro
1363 1715 1607 1770 colligendis
1640 1714 1745 1757 elee-

120 1790 316 1844 mosynis.
349 1787 388 1831 S.
422 1787 468 1831 R.
503 1786 544 1831 C.
580 1787 917 1844 respondendnm
953 1789 1136 1830 censuit:
1172 1785 1374 1842 Negative
1401 1802 1437 1826 n.

242 1858 336 1901 176.
372 1859 443 1904 De
474 1860 742 1904 amissione
774 1860 1134 1904 benedictionis
1157 1861 1241 1902 aut
1265 1858 1652 1903 consecrationis
1676 1869 1748 1901 sa-

119 1944 234 1975 crae
276 1931 610 1987 supellectilis.
650 1929 731 1972 luri
778 1942 913 1986 praec.
960 1930 1184 1972 conformis
1232 1933 1291 1971 est
1339 1933 1447 1970 conf³
1481 1929 1598 1969 1305
1646 1930 1669 1980 ξ
1714 1927 1746 1968 t.

120 2001 251 2042 Sacra
285 1999 477 2058 supelleoe
509 1999 740 2052 benedicta,
778 2014 814 2041 v.
850 2014 909 2056 gr.
946 2000 1053 2053 alba,
1088 2005 1160 2042 ant
1195 2004 1438 2042 consecrata
1477 2012 1512 2039 v.
1543 2012 1603 2054 gr.
1639 1997 1744 2040 calix

118 2070 445 2114 benedictionem
478 2076 552 2114 αῑιί
585 2071 941 2114 consecrationem
966 2073 1199 2127 respective
1224 2069 1407 2113 ainittit:
1431 2069 1555 2126 (quae
1579 2070 1747 2111 amissio

120 2144 157 2184 in
191 2155 307 2185 sacra
342 2142 589 2199 supellectili
624 2147 865 2186 consecrata
900 2142 1052 2185 dicitur
1085 2143 1293 2185 execratio
1329 2143 1365 2182 in
1394 2139 1505 2182 Dec.⁸
1527 2140 1564 2183 5.
1592 2139 1634 2182 R.
1660 2138 1745 2194 tj.):

237 2212 278 2255 1⁰
313 2213 359 2256 Si
393 2212 498 2256 tales
521 2212 729 2256 laesiones
756 2227 791 2257 v.
812 2226 873 2269 gr.
898 2214 1080 2256 foramen
1107 2215 1144 2254 in
1169 2224 1327 2268 cuppae
1351 2210 1491 2254 calicis
1524 2210 1661 2254 fundo,
1689 2208 1748 2251 rel

121 2284 374 2327 titulationes
409 2298 444 2329 v.
480 2298 540 2341 gr.
576 2286 816 2328 fractionem
852 2297 958 2341 quae
991 2297 1168 2340 cuppam
1202 2288 1363 2339 separet
1398 2296 1418 2324 e
1452 2280 1593 2324 calicis
1628 2281 1746 2336 pede,

118 2354 295 2398 subierit
330 2360 374 2398 ut
403 2355 635 2413 pristinam
668 2355 861 2397 amiserit
893 2353 1075 2413 formant
1103 2368 1138 2398 v.
1164 2368 1224 2409 gr.
1248 2353 1365 2396 albae
1399 2354 1540 2395 scissio
1575 2354 1612 2393 in
1645 2351 1748 2394 duas

121 2430 271 2482 partes,
304 2432 343 2468 et
379 2428 599 2482 praecipue
634 2426 719 2468 iani
753 2425 808 2468 act
840 2439 937 2468 sues
979 2439 1073 2468 usos
1112 2428 1169 2467 sic
1215 2425 1320 2467 laesa
1369 2423 1429 2465 vel
1473 2427 1626 2465 mutata
1668 2435 1746 2463 non

121 2496 326 2540 habeatnr
360 2496 525 2548 idonea,
557 2499 664 2540 sicut
699 2499 736 2539 in
773 2496 980 2553 prioribus
1013 2496 1204 2539 adductis
1236 2494 1453 2550 exemplis.

238 2566 286 2610 :²⁰
311 2567 357 2610 Si
389 2567 444 2610 acl
483 2582 581 2610 nsns
618 2580 761 2611 sacrae
804 2567 1072 2623 supellectilis
1118 2566 1347 2610 indecoros.
1384 2564 1424 2621 b)
1462 2563 1521 2605 rel
1555 2562 1749 2621 publicae

122 2637 355 2681 venditioni
385 2638 577 2695 exposita
609 2636 742 2695 fecerit
769 2651 804 2680 v,
830 2652 891 2694 gr.
914 2640 950 2679 in
976 2640 1156 2680 armario
1185 2636 1408 2679 venditoris
1440 2635 1746 2689 antiquitatum,

124 2708 186 2752 vel
220 2708 297 2752 sub
331 2708 445 2751 basta
482 2707 660 2764 publica,
694 2710 889 2765 quamvis
922 2708 972 2750 de
1007 2708 1114 2750 facto
1149 2711 1284 2762 empta
1320 2719 1397 2748 non
1433 2706 1568 2747 fuerit.
1598 2703 1746 2745 l'rioris

120 2792 240 2823 casus
273 2778 511 2835 exemplum
547 2781 757 2822 invenitur
791 2781 829 2821 in
864 2792 953 2835 cap.
981 2778 1033 2820 ‘13
1069 2778 1160 2821 dist.
1199 2778 1208 2819 l
1245 2778 1427 2819 decons.
1459 2792 1476 2815 «
1503 2774 1563 2817 Ad
1590 2776 1749 2830 nuptia-

241 2933 252 2954 1
278 2933 300 2965 ‘2
327 2932 424 2967 Maii
452 2932 556 2973 1919,
587 2931 663 2967 CO.
692 2930 846 2964 ’.Ἡ-246.
