1965 3240
486 146 568 180 Tl‘r.
596 145 725 180 XXV·
752 166 763 171 -
790 145 848 181 De
872 147 1064 190 beneficiis
1090 149 1357 182 ecclesictsticis
1666 149 1737 182 401

68 299 72 304 .
108 263 289 321 plicitum
325 269 364 307 et
402 280 421 305 (<
440 277 460 307 a
496 269 757 322 competente
780 264 1001 321 Superiore
1035 271 1290 321 acceptatam
1318 283 1337 307 »
1367 266 1475 323 (can.
1501 267 1569 320 72,
1593 267 1621 325 ξ
1646 267 1687 324 1)
1709 268 1734 309 ¹.

113 351 134 377 c(
153 334 214 389 Et,
248 337 343 393 quia
379 337 467 378 iure
500 338 654 392 optimo
677 335 896 379 distinctae
931 336 1095 378 suerunt
1120 336 1344 391 dioecesos,
1371 342 1406 380 ct
1434 337 1666 394 parochiae,
1691 350 1737 381 ac

107 408 331 464 unicuique
365 408 480 462 gregi
516 408 670 463 proprii
704 405 889 450 attributi
915 411 1114 463 pastores,
1137 412 1173 449 ct
1201 409 1440 451 interiorum
1467 408 1736 452 ecclesiarum

107 482 300 531 rectores,
335 479 419 534 qui,
452 490 620 520 suarum
656 479 830 535 quisque
869 479 1026 530 ovium,
1061 490 1203 520 cutam
1240 478 1430 530 habcant,
1465 484 1507 522 ut
1542 480 1642 522 ordo
1677 493 1740 523 cc-

105 548 361 592 clesiasticus
401 561 479 591 non
514 548 807 606 contundatur,
841 553 909 591 aut
945 561 1038 602 una,
1073 552 1109 591 et
1155 549 1301 592 eadem
1340 549 1514 592 ecclesia
1559 551 1737 593 duarum

103 619 413 677 quodaminodo
447 619 684 663 dioecesum
712 620 794 673 liat,
827 632 905 662 non
940 621 1028 662 sine
1052 622 1170 674 grati
1197 633 1339 663 corum
1367 620 1643 675 incommodo,
1669 623 1737 678 qui

106 690 164 733 illi
196 689 350 734 subditi
385 691 535 733 t'uerint
560 706 599 745 i),
619 690 860 734 decernitur
892 703 1070 747 sequens
1103 692 1273 733 canonis
1297 690 1534 747 prohibitio,
1575 693 1737 734 «etiam

107 762 264 803 ratione
297 759 476 816 augendi
511 760 668 803 cultum
703 760 910 813 divinum,
944 764 1012 803 aut
1039 773 1257 803 numerum
1285 760 1644 815 beneficiatorum,
1669 766 1738 804 aut

104 831 183 875 alia
216 843 481 889 quacumque
514 831 565 874 de
598 843 722 874 cansa
748 847 786 875 )).
822 830 1047 874 Prohibitio
1085 844 1183 874 vero
1218 843 1389 874 manens
1421 836 1504 875 est:
1546 832 1583 887 c)
1610 845 1739 889 neque

110 917 130 943 «
149 899 361 946 Ordinarii
387 914 568 959 unquam
595 907 762 958 possunt
788 904 944 945 unire»
973 901 1169 958 beneficia
1192 902 1316 944 11111113
1334 901 1551 957 dioecesis,
1575 905 1737 946 «etiam

101 974 134 1016 51
169 971 428 1029 parochiales
461 972 675 1026 ecclesiae,
715 974 894 1016 vicariae
920 977 1159 1029 perpetuae,
1195 977 1263 1015 aut
1297 972 1502 1029 simplicia
1536 971 1737 1017 beneficia

102 1043 315 1098 fuerint»,
352 1042 494 1100 (Conc.
527 1042 637 1086 ΤΙ-111.
674 1043 749 1086 loc.
783 1043 883 1099 cit),
917 1056 1006 1085 cum
1049 1042 1257 1099 beneficiis
1290 1042 1471 1085 alterius
1519 1042 1732 1094 dioecesis,

101 1114 211 1171 quod
248 1113 562 1170 intelligendum
588 1118 646 1157 est
683 1116 795 1157 iuxta
830 1114 1149 1170 praecedentem
1184 1113 1448 1170 disciplinam
1483 1113 1548 1157 hic
1592 1116 1739 1157 contir-

104 1189 271 1238 matam,
299 1184 469 1227 etiamsi
491 1185 637 1227 1111111110
658 1184 866 1227 dioeceses
888 1197 1012 1241 supra
1036 1198 1258 1241 expressae
1283 1198 1412 1242 aeque
1432 1184 1738 1243 principaliter

104 1255 250 1301 unitae
280 1256 511 1299 secundum
547 1258 758 1312 proprium
794 1255 886 1299 talis
920 1258 1083 1299 unionis
1107 1256 1301 1299 effectum
1326 1255 1375 1298 ab
1411 1270 1491 1299 11110
1525 1254 1735 1314 Episcopo

102 1333 308 1385 requietem·
354 1327 404 1370 ad
455 1340 643 1370 normam
693 1340 781 1371 can.
836 1327 960 1382 1420,
1002 1327 1030 1385 ἓ
1065 1327 1110 1381 23
1155 1340 1202 1370 ac
1237 1327 1404 1370 demum
1441 1330 1600 1370 ratione
1636 1330 1737 1371 iuris

103 1400 279 1455 quaesiti
313 1411 393 1441 non
429 1397 612 1453 tollendi,
646 1398 690 1455 d)
724 1412 855 1455 neque
887 1397 1082 1454 beneficia
1117 1403 1308 1455 eoeempta
1343 1397 1517 1454 proinde
1541 1411 1619 1440 non
1645 1410 1738 1441 con-

102 1468 271 1511 serenda
306 1482 378 1525 per
412 1468 488 1512 loci
513 1466 798 1523 Ordinarium,
833 1467 896 1511 cel
930 1467 1028 1511 Sesti
1060 1467 1328 1526 Apostolicae
1362 1473 1575 1510 reservata
1599 1468 1734 1526 quoad

103 1538 364 1583 collationem
399 1553 490 1582 eccm
523 1539 624 1582 aliis
659 1553 730 1596 per
752 1536 1024 1594 Ordinarium
1062 1539 1256 1583 videlicet
1280 1539 1544 1582 conterendis
1574 1538 1736 1596 quihus-

101 1609 201 1652 tibet
233 1609 368 1667 quoad
403 1623 546 1653 eorum
582 1614 787 1653 naturam.

222 1680 318 1723 324.
355 1683 570 1727 Uniones
607 1684 872 1738 paroeciae
916 1696 1023 1727 cum
1062 1683 1209 1727 domo
1253 1682 1490 1737 religiosa
1547 1679 1734 1723 conside·

102 1755 246 1795 rantur
280 1754 318 1794 in
348 1765 438 1794 can.
466 1754 598 1796 1435.
633 1751 692 1808 Si,
716 1753 824 1810 quod
856 1767 876 1793 ‹<
895 1749 1109 1797 Ordinarii
1135 1751 1319 1795 locorum
1343 1755 1594 1808 nequeunt»
1626 1750 1735 1807 (can.

103 1822 215 1865 1423
249 1826 274 1876 ἓ
307 1821 364 1879 2),
398 1837 423 1865 α
457 1821 562 1866 Sede
593 1822 837 1880 Apostolica
871 1823 977 1876 (can.
1019 1822 1063 1880 7)
1097 1822 1280 1866 scilicet:
1313 1835 1336 1865 a
1369 1822 1407 1866 S.
1442 1820 1592 1878 Congr.
1636 1820 1737 1865 Con-

101 1893 184 1937 cilii
219 1907 313 1937 cum
346 1894 383 1936 S.
417 1892 566 1950 Congr.
601 1894 652 1937 de
686 1893 918 1951 Religiosis,
951 1896 984 1937 si
1018 1893 1141 1937 huius
1175 1893 1340 1937 licentia
1375 1906 1477 1949 opus
1521 1895 1585 1945 sit,
1622 1895 1734 1936 iuxta

101 1964 254 2008 declar.
290 1965 327 2009 S.
362 1963 512 2022 Congr.
536 1964 655 2010 Cous.
676 1966 689 1987 '²
745 1967 993 2022 «proposito
1027 1964 1177 2009 dubio:
1212 1970 1350 2008 utrum
1385 1963 1558 2007 facultas
1589 1977 1736 2007 conce-

103 2035 225 2079 dendi
260 2035 478 2092 Religiosis
512 2038 726 2092 poroecias
757 2035 995 2079 saeculares
1027 2040 1185 2092 spectet
1209 2036 1258 2079 ad
1298 2036 1336 2079 S.
1370 2034 1413 2079 C.
1446 2034 1634 2089 Concilii,
1670 2034 1733 2078 vel

103 2108 238 2162 potius
261 2106 311 2149 ad
336 2106 374 2150 S.
408 2104 451 2150 C.
485 2107 536 2149 de
560 2106 791 2163 Religiosis.
816 2107 906 2150 Emi
934 2107 1073 2150 Patres
1098 2107 1433 2163 respondendum
1459 2110 1732 2150 censuerunt:

102 2181 290 2233 spectare
308 2176 357 2220 ad
382 2177 420 2221 S.
445 2176 486 2221 C.
507 2177 694 2232 Concilii,
726 2178 846 2221 tirma
879 2182 1016 2221 tamen
1050 2177 1302 2234 obligatione
1337 2190 1409 2234 pro
1433 2174 1662 2221 Ordinibus
1696 2182 1732 2220 et

102 2246 503 2304 Congregationibus
538 2248 743 2304 religiosis
785 2248 998 2292 obtinendi
1032 2262 1055 2293 a
1089 2249 1127 2292 S.
1151 2247 1192 2293 C.
1219 2249 1269 2292 de
1294 2248 1514 2305 Religiosis
1545 2261 1733 2291 necessa-

104 2320 205 2361 riam
230 2318 468 2362 facultatem
492 2319 552 2362 101
574 2319 939 2375 dispensationem,
957 2321 989 2362 si
1011 2321 1194 2376 ipsorum
1229 2321 1546 2362 constitutiones
1564 2325 1602 2362 et
1618 2331 1734 2374 regu-

104 2388 165 2431 lae
183 2390 242 2432 eis
267 2388 511 2445 prohibeant
535 2392 749 2446 paroecias
768 2393 946 2434 retinere
979 2395 1019 2434 et
1041 2403 1245 2447 regere».
1271 2390 1466 2447 Sequitur
1491 2392 1528 2432 in
1549 2401 1731 2433 canone:

97 2459 299 2517 paroecia
322 2459 571 2504 beneficium
597 2474 669 2517 per
691 2474 733 2504 se
756 2461 970 2505 saeculare
993 2460 1136 2504 domui
1160 2460 1386 2518 reliqiosae
1402 2472 1480 2503 seu
1512 2475 1532 2500 <c
1551 2460 1727 2503 alicuius

102 2530 314 2587 religionis
347 2533 385 2574 in
415 2544 605 2588 genere»
645 2532 753 2588 (can.
790 2533 888 2587 488,
924 2531 987 2587 5⁰)
1032 2532 1209 2575 11111111111·
1241 2531 1296 2574 acl
1345 2530 1598 2589 temporalia
1639 2536 1730 2573 11111-

103 2606 185 2644 tum
221 2600 331 2659 quod
362 2601 529 2656 attinet,
565 2602 705 2646 verbis
737 2603 883 2647 saltem
916 2602 1306 2661 aequipollentibus,
1342 2602 1443 2645 baec
1474 2604 1570 2644 unio
1594 2602 1729 2658 quoad

102 2672 294 2716 effectum
327 2674 386 2716 510
410 2672 678 2729 intelligenda
711 2678 792 2717 est:
828 2673 974 2717 (10111113
998 2674 1064 2717 1113
1092 2673 1292 2729 reliqiosa
1315 2672 1530 2730 particeps
1554 2671 1612 2728 fit,
1637 2674 1732 2729 quia

101 2755 182 2786 non
216 2755 360 2786 omnes
392 2743 549 2787 fructus
584 2743 639 2786 illi
674 2743 918 2800 obveniunt,
950 2743 1209 2788 solumunodo
1233 2744 1461 2801 fructuum,
1486 2756 1557 2785 scu
1583 2748 1733 2799 tempo—

222 2898 234 2919 *
262 2896 378 2931 Cone.
409 2896 515 2931 Trid.
545 2908 637 2931 sess.
667 2896 773 2941 XIV,
804 2909 886 2942 cap.
917 2898 950 2931 9.
980 2918 1025 2923 —
1052 2898 1064 2920 2
1094 2899 1114 2932 5
1141 2897 1224 2932 Jut.
1256 2897 1359 2930 1915.
1389 2895 1465 2930 CO.
1487 2895 1575 2938 VII,
1603 2895 1682 2930 327.

177 2974 275 3003 BLAT
297 2990 316 2996 -
343 2975 466 3003 Comm.
494 2975 579 3003 Tezt.
605 2975 680 3003 Cod.
704 2975 779 3004 Iar.
805 2977 886 3004 Can.
1612 2975 1649 3000 2¹05
