1965 3240
0 2037 26 2121 *nivo*
7 1963 32 2029 vg».
0 1806 24 1955 ›oe-·*·‘“z-F‹-3-
4 1758 10 1766 ⁷

15 3007 33 3024 ·.‘
15 2980 22 2988 ⁴
0 2819 29 2960 'Na'uff-i'

29 3012 36 3032 „
34 2973 39 2981 „‚
29 2866 31 2868 .
27 2820 31 2822 .

575 155 659 190 TIT.
688 155 795 189 XIV.
826 175 838 180 —
867 155 923 190 De
948 156 1185 190 abstinentia
1211 160 1245 191 et
1272 161 1420 192 ieiunio
1742 161 1807 194 131

181 273 546 332 terpretationibus
579 289 598 315 >³
637 273 745 330 (can.
782 276 805 316 o
842 273 886 316 3⁰
922 273 999 331 20).
1039 292 1053 312 «ι
1093 274 1187 317 ldeo
1233 275 1323 317 illos
1356 276 1469 320 cibos
1515 277 1695 322 Ecclesia
1748 282 1806 323 in-

180 346 347 390 terdixit
380 347 449 402 qui
483 349 522 388 et
556 347 594 387 in
629 345 887 388 comedendo
923 347 1104 387 maxime
1140 345 1291 389 babent
1324 347 1712 398 delectationem‚et
1737 354 1806 393 ite-

180 430 270 461 rum
306 417 486 459 maxime
525 415 736 458 hominem
781 415 830 458 ad
870 428 1048 459 venerea
1093 422 1332 471 provocant.
1377 417 1620 462 Huiusmodi
1670 427 1805 464 autem

178 492 272 531 sunt
304 499 451 531 carnes
482 486 724 530 animalium
761 488 798 529 in
845 491 953 530 terra
1002 488 1303 543 quiescentium
1340 494 1375 531 et
1417 493 1722 546 respirantium,
1770 498 1805 536 et

178 570 284 616 quae
316 557 368 601 ab
401 559 459 600 eis
493 557 738 613 procedunt,
771 559 878 600 sicut
910 556 1116 600 lacticinia
1150 570 1199 600 ex
1235 559 1533 613 gressibilibus.
1569 566 1606 603 et
1640 576 1716 605 ova
1757 576 1805 606 ex

178 627 338 671 avibus.
374 625 482 680 Quia
517 629 625 670 enim
663 626 898 671 huiusmodi
935 629 1067 684 magis
1091 629 1404 671 conformantur
1428 630 1607 673 buniam>
1631 636 1809 689 corpori,

178 699 269 756 plus
286 698 494 742 delectant
513 693 554 741 et
571 700 704 754 magis
723 700 940 742 conferunt
964 699 1013 741 ad
1041 698 1209 742 humani
1230 704 1416 756 corporis
1436 705 1732 746 mitrimentum
1751 704 1806 748 »¹.

181 769 349 827 Propter
372 769 448 813 hoc
473 774 610 813 tamen
636 773 785 813 nostris
809 769 1067 826 temporibus
1090 769 1216 813 debili
1243 776 1414 814 naturae
1450 772 1652 817 bumanae
1679 778 1809 832 magis

177 843 473 893 necessarium,
517 853 648 884 canen
685 843 951 899 prosequitur
1005 856 1026 881 «
1059 854 1153 884 cum
1191 845 1319 885 veteri
1366 845 1455 886 iure
1500 844 1752 901 discrepans,
1787 862 1807 886 e

177 924 249 955 sua
294 911 466 968 proinde
507 913 710 955 sententia
755 912 1049 955 diiudicandus
1082 928 1101 953 ³)
1150 915 1258 967 (can.
1296 914 1333 965 6,
1369 912 1446 971 3⁰):
1482 928 1560 957 non
1597 922 1734 958 (talem,
1767 918 1808 974 a)

177 981 277 1036 ovis,
311 984 401 1025 sive
435 982 676 1026 animalium
712 984 972 1025 terrestrium
1007 985 1097 1026 sive
1122 985 1280 1038 avium,
1301 983 1342 1040 b)
1367 983 1610 1041 lacticiniis,
1637 1000 1806 1044 nempe:

178 1052 282 1096 lacte
319 1052 381 1095 vel
418 1051 761 1109 provenientibus
794 1066 844 1096 ex
880 1053 948 1096 illo
986 1067 1023 1094 v.
1058 1068 1118 1110 gr.
1153 1067 1288 1108 caseo,
1311 1055 1350 1111 c)
1377 1061 1415 1097 e!
1448 1055 1698 1112 quibuslibet
1721 1072 1808 1100 eon-

175 1123 374 1167 dimentis
407 1136 486 1181 qua
522 1123 672 1168 talibus
703 1123 909 1179 ciborum,
943 1127 1017 1168 etsi
1053 1138 1101 1168 ex
1143 1138 1268 1169 carne
1319 1127 1559 1182 procedant,
1597 1127 1671 1171 lioc
1722 1134 1807 1173 est:

176 1194 304 1237 etiam
322 1208 373 1237 eoe
390 1193 516 1252 adipe
538 1194 790 1237 artimalimn
811 1200 931 1251 prout
950 1196 1100 1239 assolet
1120 1198 1396 1240 terrestrium.
1417 1223 1468 1227 —
1489 1197 1723 1243 Notandum
1749 1206 1806 1243 est

182 1265 328 1323 «quod
364 1264 548 1309 Ecclesia
582 1264 874 1309 abstinentiam
911 1268 1128 1310 instituens
1153 1267 1326 1310 intendit
1348 1268 1398 1310 ad
1426 1267 1461 1309 id
1488 1269 1596 1325 quod
1622 1283 1806 1312 commu-

176 1338 268 1379 nius
301 1337 465 1380 accidit.
502 1335 602 1379 Esus
635 1341 773 1379 autem
797 1339 985 1380 carnium
1012 1342 1072 1380 est
1096 1340 1228 1394 magis
1251 1337 1509 1381 delectabilis
1532 1341 1809 1382 communiter

176 1419 300 1465 quam
335 1420 429 1450 esus
462 1409 658 1463 piscium;
692 1410 886 1465 quamvis
920 1411 959 1451 in
994 1408 1242 1465 quibusdam
1292 1409 1411 1452 aliter
1458 1423 1501 1452 se
1550 1409 1710 1453 habeat.
1761 1410 1806 1453 Et

178 1478 270 1522 ideo
292 1477 476 1522 Ecclesia
503 1481 635 1535 magis
654 1478 867 1535 prohibuit
891 1493 1006 1523 esum
1031 1482 1219 1524 carnium
1246 1493 1368 1538 quam
1395 1494 1507 1524 esum
1536 1483 1707 1537 piscium
1734 1497 1753 1522 ))
1778 1481 1806 1525 ⁴².

300 1549 394 1591 114.
428 1552 528 1595 Lex
559 1552 739 1596 ieiunii.
772 1549 818 1593 D.
843 1549 1022 1594 Thomas
1046 1551 1148 1594 haee
1182 1551 1303 1595 habet
1330 1551 1366 1592 ³:
1407 1552 1557 1595 «Sicut
1582 1552 1631 1595 ad
1665 1565 1807 1596 saecu-

178 1619 285 1663 lares
308 1622 515 1677 principes
549 1623 725 1677 pertinet
759 1626 979 1678 praecepta
1014 1622 1161 1678 legalia
1198 1624 1298 1665 iuris
1330 1622 1531 1666 naturalis
1564 1623 1809 1666 determina-

177 1693 262 1734 tiva
296 1691 460 1734 tradere
493 1691 544 1734 de
577 1691 639 1734 his
672 1704 778 1749 quae
803 1695 1009 1749 pertinent
1032 1693 1082 1736 ad
1110 1693 1327 1736 utilitatem
1353 1706 1616 1737 communem
1642 1695 1680 1736 in
1706 1698 1806 1737 tem-

178 1761 390 1818 poralibus
423 1762 570 1817 rebus3
606 1765 659 1806 ita
695 1765 817 1813 etiam
852 1764 901 1807 ad
950 1764 1156 1821 praelatos
1189 1764 1493 1808 ecclesiasticos
1542 1767 1716 1821 pertinet
1760 1778 1807 1808 ea

177 1835 340 1876 statutis
374 1836 632 1890 praecipere,
666 1847 773 1892 quae
807 1835 856 1878 ad
904 1835 1119 1878 utilitatem
1155 1848 1421 1878 communem
1467 1835 1648 1878 tidelium
1685 1838 1807 1892 perti-

178 1908 275 1947 nent
308 1906 346 1947 in
382 1904 668 1961 spiritualibus
703 1905 832 1950 bonis,
871 1932 921 1936 —
958 1905 1121 1949 Dictum
1156 1911 1216 1949 est
1259 1911 1412 1960 autem,
1451 1906 1560 1964 quod
1606 1908 1805 1950 ieiunium

178 1974 278 2018 utile
311 1979 372 2019 est
405 1976 454 2019 ad
490 1975 739 2019 deletionem
776 1981 816 2020 et
848 1976 1144 2021 cohibitionem
1179 1977 1339 2033 culpae.
1374 1981 1413 2020 et
1446 1977 1495 2020 ad
1531 1977 1803 2021 elevationem

178 2048 330 2089 mentis
364 2048 402 2089 in
436 2046 681 2103 spiritualia.
706 2047 1000 2106 Unusquisque
1024 2052 1161 2092 autem
1187 2061 1237 2091 ex
1262 2047 1439 2091 naturali
1465 2049 1622 2091 ratione
1646 2052 1807 2091 tenetur

177 2120 336 2160 tantum
371 2119 534 2160 ieiuniis
566 2120 623 2161 uti
659 2123 859 2176 quantum
894 2118 970 2162 sibi
1007 2121 1288 2162 necessarium
1322 2124 1380 2161 est
1415 2118 1464 2161 ad
1502 2118 1723 2175 praedicta.
1759 2117 1807 2161 Et

178 2187 270 2232 ideo
304 2190 504 2232 ieiunium
540 2191 579 2232 in
614 2192 826 2233 communi
862 2190 973 2234 cadit
1005 2189 1082 2234 sub
1116 2195 1336 2247 praecepto
1370 2190 1472 2247 legis
1503 2194 1695 2233 naturae:
1735 2189 1805 2232 sed

177 2258 468 2303 determinatio
502 2263 700 2317 temporis
734 2266 773 2304 et
807 2261 918 2304 modi
952 2261 1164 2305 ieiunandi
1208 2261 1436 2304 secundum
1472 2262 1804 2303 convenientiam

177 2333 217 2373 et
250 2330 471 2374 utilitatem
506 2330 645 2388 populi
680 2330 910 2385 christiani,
945 2331 1055 2375 cadit
1088 2331 1165 2375 sub
1209 2336 1428 2388 praecepto
1477 2333 1579 2375 iuris
1628 2332 1808 2387 positivi,

177 2401 286 2458 quod
320 2405 380 2444 est
413 2414 436 2445 a
469 2401 664 2458 praelatis
696 2401 908 2446 Ecclesiae
943 2404 1200 2446 institutum:
1235 2406 1275 2446 et
1307 2402 1383 2445 hoc
1417 2406 1477 2445 est
1509 2404 1705 2445 ieiunium
1731 2400 1805 2445 Ec-

177 2470 345 2515 clesiae:
379 2471 491 2515 aliud
528 2485 627 2516 vero
660 2477 721 2516 est
755 2475 954 2516 ieiunium
991 2478 1163 2516 naturae
1196 2489 1236 2517 ³).

295 2542 440 2597 Quoad
492 2542 606 2586 illum
659 2544 827 2587 modum
879 2545 1090 2588 ieiunandi
1135 2546 1277 2587 statuit
1309 2558 1401 2586 ean.
1438 2545 1561 2587 1251.
1596 2542 1622 2599 ξ
1656 2545 1685 2585 1.
1723 2541 1809 2585 Lea·

179 2611 330 2656 ieiunii
362 2613 643 2658 ecclesiastica
675 2614 932 2672 praescribit
956 2620 1001 2657 ut
1024 2614 1195 2658 nonnisi
1218 2614 1342 2657 novica
1373 2627 1450 2670 pei·
1482 2612 1589 2655 diem
1614 2613 1807 2655 comestio

177 2682 274 2739 fiat;
307 2697 401 2727 nam
441 2700 461 2725 <c
495 2687 696 2728 ieiunium
729 2684 782 2729 ab
818 2685 1002 2730 Ecclesia
1037 2688 1267 2729 instituitur
1290 2686 1339 2728 ad
1376 2686 1478 2727 fines
1500 2696 1622 2740 supra
1659 2684 1805 2737 dictos,

178 2755 233 2798 ita
264 2759 402 2799 tamen
436 2756 545 2813 quod
580 2760 727 2800 natura
761 2755 960 2800 salvetur.
995 2757 1056 2800 Ad
1106 2756 1183 2800 hoc
1217 2761 1353 2800 autem
1403 2756 1593 2798 sufficere
1645 2755 1807 2798 ridetur

297 2860 309 2882 1
335 2860 381 2895 D.
409 2859 480 2895 Th.
506 2860 598 2894 II-II
624 2872 658 2905 q.
686 2860 867 2895 CXLVII
893 2873 927 2896 a.
955 2861 988 2897 8.
1016 2873 1048 2896 e.
1090 2882 1133 2886 —
1173 2861 1186 2883 2
1224 2861 1270 2894 D.
1312 2860 1383 2894 Th.
1424 2859 1517 2893 II-II
1545 2872 1580 2904 q.
1610 2858 1803 2900 CXLVII,

171 2916 212 2949 ⁴8.
236 2906 260 2940 8
284 2906 332 2941 ad
356 2908 418 2942 2¹¹¹.
448 2927 492 2933 —
517 2908 532 2930 3
556 2907 666 2952 Π-ΙΙ,
693 2919 730 2954 q.
759 2907 952 2952 CXLVII,
980 2921 1016 2943 a.
1045 2909 1080 2943 3.
1109 2919 1141 2942 c.
