1965 3240
451 149 533 182 Ti‘r.
561 148 687 183 XXV.
717 168 727 173 -
757 148 812 182 Dc
838 147 1030 190 beneficiis
1057 147 1321 180 ecclesiasticis·
1629 143 1698 177 389

75 268 233 314 cialiter
256 269 432 324 cognitis
455 281 502 309 eu
543 284 561 307 «
584 267 781 310 beneticia
803 282 821 307 ))
860 265 1057 321 erigenda
1092 264 1298 318 .s·laln'lem,
1324 269 1363 307 ut
1391 267 1426 306 in
1455 268 1696 320 perpetuum

73 344 149 383 stet
184 340 352 392 erectio,
387 343 425 380 e!
458 352 685 395 eonqruam
720 340 907 394 respectu
943 336 1065 378 otlicii
1100 335 1352 391 adimplendi
1377 334 1511 377 (lolem
1537 334 1585 376 ad
1612 347 1701 376 nor-

76 423 181 454 mam
218 422 306 453 can.
349 409 456 451 1411)
490 409 819 452 constituendam
857 406 1019 454 habere,
1056 408 1107 449 ita
1144 411 1184 449 ut
1219 408 1255 448 in
1290 408 1498 449 erectione
1534 407 1606 460 ipsi
1634 404 1700 447 be·

73 482 220 525 neticio
254 479 484 522 adiudicari
524 482 663 535 possit,
698 493 749 521 ar
781 492 861 536 qua
898 479 953 520 uti
989 491 1036 520 ex
1075 477 1250 519 iuridico
1291 478 1397 518 sonte
1432 475 1593 517 reditas
1625 476 1705 517 sui-

74 553 258 595 licientcs
294 550 560 594 beneticiario
593 555 796 608 perpetuo
832 562 903 606 pro
939 547 1127 591 beneticii
1163 553 1307 590 natura
1340 546 1635 604 percipianlm·
1653 544 1704 587 ob

75 625 135 666 ius
171 623 450 678 possessionis.
489 620 664 677 Explicit
697 620 758 678 ξω
793 622 968 663 innuens
1001 618 1108 662 dotis
1142 617 1377 661 huiusmodi
1418 617 1700 659 diversitatem

75 696 153 737 iam
189 691 458 741 declaratam,
494 691 591 734 dum
627 693 705 734 ait:
741 690 796 733 ml
830 703 1017 733 normam
1053 703 1142 733 eme.
1183 690 1312 730 illo.

191 764 293 807 Cum
333 762 507 805 «dotem
535 762 725 805 beneticii
750 764 1000 805 constituant
1025 759 1129 804 bona
1149 776 1169 801 »
1197 764 1306 813 (can.
1337 757 1480 815 lito),
1502 757 1578 801 sub
1602 770 1701 814 (100-

75 848 166 878 rum
201 835 366 877 nomine
399 838 512 877 certo
551 835 676 887 venit,
714 835 863 876 nostris
888 833 1129 889 praesertim
1154 829 1426 886 temporibus,
1446 830 1620 885 pecunia
1654 826 1706 870 ob

73 906 194 949 huius
228 907 439 958 interesse,
473 909 594 947 cavet
614 906 637 958 g
659 904 695 949 2.
731 903 776 946 Se?
807 902 881 946 dos
916 902 958 945 in
993 906 1214 944 1101116ναίιί
1235 900 1431 959 pecunia,
1457 904 1576 956 prout
1601 898 1702 941 baec

73 990 94 1020 a
128 975 377 1034 syngraphis
410 974 708 1032 obligationum
745 975 1027 1030 distinguitur,
1070 972 1355 1015 constituatur
1399 973 1436 1014 in
1481 972 1704 1023 erectione,

78 1046 337 1091 Ordinarius
369 1049 547 1103 erigens,
583 1045 729 1088 studim
768 1061 787 1086 c(
807 1045 856 1088 ad
896 1044 1031 1088 valide
1065 1043 1313 1100 agendum»
1364 1043 1473 1100 (can.
1511 1041 1605 1094 103,
1641 1039 1702 1097 10)

74 1118 319 1162 dioecesano
353 1116 745 1160 admim'slraliom's
781 1115 965 1160 Consilio
998 1114 1049 1158 (Ie
1080 1128 1158 1172 quo
1194 1114 1255 1157 lex
1281 1118 1319 1157 et
1344 1113 1564 1170 explicatio
1589 1115 1703 1155 inve-

74 1191 239 1233 nientur
273 1189 315 1231 in.
348 1203 438 1232 mm.
476 1189 616 1240 1530,
649 1201 802 1230 curare
833 1185 964 1242 debet,
997 1199 1069 1229 seu
1102 1185 1238 1229 eidem
1274 1184 1475 1228 incumbit
1509 1183 1705 1239 obligatio

74 1260 197 1304 huius
228 1259 280 1314 gi,
316 1264 359 1302 ut
392 1273 516 1317 quam
547 1258 731 1316 primum
773 1272 844 1314 pro
869 1257 990 1300 liuius
1016 1258 1257 1313 praescripti
1283 1260 1444 1309 natura,
1468 1268 1547 1297 non
1572 1254 1704 1297 solum

75 1333 180 1374 intra
215 1335 297 1374 tres
330 1330 430 1385 dies,
467 1328 709 1382 collocetur,
732 1332 927 1385 tanquam
963 1327 1303 1384 subsequentium
1340 1328 1515 1382 pretium
1542 1324 1584 1367 in
1606 1324 1707 1367 lulis

75 1401 287 1458 prodetis
334 1399 558 1444 stabilitate
592 1405 630 1442 et
673 1398 902 1457 fraqiseris
949 1398 1085 1456 quoad
1137 1398 1343 1441 redituum
1397 1397 1705 1453 perceptionem

74 1471 221 1530 fundis
260 1486 294 1515 v.
330 1486 391 1528 gr.
426 1473 550 1528 agris,
585 1469 793 1526 domibus,
837 1474 913 1513 etc.
960 1469 1086 1512 idest:
1130 1468 1245 1511 bonis
1292 1481 1388 1510 vere
1424 1465 1706 1510 immobilibus

77 1542 138 1587 vel
171 1542 406 1586 nonu'ni'bus
440 1541 620 1586 scilicet:
665 1540 912 1598 syngraphis
957 1554 1029 1596 pro
1074 1553 1191 1596 posse
1225 1552 1318 1582 cum
1361 1539 1549 1581 beneticii
1584 1537 1706 1579 deno-

75 1616 311 1659 minatione.

193 1682 299 1737 Quia
335 1684 534 1728 beneiicia
569 1688 711 1727 curata
748 1688 843 1726 sunt
866 1683 1153 1727 constituenda
1189 1683 1431 1739 praesertim
1467 1679 1518 1723 ob
1552 1682 1708 1723 anima-

75 1769 166 1799 rum
202 1755 369 1811 bonum,
405 1755 514 1812 quod
543 1754 757 1811 praevalet
780 1754 1072 1797 ecclesiasticis
1106 1754 1386 1809 praescriptis,
1410 1750 1707 1795 animadvertit

75 1829 184 1870 circa
221 1839 357 1883 praec.
390 1825 466 1884 ξω
501 1825 713 1882 legislator
748 1827 785 1868 in
820 1828 844 1879 ἐ
876 1826 919 1867 3.
954 1823 1045 1869 Non
1077 1822 1326 1882 prohibenti·
1361 1828 1512 1873 lamen,
1535 1835 1605 1865 seu
1630 1820 1707 1864 sub

75 1897 143 1941 illo
166 1898 211 1955 §⁰
235 1911 315 1941 non
340 1897 722 1954 comprehenditur,
748 1895 817 1938 ubi
841 1909 1026 1953 eonqrua
1051 1894 1124 1938 (Ios
1159 1895 1226 1938 illa
1250 1894 1486 1950 supradicta
1508 1891 1709 1935 consului

76 1973 266 2026 nequeat,
298 1982 419 2012 secus
454 1970 562 2012 enim
600 1969 902 2024 praescriptum
940 1966 1039 2009 illud
1064 1965 1317 2009 servandum
1344 1968 1463 2018 esset,
1485 1962 1709 2021 paroecias

75 2046 149 2082 aut
167 2039 542 2097 quasi-paroecias,
561 2051 738 2096 quarum
758 2042 941 2082 mutuam
969 2038 1274 2080 distinctionem
1301 2034 1469 2078 exhibet
1491 2047 1579 2077 can.
1608 2033 1705 2088 216,

76 2113 100 2163 ξ
133 2111 173 2164 3,
205 2110 382 2167 eriyere‚
415 2115 453 2153 et
487 2122 589 2165 quas
622 2111 816 2165 supponit
848 2121 978 2152 canon
1014 2121 1103 2151 esse
1126 2120 1290 2163 semper
1315 2105 1528 2158 beneticia,
1553 2104 1590 2147 si
1610 2118 1709 2161 pru-

76 2180 223 2224 denter
256 2181 381 2224 idest:
417 2194 510 2224 cum
547 2182 704 2223 ratione
739 2181 776 2222 in
811 2180 1134 2223 circumstantiis
1167 2177 1335 2220 lundata
1366 2175 1614 2233 praevideat
1638 2175 1708 2218 bu-

79 2264 200 2295 mano
234 2252 357 2295 modo
392 2251 481 2295 illas
514 2253 691 2307 crigens,
728 2264 776 2293 ea
811 2264 917 2308 quae
950 2249 1189 2292 necessaria
1234 2253 1329 2291 r§wel
1373 2248 1422 2291 ad
1457 2248 1708 2290 sullicientes

76 2335 123 2366 ac
157 2326 377 2379 perpetuos
402 2321 559 2365 reditus
593 2319 768 2364 aliemde
801 2334 881 2363 non
915 2319 1117 2378 defectura
1153 2333 1190 2362 V.
1216 2333 1276 2375 gr.
1302 2332 1351 2361 ex
1389 2317 1550 2361 iuribus
1577 2316 1706 2360 stolae

80 2393 142 2437 vel
178 2393 361 2437 tidelium
399 2393 604 2449 largitate,
637 2397 714 2436 etc.
755 2396 847 2447 «et,
882 2394 914 2434 si
949 2405 1119 2435 necesse
1168 2392 1302 2444 suerit,
1354 2389 1419 2446 (eo
1467 2388 1575 2446 quod
1611 2387 1707 2442 Epi-

75 2463 242 2521 scopus)
277 2463 529 2520 compellere
564 2465 689 2520 possit
738 2463 826 2519 (pro
877 2464 933 2505 rei
984 2461 1149 2519 natura)
1202 2460 1397 2517 populum
1433 2472 1479 2503 ea
1513 2458 1710 2501 submini-

75 2540 222 2589 strare,
254 2547 360 2592 quae
393 2535 599 2578 sufficiant
633 2533 681 2577 ad
721 2536 845 2576 vitam
881 2533 1143 2576 sacerdotum
1180 2532 1429 2589 (animarum
1465 2543 1606 2573 curam
1643 2542 1709 2585 ge-

76 2605 275 2661 rentium)
308 2604 618 2648 sustentandam
641 2620 680 2658 »‚
716 2606 772 2647 uti
807 2605 863 2646 ait
896 2604 1019 2646 (lonc.
1054 2602 1164 2646 Trid.
1208 2602 1233 2646 ¹.

195 2675 293 2718 313.
330 2677 556 2721 Conditio
592 2677 826 2721 erectioni
861 2676 1066 2731 praevia
1116 2675 1309 2716 statuitur
1359 2674 1395 2714 in
1447 2685 1537 2713 ean.
1580 2671 1705 2712 [lm.

77 2745 209 2790 Huius
248 2747 492 2802 praescripti
543 2749 783 2789 accuratum
834 2743 1204 2800 adimplementum
1256 2743 1438 2797 exposcit
1488 2740 1708 2783 erectionis

198 2899 208 2920 1
238 2897 339 2933 Sess.
370 2898 481 2942 XXI,
511 2909 590 2943 cap.
617 2898 650 2931 4.
