1965 3240
431 132 540 167 PAR-s
567 133 632 167 VI.
661 153 673 159 -
699 133 756 168 De
781 135 890 168 bonis
918 135 1107 168 Ecclesiae
1134 135 1410 178 temporalibus
1662 136 1734 169 459

106 255 294 294 exortum
309 251 429 294 simul
446 265 538 294 (nim
559 253 774 295 existentia
796 254 1024 309 utriusque,
1041 252 1104 294 ius
1125 253 1249 295 idest:
1271 253 1505 296 facultatem
1533 254 1729 297 {noralem

105 333 211 377 quae
245 320 334 376 lege
368 321 509 364 divina
547 324 832 378 perpetuitatis
867 321 1075 365 Ecclesiae
1108 323 1256 366 Cliristi
1291 338 1414 379 supra
1452 324 1614 367 l'etrum
1654 325 1728 367 t'ul-

105 393 225 441 citur,
250 390 400 433 liabent
425 391 553 434 libere
576 394 710 450 quoad
740 392 882 436 modos
905 392 1164 435 adhibendos
1188 408 1235 437 ex
1264 399 1407 437 natura
1439 397 1731 450 provenientes

104 466 144 505 et
176 462 284 518 apud
330 462 517 506 homines
567 464 676 507 licite
726 465 895 507 usitatos
938 463 1094 520 absque
1130 465 1209 507 ulla
1246 465 1503 517 limitatione,
1537 469 1730 523 quamvis

105 537 317 588 praetextu
354 536 543 589 propriae
578 535 792 577 cavendae
826 537 1081 578 necessitatis
1113 536 1162 577 ad
1211 537 1333 578 tinem
1369 537 1653 591 temporalem,
1688 542 1757 579 et-

104 602 432 661 imlepemlenter
464 618 512 647 ex
547 607 805 661 suprematia
835 604 1058 659 Ecclesiae,
1084 620 1108 647 (ι
1142 605 1257 648 virili
1278 612 1500 663 potestate,
1524 620 1572 649 eo
1599 611 1729 663 magis

102 673 211 730 quod
246 672 355 717 Deus
393 678 589 717 «terram
626 675 739 717 dedit
774 675 867 717 tiliis
901 674 1113 718 bominum
1140 692 1161 715 n
1201 690 1272 731 pro
1309 681 1481 733 utraque
1523 678 1726 733 spirituali

101 755 148 786 ac
183 743 398 799 temporali
433 744 599 787 condita
633 747 844 800 societate,
871 750 954 788 tum
980 745 1350 802 (cer1211'7·endi,sire
1374 760 1394 789 a
1421 749 1606 802 personis
1630 747 1727 804 pliy-

100 815 209 866 sicis,
242 816 330 857 sive
363 827 384 857 a
418 817 615 858 societate
649 816 777 869 civili,
812 818 984 873 eiusque
1018 819 1204 872 personis
1240 817 1480 870 moralibus,
1506 817 1609 861 bona
1647 832 1728 861 mo-

102 883 197 927 bilia
230 897 301 928 seu
337 884 563 929 immobilia
599 888 801 943 cuiusque
835 889 1012 942 generis,
1047 892 1131 929 tuin
1157 887 1368 930 retinendi
1391 887 1467 931 sul)
1490 902 1571 945 quo
1600 888 1726 932 verbo

100 960 139 998 et
173 956 382 1012 possidere
416 955 600 1012 legitime
644 962 684 1000 et
725 971 802 999 nou
847 957 1029 1001 alienare
1072 959 1485 1014 comprehenduntur
1527 962 1648 1002 etiam
1686 962 1723 1003 iu

100 1039 196 1069 casu
231 1033 360 1083 prop⁸.
396 1027 617 1070 damnatae
655 1030 691 1070 in
735 1029 857 1071 Cone.
892 1027 1100 1072 Constant.
1141 1046 1161 1069 «
1192 1030 1252 1074 16.
1291 1029 1452 1072 Domini
1478 1030 1725 1086 temporales

100 1102 269 1152 possunt
301 1098 350 1141 ad
386 1097 604 1141 arbitrium
640 1112 759 1141 suum
805 1100 968 1142 auferre
1013 1099 1117 1143 bona
1164 1101 1405 1157 temporalia
1440 1100 1491 1144 ab
1524 1101 1725 1156 Ecclesia,

99 1170 412 1223 possessionatis
445 1169 712 1213 liabitualiter
745 1170 1093 1227 delinquentibus,
1130 1172 1167 1214 id
1204 1177 1263 1214 est
1297 1185 1345 1215 ex
1381 1171 1538 1227 habitu,
1562 1185 1640 1215 non
1665 1186 1725 1215 so-

100 1238 181 1281 lum
216 1244 309 1282 actu
345 1239 746 1297 delinquentibus»,
778 1246 817 1283 et
849 1239 1185 1284 admim'strsmdi
1219 1256 1290 1298 per
1324 1248 1615 1299 procuratores
1647 1243 1722 1287 sibi

98 1308 201 1353 bene
227 1312 336 1353 visos
359 1310 464 1354 bona
490 1310 741 1368 temporalia
765 1311 841 1355 sub
866 1314 1132 1368 inscriptione
1156 1313 1380 1369 declarata,
1399 1316 1530 1370 pretio
1550 1315 1724 1370 proinde

96 1381 383 1433 aestimabilia,
419 1394 465 1424 ac
501 1384 735 1437 pecuniam,
768 1382 824 1425 ad
854 1382 956 1439 fines
988 1382 1067 1425 sibi
1104 1384 1250 1441 supple
1289 1384 1544 1428 «Ecclesiae
1582 1385 1721 1428 catho-

97 1450 199 1494 licae
232 1457 271 1494 et
303 1452 567 1509 Apostolicae
601 1453 695 1496 Sedi
720 1469 739 1494 »
776 1454 974 1511 proprios
999 1457 1110 1498 iuxta
1136 1455 1284 1499 Christi
1311 1458 1607 1500 institutionem
1636 1470 1722 1513 per-

94 1523 198 1565 fecte
229 1523 555 1581 prosequendos
589 1523 647 1566 Ex
683 1523 990 1569 Commentario
1024 1526 1159 1570 elucet
1182 1539 1305 1583 quam
1333 1529 1435 1570 iuste
1458 1528 1719 1571 sitdamnata

94 1594 131 1635 in
166 1593 335 1650 Syllabo
367 1608 557 1637 errorum
592 1607 612 1637 a
650 1595 718 1638 Pio
755 1595 805 1638 lX
845 1611 1011 1653 «prop.
1048 1596 1210 1639 XXVll.
1251 1599 1363 1641 Sacri
1398 1597 1609 1641 Ecclesiae
1645 1601 1719 1641 mi-

92 1665 208 1707 nistri
244 1664 536 1722 Romanusque
573 1665 755 1709 Pontifex
790 1666 842 1710 ab
874 1670 985 1710 omni
1034 1682 1169 1712 rerum
1216 1669 1503 1725 temporalium
1539 1682 1638 1713 cura
1672 1682 1720 1713 ac

89 1734 273 1778 dominio
321 1741 415 1779 sunt
463 1739 631 1779 omnino
680 1738 996 1781 excludendi».
1042 1739 1088 1782 Et
1127 1745 1269 1783 contra
1306 1740 1611 1796 paragraphum
1646 1742 1720 1783 t'uit

89 1806 282 1849 damnata
317 1806 469 1850 ibidem
511 1823 530 1847 «
558 1807 675 1864 Prop.
712 1807 856 1851 XXVl.
894 1809 1076 1853 Ecclesia
1113 1824 1190 1853 non
1230 1810 1353 1854 habet
1377 1814 1562 1854 nativum
1589 1825 1635 1855 ac
1663 1812 1717 1855 le-

89 1879 279 1933 gitimum
314 1880 376 1921 ius
409 1879 650 1935 acquirendi
687 1892 734 1923 ac
768 1881 1067 1935 possidendi».

206 1950 230 2001 ξ
251 1949 292 1990 ’3.
317 1946 462 1990 Etiam
485 1948 673 1992 eeclesiis
696 1949 1003 2007 sinyularibus,
1026 1952 1207 1996 scilicet:
1234 1957 1319 1995 tum
1345 1953 1604 1997 dioecesibus
1628 1958 1713 1997 tum

88 2017 260 2060 aedibus
292 2021 432 2073 sacris,
466 2018 649 2076 aliisque
679 2021 873 2077 personis
906 2022 1138 2065 moralibus·
1177 2039 1195 2063 ((
1222 2023 1509 2079 collegialibus
1553 2029 1589 2067 et
1636 2038 1713 2067 non

88 2087 416 2144 collegialibus»
454 2092 558 2143 (can.
594 2091 682 2148 99),
721 2105 827 2148 qnae
870 2091 918 2134 ab
962 2093 1249 2136 ecelesiastica
1293 2095 1550 2137 cummi-itale
1596 2098 1715 2138 unice

88 2158 413 2202 considerandae
457 2172 478 2202 a
520 2160 671 2204 Codice
706 2162 748 2204 in
782 2162 1010 2206 iuridicam
1040 2178 1283 2222 personam,
1317 2165 1354 2207 id
1390 2170 1450 2207 est.
1486 2168 1521 2208 iu
1560 2168 1710 2208 iurium

87 2227 317 2272 subiectum
358 2245 378 2271 «
404 2244 475 2286 per
510 2231 681 2274 t'ormale
714 2233 927 2276 decretum
963 2235 1012 2278 ad
1049 2237 1173 2278 tinem
1211 2235 1449 2291 religiosum
1479 2236 1539 2279 vel
1565 2239 1713 2279 carita-

88 2300 217 2342 tivum
242 2316 264 2340 n
305 2300 412 2356 (can.
454 2301 548 2355 100,
582 2305 606 2356 ἓ
644 2303 679 2357 t)
713 2309 876 2347 erectae
908 2305 1006 2360 κίηῖ,
1033 2310 1069 2349 et
1096 2306 1172 2349 hac
1195 2306 1246 2349 de
1270 2318 1393 2349 causa
1419 2310 1714 2363 participantes

88 2374 276 2413 naturam
311 2373 631 2416 existentiamve
666 2373 774 2417 illius
807 2375 1021 2431 ecclesiae,
1058 2379 1112 2419 uti
1140 2382 1277 2433 partes
1300 2377 1503 2431 eiusdem,
1529 2378 1622 2421 iude
1648 2378 1713 2420 ius

86 2445 146 2482 est
181 2442 218 2483 in
255 2444 464 2485 erectione
499 2443 742 2499 implicitum
778 2450 818 2488 et
854 2448 891 2488 vi
927 2446 1050 2490 liuius
1092 2449 1262 2490 canonis
1301 2447 1514 2502 tributum,
1549 2449 1621 2491 sed
1657 2448 1713 2491 acl

86 2523 273 2553 >lerinam
307 2526 526 2556 sacrorum
559 2528 764 2557 canonum
797 2517 931 2573 quoad
966 2521 1054 2561 eius
1078 2518 1227 2561 limites
1251 2530 1298 2561 ac
1322 2521 1584 2573 exercitium,
1605 2518 1711 2561 bona

83 2581 337 2638 temporalia
370 2583 632 2640 acquirendi,
658 2585 870 2628 retinendi
892 2591 930 2629 ec
953 2586 1303 2637 actmz'nistramn‘,
1330 2592 1447 2644 prout
1475 2588 1572 2631 illud
1612 2589 1711 2631 mul-

83 2649 208 2705 tiplex
250 2666 268 2691 (t
294 2653 399 2695 ius»
438 2654 512 2696 t'uit
547 2656 583 2696 in
617 2654 645 2711 ξ
684 2654 723 2696 1⁰
755 2656 1012 2700 declaratum
1046 2658 1181 2715 quoad
1222 2657 1346 2701 verba
1382 2658 1447 2700 liic
1484 2659 1624 2702 relata.

198 2720 311 2765 Haec
336 2724 424 2765 iura
448 2724 613 2766 fuerunt
630 2738 650 2767 a
673 2730 828 2768 remota
853 2729 1098 2784 antiquitate
1124 2741 1195 2783 per
1213 2727 1440 2771 Ecclesiam
1466 2729 1514 2771 ad
1544 2731 1705 2784 praxim

81 2791 258 2835 deducta
283 2792 578 2844 diversimode,
603 2800 723 2850 prout
748 2800 946 2852 tempora,
968 2811 1169 2855 personae
1194 2804 1229 2841 et
1257 2798 1342 2841 loca
1368 2798 1566 2853 terebant,
1585 2805 1709 2856 atque

81 2860 173 2904 data
209 2865 520 2919 opportunitate
554 2877 626 2920 per
663 2865 905 2921 multiplicia
939 2868 1187 2911 documenta
1237 2873 1275 2911 et
1324 2871 1425 2912 tacta
1465 2869 1709 2925 sibimetipsi
