1965 3240
164 80 235 115 504
355 81 440 114 LIB.
467 81 539 114 [ΙΙ.
568 100 580 105 -
608 80 718 115 PARS
745 80 811 115 VI.
839 100 852 106 -
879 81 936 115 De
960 81 1070 116 bonis
1096 82 1289 116 Ecclesiae
1319 83 1598 127 temporalibus

164 199 399 243 declaratae
433 201 471 242 in
505 198 812 243 Commentario
835 199 989 243 Textus
1007 199 1056 243 ad
1083 213 1171 243 can.
1198 200 1295 255 201,
1319 203 1345 255 g
1369 200 1406 255 3,
1442 200 1485 258 b)
1507 201 1570 244 vel
1599 215 1677 259 pro
1702 216 1791 245 ease·
1852 194 1858 200 ¹

163 270 331 313 cutione
362 269 666 327 rescriptorum
701 269 821 313 Sedis
853 270 1135 328 Apostolicae,
1154 273 1243 314 sive
1282 274 1604 315 «committatur
1629 286 1789 316 merum
1850 272 1857 275 ”

162 343 420 385 executionis
456 342 775 384 ministerium»
814 340 923 397 (can.
960 342 1027 395 54,
1060 342 1088 398 ξ
1122 341 1178 398 1),
1212 344 1302 385 sive
1340 358 1360 383 ε(
1384 345 1594 386 concessio
1632 345 1791 399 gratiae

141 413 394 455 -exsecutori
430 413 714 454 committatur
736 406 770 452 »’
796 411 839 469 (ἓ
873 412 924 467 2),
959 425 1037 454 non
1077 425 1175 455 vero
1198 411 1389 467 aliorum,
1413 415 1536 456 etiam
1561 414 1725 470 quando
1750 412 1789 456 hi
1856 450 1858 452 .
1924 471 1926 480 y

166 498 188 523 «
211 481 388 525 debeant
420 479 644 526 Ordinario
678 484 936 538 impetrantis
962 483 1214 538 praesentari
1238 498 1260 523 »
1300 482 1408 540 (can.
1435 483 1516 538 51),
1542 496 1634 526 nam
1673 500 1694 524 «
1718 497 1790 539 pro

161 554 456 608 recognitionis
500 555 748 607 testimonio,
792 566 872 609 quo
919 555 1117 608 rescripta
1164 552 1304 610 (haec)
1345 556 1645 602 muniuntur‚...
1680 553 1790 597 nulla

160 628 221 667 est
255 623 478 679 repetenda
511 627 809 679 compensatio.
842 623 1112 666 Necessariae
1137 628 1274 666 tamen
1301 627 1513 680 impensae
1536 627 1679 668 sarciri
1701 638 1788 681 pos-

160 698 267 749 sunt,
302 694 446 752 quales
478 707 542 738 ex.
578 708 637 750 gr.
675 699 900 737 occurrunt
931 694 981 737 ad
1018 694 1094 737 loci
1129 697 1406 749 cognitionem
1444 697 1481 737 in
1506 695 1645 738 sacelli
1671 709 1788 738 usum

161 765 399 821 adhibendi,
434 770 504 808 aut
536 765 586 808 ad
621 765 717 808 fidei
749 765 1131 821 comprobationem
1167 760 1276 809 circa
1310 765 1489 824 aliquam
1529 779 1689 809 sacram
1727 780 1789 809 re-

162 836 332 894 liquiam
356 852 376 878 ))
407 836 434 877 ².
470 836 588 891 Quod
625 836 822 892 implicite
855 841 1092 879 contentum
1129 841 1189 879 est
1224 839 1260 879 in
1296 839 1466 880 canonis
1498 837 1696 891 clausula,
1720 839 1788 894 qui

159 909 218 950 sic
253 910 538 964 prosequitur:
589 907 629 964 c)
663 906 726 949 vel
773 907 990 950 occasione
1036 907 1370 958 ministrationis
1418 907 1790 950 Sacramentorum

161 977 442 1035 quorumlibet
474 977 537 1020 vel
570 977 965 1031 Sacramentalium,
1000 978 1167 1034 quando
1206 993 1226 1019 ((
1250 991 1328 1021 non
1365 977 1540 1022 habetur
1561 980 1737 1022 simonia
1763 993 1783 1020 ))

162 1048 271 1106 (can.
307 1048 407 1104 730)
442 1050 497 1091 uti
531 1048 582 1091 ad
618 1048 733 1091 illum
767 1061 856 1091 can.
892 1051 930 1090 in
965 1047 1272 1092 Commentario
1314 1048 1468 1092 Textus
1501 1050 1574 1092 tuit
1604 1048 1791 1092 declara-

163 1124 261 1169 tum,
281 1120 324 1162 in
344 1124 432 1162 tota
449 1119 734 1162 ecelesiastica
754 1119 988 1177 provincia,
1012 1119 1323 1176 comprehensis
1345 1133 1510 1178 quoque
1534 1119 1794 1163 dioecesibus

162 1196 201 1234 et
223 1189 620 1247 quasi-dioecesibus
642 1202 818 1247 quarum
848 1191 1033 1233 Pastores
1070 1207 1092 1231 «
1115 1203 1207 1233 cum
1236 1190 1405 1233 Prelatis
1429 1190 1536 1234 illius
1559 1192 1786 1234 intersint»

161 1261 211 1305 ad
247 1273 434 1304 normam
487 1274 576 1304 can.
626 1261 723 1314 ⁶285,
773 1273 865 1304 nam
921 1261 1056 1304 «illas
1090 1261 1332 1318 praefinire
1359 1266 1516 1304 taxas»
1565 1266 1626 1304 esl
1660 1263 1721 1304 ius
1753 1265 1793 1304 et

162 1332 342 1375 officium
381 1331 560 1374 Concilii
589 1332 869 1389 provincialis
902 1337 976 1374 aut
1009 1334 1115 1375 inter
1148 1345 1275 1375 unum
1300 1337 1339 1375 et
1361 1331 1619 1389 subsequens
1648 1347 1667 1371 <c
1687 1337 1786 1375 est»

162 1408 385 1446 conventus
418 1401 723 1460 Episcoporum
755 1403 1000 1460 procinctae
1047 1403 1140 1446 «ad
1185 1417 1307 1460 quem
1353 1405 1474 1446 etiam
1514 1402 1703 1459 Episcopi
1739 1402 1791 1446 de

162 1473 313 1531 quibus
347 1476 384 1516 in
419 1485 509 1517 can.
536 1474 618 1516 ⁶285
643 1476 865 1517 convocari
891 1480 929 1517 et
952 1477 1177 1517 convenire
1199 1474 1351 1518 debent
1373 1490 1393 1515 ))
1433 1474 1541 1531 (can.
1567 1474 1663 1527 292,
1697 1474 1705 1485 ³
1732 1473 1788 1530 2)3

161 1543 234 1587 sed
265 1544 386 1587 mella
418 1544 458 1588 ‘vt'
490 1543 734 1601 obligatoria
782 1545 1029 1602 praefinitio
1078 1545 1285 1589 eiusmodi
1333 1545 1410 1588 hoc
1459 1550 1541 1588 est:
1590 1545 1640 1588 ad
1685 1544 1790 1588 banc

162 1628 349 1658 normam
386 1615 593 1659 elaborata
625 1615 769 1674 pollet,
804 1616 888 1658 m'si
918 1616 1046 1673 prius>
1073 1629 1196 1674 quam
1233 1619 1270 1658 in
1309 1619 1467 1672 praxim
1502 1616 1733 1659 deducatur
1766 1629 1791 1658 a

164 1685 267 1729 Sede
298 1686 540 1743 Apostolica
563 1686 798 1744 approbata
820 1686 966 1744 fuerit,
991 1691 1031 1730 et
1054 1687 1149 1730 hinc
1188 1700 1351 1744 «quam
1378 1689 1556 1743 primum
1583 1688 1789 1729 transmit-

162 1758 285 1800 tenda
319 1757 368 1800 ad
403 1757 440 1802 S.
473 1756 644 1802 Concilii
668 1756 1040 1815 Congregationem
1068 1772 1139 1814 pro
1163 1758 1459 1815 approbatione
1483 1773 1503 1799 ³)
1542 1757 1679 1812 (Dec.⁰
1702 1757 1790 1801 cit.⁰

162 1828 212 1871 ad
248 1828 333 1885 ΙΙΙ),
366 1830 485 1871 sicuti
516 1828 814 1884 «Propositum
851 1831 923 1872 fuit
956 1830 992 1871 S.
1028 1827 1177 1885 Congr.
1212 1828 1384 1873 Consisl.
1419 1827 1618 1872 dubium:
1643 1828 1787 1873 Utrum

165 1904 253 1955 post
285 1898 420 1943 Const.
459 1899 651 1957 Sapienti
688 1899 873 1943 Consilio
907 1900 1043 1943 adhuc
1062 1905 1218 1956 spectet
1244 1900 1293 1943 ad
1319 1901 1355 1942 S.
1382 1898 1424 1944 C.
1448 1898 1618 1943 Concilii
1643 1899 1792 1955 adpro-

164 1969 262 2014 bare
296 1975 412 2013 taxas
443 1969 660 2015 Curiarum
695 1970 1018 2027 Episcopalium,
1058 1984 1134 2014 nec
1178 1984 1256 2013 nou
1299 1970 1496 2013 dirimere
1528 1972 1790 2027 quaestiones

163 2054 319 2090 omnes,
353 2053 460 2098 quae
493 2041 544 2084 ad
579 2054 647 2085 eas
680 2043 940 2095 referuntur;
975 2054 1025 2085 an
1064 2055 1160 2085 vero
1194 2041 1296 2085 haec
1330 2041 1501 2084 facultas
1535 2040 1787 2084 reservanda

162 2114 214 2155 sit
246 2111 342 2154 huic
376 2112 414 2156 S.
448 2112 490 2155 C.
525 2110 818 2156 Consistoriali.
842 2138 899 2143 —-
922 2111 994 2155 Cui
1019 2112 1145 2156 dubio
1178 2111 1326 2156 Emmi.
1355 2112 1424 2156 PP.
1450 2110 1783 2168 respondendum

163 2187 413 2226 censuerunt
446 2182 484 2226 2:
520 2182 781 2226 Affirmative
814 2183 863 2226 ad
901 2185 1075 2239 primam
1119 2187 1292 2239 partem,
1335 2184 1529 2239 negative
1561 2182 1610 2225 ad
1645 2194 1790 2224 secun-

163 2252 256 2295 dam
284 2268 320 2297 )).
346 2252 394 2296 Et
417 2252 495 2297 hoc
522 2255 632 2310 viget
656 2256 693 2296 in
719 2252 886 2307 Codice,
908 2254 1006 2296 dum
1033 2266 1162 2297 canon
1184 2254 1266 2296 ⁶250
1284 2253 1312 2312 ξ
1331 2254 1354 2297 2
1373 2253 1495 2297 dicit:
1525 2268 1545 2294 «
1563 2253 1600 2296 S.
1621 2251 1786 2308 Cong1·⁸.

163 2322 333 2366 Concilii
369 2329 472 2368 est...
512 2324 766 2368 inoderarari
815 2337 964 2381 quae...
1014 2329 1130 2368 taxas
1177 2324 1393 2367 (luriaruin
1444 2323 1784 2380 episcopalium...

164 2396 370 2450 attingunt
395 2411 432 2436 ».
1166 2452 1169 2455 ff

282 2464 342 2507 Ad
378 2466 678 2509 conficiendam
704 2466 813 2509 illam
840 2471 1028 2508 taxarum
1056 2467 1382 2522 praefinitionem
1412 2466 1542 2521 primo
1564 2464 1625 2507 vel
1649 2468 1786 2520 postea

166 2536 419 2586 mutandam,
449 2541 487 2579 et
510 2537 558 2579 ad
587 2539 745 2593 praxim
771 2539 847 2579 rite
870 2537 1160 2593 applicandam
1189 2536 1309 2580 valde
1343 2536 1441 2579 utile
1475 2536 1559 2578 fore
1595 2539 1786 2591 putamus

166 2606 230 2648 illa
266 2620 518 2663 cognoscere
552 2610 766 2664 principia,
801 2620 906 2664 quae
942 2610 978 2650 in
1013 2610 1107 2652 cit.⁰-
1128 2606 1242 2651 Dec.⁰
1265 2607 1304 2651 S.
1328 2606 1369 2652 C.
1394 2605 1566 2651 Concilii
1600 2606 1783 2648 edocuit:

171 2691 190 2716 «
214 2676 241 2718 l.
276 2677 337 2720 An
373 2683 411 2720 et
444 2691 550 2735 quae
583 2683 677 2721 taxa
712 2680 864 2733 imponi
901 2680 1026 2733 possit
1060 2680 1171 2720 iuxta
1197 2677 1440 2734 prudentiae
1463 2681 1502 2719 et
1527 2677 1704 2718 iustitiae
1728 2687 1787 2716 re-

285 2785 295 2805 ¹
323 2783 424 2818 Ordo
451 2784 667 2819 servandus
702 2784 742 2817 in
777 2783 888 2817 Rom.
930 2782 1064 2817 Curia.
1106 2783 1269 2816 Normae
1310 2782 1536 2826 peculiares,
1578 2780 1670 2824 Cap.
1712 2778 1782 2822 ΙΙΙ,

166 2831 251 2863 Art.
281 2831 311 2869 I,
341 2842 377 2865 n.
405 2833 453 2865 50.
487 2852 527 2856 -—
553 2832 567 2854 2
592 2833 632 2865 21
664 2832 756 2875 Apr.
791 2830 891 2863 1910.
921 2830 998 2864 CO.
1027 2830 1077 2872 ΙΙ,
1106 2830 1187 2863 330.
