<?xml version="1.0" encoding="UTF-8"?>
<!DOCTYPE html PUBLIC "-//W3C//DTD XHTML 1.0 Transitional//EN"
    "http://www.w3.org/TR/xhtml1/DTD/xhtml1-transitional.dtd">
<html xmlns="http://www.w3.org/1999/xhtml" xml:lang="en" lang="en">
 <head>
  <title>
</title>
<meta http-equiv="Content-Type" content="text/html;charset=utf-8" />
  <meta name='ocr-system' content='tesseract 3.04.00' />
  <meta name='ocr-capabilities' content='ocr_page ocr_carea ocr_par ocr_line ocrx_word'/>
</head>
<body>
  <div class='ocr_page' id='page_1' title='image "./commentariumtext03blatuoft_0556.png"; bbox 0 0 1965 3240; ppageno 0'>
   <div class='ocr_carea' id='block_1_1' title="bbox 160 124 809 159">
    <p class='ocr_par' dir='ltr' id='par_1_1' title="bbox 160 124 809 159">
     <span class='ocr_line' id='line_1_1' title="bbox 160 124 809 159; baseline 0 -1"><span class='ocrx_word' id='word_1_1' title='bbox 160 125 232 159; x_wconf 80' lang='lat'>544</span> <span class='ocrx_word' id='word_1_2' title='bbox 350 125 435 158; x_wconf 72' lang='lat' dir='ltr'>Lm.</span> <span class='ocrx_word' id='word_1_3' title='bbox 464 124 537 159; x_wconf 86' lang='grc' dir='ltr'><strong>ΙΙΙ.</strong></span> <span class='ocrx_word' id='word_1_4' title='bbox 566 144 579 149; x_wconf 93' lang='grc'>-</span> <span class='ocrx_word' id='word_1_5' title='bbox 605 124 717 158; x_wconf 74' lang='lat' dir='ltr'>PARS</span> <span class='ocrx_word' id='word_1_6' title='bbox 743 124 809 158; x_wconf 87' lang='lat' dir='ltr'>VI.</span> 
     </span>
    </p>
   </div>
   <div class='ocr_carea' id='block_1_2' title="bbox 838 124 1595 169">
    <p class='ocr_par' dir='ltr' id='par_1_2' title="bbox 838 124 1595 169">
     <span class='ocr_line' id='line_1_2' title="bbox 838 124 1595 169; baseline -0.001 -10"><span class='ocrx_word' id='word_1_7' title='bbox 838 144 850 149; x_wconf 95' lang='lat'>-</span> <span class='ocrx_word' id='word_1_8' title='bbox 876 124 933 159; x_wconf 88' lang='lat' dir='ltr'>De</span> <span class='ocrx_word' id='word_1_9' title='bbox 958 125 1067 159; x_wconf 77' lang='lat' dir='ltr'>bonis</span> <span class='ocrx_word' id='word_1_10' title='bbox 1093 125 1286 159; x_wconf 77' lang='lat' dir='ltr'><em>Ecclesiae</em></span> <span class='ocrx_word' id='word_1_11' title='bbox 1316 125 1595 169; x_wconf 78' lang='lat' dir='ltr'><em>temporalibus</em></span> 
     </span>
    </p>
   </div>
   <div class='ocr_carea' id='block_1_3' title="bbox 164 183 1638 194">
    <p class='ocr_par' dir='ltr' id='par_1_3' title="bbox 164 183 1638 194">
     <span class='ocr_line' id='line_1_3' title="bbox 164 183 1638 194; baseline 0 0"><span class='ocrx_word' id='word_1_12' title='bbox 164 183 1638 194; x_wconf 95' lang='lat' dir='ltr'> </span> 
     </span>
    </p>
   </div>
   <div class='ocr_carea' id='block_1_4' title="bbox 156 242 938 1561">
    <p class='ocr_par' dir='ltr' id='par_1_4' title="bbox 162 242 936 336">
     <span class='ocr_line' id='line_1_4' title="bbox 164 242 936 278; baseline 0 0"><span class='ocrx_word' id='word_1_13' title='bbox 164 254 233 278; x_wconf 89' lang='lat' dir='ltr'>non</span> <span class='ocrx_word' id='word_1_14' title='bbox 268 248 349 277; x_wconf 85' lang='lat' dir='ltr'>sunt</span> <span class='ocrx_word' id='word_1_15' title='bbox 384 243 565 278; x_wconf 86' lang='lat' dir='ltr'>vendenda</span> <span class='ocrx_word' id='word_1_16' title='bbox 597 246 657 277; x_wconf 88' lang='lat' dir='ltr'>aut</span> <span class='ocrx_word' id='word_1_17' title='bbox 687 242 835 277; x_wconf 86' lang='lat' dir='ltr'>locanda</span> <span class='ocrx_word' id='word_1_18' title='bbox 860 242 936 278; x_wconf 88' lang='lat' dir='ltr'>sine</span> 
     </span>
     <span class='ocr_line' id='line_1_5' title="bbox 162 288 783 336; baseline -0.002 -12"><span class='ocrx_word' id='word_1_19' title='bbox 162 290 303 336; x_wconf 85' lang='lat' dir='ltr'>speciali</span> <span class='ocrx_word' id='word_1_20' title='bbox 332 288 510 325; x_wconf 86' lang='lat' dir='ltr'>Ordinarii</span> <span class='ocrx_word' id='word_1_21' title='bbox 540 289 601 324; x_wconf 91' lang='lat' dir='ltr'>loci</span> <span class='ocrx_word' id='word_1_22' title='bbox 630 289 783 324; x_wconf 86' lang='lat' dir='ltr'>licentia.</span> 
     </span>
    </p>

    <p class='ocr_par' dir='ltr' id='par_1_5' title="bbox 159 334 938 713">
     <span class='ocr_line' id='line_1_6' title="bbox 210 334 936 378; baseline -0.001 -6"><span class='ocrx_word' id='word_1_23' title='bbox 210 336 294 373; x_wconf 29' lang='lat' dir='ltr'>CAN,</span> <span class='ocrx_word' id='word_1_24' title='bbox 330 335 429 371; x_wconf 76' lang='lat'>1541.</span> <span class='ocrx_word' id='word_1_25' title='bbox 460 357 480 362; x_wconf 89' lang='lat'><em>—</em></span> <span class='ocrx_word' id='word_1_26' title='bbox 510 340 529 378; x_wconf 67' lang='grc' dir='ltr'>ἓ</span> <span class='ocrx_word' id='word_1_27' title='bbox 560 336 585 371; x_wconf 83' lang='lat'>1.</span> <span class='ocrx_word' id='word_1_28' title='bbox 615 334 821 371; x_wconf 82' lang='lat' dir='ltr'>Contractus</span> <span class='ocrx_word' id='word_1_29' title='bbox 848 335 936 371; x_wconf 87' lang='lat' dir='ltr'>loca-</span> 
     </span>
     <span class='ocr_line' id='line_1_7' title="bbox 163 382 938 419; baseline 0 -1"><span class='ocrx_word' id='word_1_30' title='bbox 163 384 267 419; x_wconf 85' lang='lat' dir='ltr'>tionis</span> <span class='ocrx_word' id='word_1_31' title='bbox 304 384 453 419; x_wconf 85' lang='lat' dir='ltr'>alicuius</span> <span class='ocrx_word' id='word_1_32' title='bbox 493 383 589 418; x_wconf 79' lang='lat' dir='ltr'>fundi</span> <span class='ocrx_word' id='word_1_33' title='bbox 632 382 854 419; x_wconf 85' lang='lat' dir='ltr'>ecclesiastici</span> <span class='ocrx_word' id='word_1_34' title='bbox 895 394 938 418; x_wconf 93' lang='lat' dir='ltr'>ne</span> 
     </span>
     <span class='ocr_line' id='line_1_8' title="bbox 164 429 937 472; baseline -0.001 -7"><span class='ocrx_word' id='word_1_35' title='bbox 164 432 262 471; x_wconf 83' lang='lat' dir='ltr'>fiant,</span> <span class='ocrx_word' id='word_1_36' title='bbox 291 431 357 465; x_wconf 90' lang='lat' dir='ltr'>nisi</span> <span class='ocrx_word' id='word_1_37' title='bbox 385 431 426 466; x_wconf 86' lang='lat' dir='ltr'>ad</span> <span class='ocrx_word' id='word_1_38' title='bbox 454 441 614 466; x_wconf 86' lang='lat' dir='ltr'>normam</span> <span class='ocrx_word' id='word_1_39' title='bbox 640 441 713 465; x_wconf 79' lang='lat' dir='ltr'>can.</span> <span class='ocrx_word' id='word_1_40' title='bbox 735 429 837 470; x_wconf 84' lang='grc'>1531,</span> <span class='ocrx_word' id='word_1_41' title='bbox 858 430 937 472; x_wconf 62' lang='lat'>§23</span> 
     </span>
     <span class='ocr_line' id='line_1_9' title="bbox 159 477 936 523; baseline -0.003 -10"><span class='ocrx_word' id='word_1_42' title='bbox 159 484 194 514; x_wconf 88' lang='grc'>61</span> <span class='ocrx_word' id='word_1_43' title='bbox 222 479 255 513; x_wconf 91' lang='lat' dir='ltr'>in</span> <span class='ocrx_word' id='word_1_44' title='bbox 285 478 326 512; x_wconf 89' lang='lat' dir='ltr'>iis</span> <span class='ocrx_word' id='word_1_45' title='bbox 351 478 526 513; x_wconf 80' lang='lat' dir='ltr'>addantur</span> <span class='ocrx_word' id='word_1_46' title='bbox 552 488 687 523; x_wconf 89' lang='lat' dir='ltr'>semper</span> <span class='ocrx_word' id='word_1_47' title='bbox 720 477 936 513; x_wconf 90' lang='lat' dir='ltr'>conditiones</span> 
     </span>
     <span class='ocr_line' id='line_1_10' title="bbox 162 524 935 565; baseline -0.004 -4"><span class='ocrx_word' id='word_1_48' title='bbox 162 526 203 561; x_wconf 88' lang='lat' dir='ltr'>de</span> <span class='ocrx_word' id='word_1_49' title='bbox 230 525 399 560; x_wconf 90' lang='lat' dir='ltr'>limitibus</span> <span class='ocrx_word' id='word_1_50' title='bbox 424 525 672 565; x_wconf 66' lang='lat' dir='ltr'>custodiendis</span> <span class='ocrx_word' id='word_1_51' title='bbox 695 524 737 559; x_wconf 89' lang='grc'>(16</span> <span class='ocrx_word' id='word_1_52' title='bbox 755 524 847 560; x_wconf 86' lang='grc'>110113</span> <span class='ocrx_word' id='word_1_53' title='bbox 864 524 935 560; x_wconf 89' lang='grc'>661-</span> 
     </span>
     <span class='ocr_line' id='line_1_11' title="bbox 161 572 934 618; baseline 0 -11"><span class='ocrx_word' id='word_1_54' title='bbox 161 573 265 614; x_wconf 86' lang='grc'>11066,</span> <span class='ocrx_word' id='word_1_55' title='bbox 291 572 333 608; x_wconf 91' lang='grc'>(16</span> <span class='ocrx_word' id='word_1_56' title='bbox 359 573 423 608; x_wconf 89' lang='lat' dir='ltr'>rite</span> <span class='ocrx_word' id='word_1_57' title='bbox 449 572 613 608; x_wconf 91' lang='lat' dir='ltr'>solvendo</span> <span class='ocrx_word' id='word_1_58' title='bbox 639 582 784 611; x_wconf 80' lang='lat' dir='ltr'>canone,</span> <span class='ocrx_word' id='word_1_59' title='bbox 813 572 855 606; x_wconf 92' lang='lat' dir='ltr'>de</span> <span class='ocrx_word' id='word_1_60' title='bbox 876 583 934 618; x_wconf 93' lang='lat' dir='ltr'>op-</span> 
     </span>
     <span class='ocr_line' id='line_1_12' title="bbox 163 619 934 666; baseline -0.001 -12"><span class='ocrx_word' id='word_1_61' title='bbox 163 625 310 666; x_wconf 84' lang='lat' dir='ltr'>portuna</span> <span class='ocrx_word' id='word_1_62' title='bbox 335 619 470 655; x_wconf 85' lang='lat' dir='ltr'>cautela</span> <span class='ocrx_word' id='word_1_63' title='bbox 496 630 557 665; x_wconf 87' lang='lat' dir='ltr'>pro</span> <span class='ocrx_word' id='word_1_64' title='bbox 583 619 844 654; x_wconf 89' lang='lat' dir='ltr'>conditionibus</span> <span class='ocrx_word' id='word_1_65' title='bbox 870 619 934 653; x_wconf 91' lang='lat' dir='ltr'>im-</span> 
     </span>
     <span class='ocr_line' id='line_1_13' title="bbox 162 667 311 713; baseline -0.007 -12"><span class='ocrx_word' id='word_1_66' title='bbox 162 667 311 713; x_wconf 76' lang='lat' dir='ltr'>plendis,</span> 
     </span>
    </p>

    <p class='ocr_par' dir='ltr' id='par_1_6' title="bbox 159 713 934 806">
     <span class='ocr_line' id='line_1_14' title="bbox 209 713 934 756; baseline 0 -8"><span class='ocrx_word' id='word_1_67' title='bbox 209 718 227 756; x_wconf 65' lang='grc' dir='ltr'>ἓ</span> <span class='ocrx_word' id='word_1_68' title='bbox 253 714 285 748; x_wconf 71' lang='lat'>2.</span> <span class='ocrx_word' id='word_1_69' title='bbox 318 713 380 749; x_wconf 78' lang='lat' dir='ltr'>Pro</span> <span class='ocrx_word' id='word_1_70' title='bbox 406 713 573 749; x_wconf 87' lang='lat' dir='ltr'>locatione</span> <span class='ocrx_word' id='word_1_71' title='bbox 593 713 761 748; x_wconf 90' lang='lat' dir='ltr'>bonorum</span> <span class='ocrx_word' id='word_1_72' title='bbox 775 713 934 748; x_wconf 82' lang='lat' dir='ltr'>ecclesia-</span> 
     </span>
     <span class='ocr_line' id='line_1_15' title="bbox 159 758 933 806; baseline -0.003 -10"><span class='ocrx_word' id='word_1_73' title='bbox 159 762 341 802; x_wconf 85' lang='lat' dir='ltr'>sticorum,</span> <span class='ocrx_word' id='word_1_74' title='bbox 358 766 492 796; x_wconf 86' lang='lat' dir='ltr'>servato</span> <span class='ocrx_word' id='word_1_75' title='bbox 508 760 718 806; x_wconf 88' lang='lat' dir='ltr'>praescripto</span> <span class='ocrx_word' id='word_1_76' title='bbox 735 771 813 795; x_wconf 88' lang='lat' dir='ltr'>can.</span> <span class='ocrx_word' id='word_1_77' title='bbox 834 758 933 795; x_wconf 73' lang='lat'>1479:</span> 
     </span>
    </p>

    <p class='ocr_par' dir='ltr' id='par_1_7' title="bbox 158 807 936 1090">
     <span class='ocr_line' id='line_1_16' title="bbox 235 807 936 843; baseline -0.001 -1"><span class='ocrx_word' id='word_1_78' title='bbox 235 810 285 842; x_wconf 84' lang='lat' dir='ltr'>l.⁰</span> <span class='ocrx_word' id='word_1_79' title='bbox 313 807 347 843; x_wconf 90' lang='lat' dir='ltr'>Si</span> <span class='ocrx_word' id='word_1_80' title='bbox 377 808 470 843; x_wconf 87' lang='lat' dir='ltr'>valor</span> <span class='ocrx_word' id='word_1_81' title='bbox 497 808 677 843; x_wconf 79' lang='lat' dir='ltr'>locationis</span> <span class='ocrx_word' id='word_1_82' title='bbox 703 808 843 843; x_wconf 76' lang='lat' dir='ltr'>excedat</span> <span class='ocrx_word' id='word_1_83' title='bbox 878 808 936 842; x_wconf 88' lang='lat' dir='ltr'>tri-</span> 
     </span>
     <span class='ocr_line' id='line_1_17' title="bbox 162 855 932 900; baseline -0.001 -10"><span class='ocrx_word' id='word_1_84' title='bbox 162 855 259 900; x_wconf 83' lang='lat' dir='ltr'>ginta</span> <span class='ocrx_word' id='word_1_85' title='bbox 286 855 396 890; x_wconf 85' lang='lat' dir='ltr'>millia</span> <span class='ocrx_word' id='word_1_86' title='bbox 417 855 611 890; x_wconf 84' lang='lat' dir='ltr'>libellarum</span> <span class='ocrx_word' id='word_1_87' title='bbox 639 865 698 890; x_wconf 90' lang='lat' dir='ltr'>seu</span> <span class='ocrx_word' id='word_1_88' title='bbox 734 855 932 890; x_wconf 84' lang='lat' dir='ltr'>francorum</span> 
     </span>
     <span class='ocr_line' id='line_1_18' title="bbox 159 901 934 947; baseline -0.001 -10"><span class='ocrx_word' id='word_1_89' title='bbox 159 908 194 937; x_wconf 87' lang='lat' dir='ltr'>et</span> <span class='ocrx_word' id='word_1_90' title='bbox 221 903 342 938; x_wconf 78' lang='lat' dir='ltr'>locatio</span> <span class='ocrx_word' id='word_1_91' title='bbox 369 903 412 936; x_wconf 91' lang='lat' dir='ltr'>sit</span> <span class='ocrx_word' id='word_1_92' title='bbox 438 902 529 937; x_wconf 87' lang='lat' dir='ltr'>ultra</span> <span class='ocrx_word' id='word_1_93' title='bbox 562 901 790 938; x_wconf 78' lang='lat' dir='ltr'>novennium.</span> <span class='ocrx_word' id='word_1_94' title='bbox 823 902 934 947; x_wconf 87' lang='lat' dir='ltr'>requi-</span> 
     </span>
     <span class='ocr_line' id='line_1_19' title="bbox 161 949 935 995; baseline -0.001 -11"><span class='ocrx_word' id='word_1_95' title='bbox 161 950 249 985; x_wconf 84' lang='lat' dir='ltr'>ritur</span> <span class='ocrx_word' id='word_1_96' title='bbox 275 950 531 995; x_wconf 79' lang='lat' dir='ltr'>beneplacitum</span> <span class='ocrx_word' id='word_1_97' title='bbox 557 949 808 994; x_wconf 81' lang='lat' dir='ltr'>apostolicum;</span> <span class='ocrx_word' id='word_1_98' title='bbox 836 949 862 983; x_wconf 85' lang='lat' dir='ltr'>si</span> <span class='ocrx_word' id='word_1_99' title='bbox 892 949 935 983; x_wconf 92' lang='lat' dir='ltr'>lo-</span> 
     </span>
     <span class='ocr_line' id='line_1_20' title="bbox 159 996 931 1038; baseline -0.003 -6"><span class='ocrx_word' id='word_1_100' title='bbox 159 997 248 1032; x_wconf 80' lang='lat' dir='ltr'>catio</span> <span class='ocrx_word' id='word_1_101' title='bbox 275 1008 344 1032; x_wconf 92' lang='lat' dir='ltr'>non</span> <span class='ocrx_word' id='word_1_102' title='bbox 372 997 414 1030; x_wconf 85' lang='lat' dir='ltr'>sit</span> <span class='ocrx_word' id='word_1_103' title='bbox 442 998 532 1031; x_wconf 84' lang='lat' dir='ltr'>ultra</span> <span class='ocrx_word' id='word_1_104' title='bbox 559 996 785 1038; x_wconf 78' lang='lat' dir='ltr'>novennium,</span> <span class='ocrx_word' id='word_1_105' title='bbox 804 996 931 1031; x_wconf 88' lang='lat' dir='ltr'>servari</span> 
     </span>
     <span class='ocr_line' id='line_1_21' title="bbox 158 1043 894 1090; baseline -0.001 -12"><span class='ocrx_word' id='word_1_106' title='bbox 158 1044 260 1080; x_wconf 90' lang='lat' dir='ltr'>debet</span> <span class='ocrx_word' id='word_1_107' title='bbox 288 1044 537 1090; x_wconf 84' lang='lat' dir='ltr'>praescriptum</span> <span class='ocrx_word' id='word_1_108' title='bbox 565 1054 642 1078; x_wconf 86' lang='lat' dir='ltr'>can.</span> <span class='ocrx_word' id='word_1_109' title='bbox 679 1043 777 1086; x_wconf 73' lang='lat'>1532,</span> <span class='ocrx_word' id='word_1_110' title='bbox 805 1047 823 1085; x_wconf 64' lang='grc' dir='ltr'>ξ</span> <span class='ocrx_word' id='word_1_111' title='bbox 850 1043 894 1084; x_wconf 87' lang='grc'>3;</span> 
     </span>
    </p>

    <p class='ocr_par' dir='ltr' id='par_1_8' title="bbox 156 1090 934 1416">
     <span class='ocr_line' id='line_1_22' title="bbox 230 1090 934 1126; baseline 0 -1"><span class='ocrx_word' id='word_1_112' title='bbox 230 1091 283 1125; x_wconf 71' lang='lat'>2.0</span> <span class='ocrx_word' id='word_1_113' title='bbox 312 1091 345 1126; x_wconf 86' lang='lat' dir='ltr'>Si</span> <span class='ocrx_word' id='word_1_114' title='bbox 376 1091 469 1126; x_wconf 82' lang='lat' dir='ltr'>valor</span> <span class='ocrx_word' id='word_1_115' title='bbox 486 1091 709 1126; x_wconf 89' lang='lat' dir='ltr'>contineatur</span> <span class='ocrx_word' id='word_1_116' title='bbox 729 1091 821 1125; x_wconf 86' lang='lat' dir='ltr'>intra</span> <span class='ocrx_word' id='word_1_117' title='bbox 840 1090 934 1125; x_wconf 89' lang='lat' dir='ltr'>mille</span> 
     </span>
     <span class='ocr_line' id='line_1_23' title="bbox 160 1137 932 1183; baseline 0 -11"><span class='ocrx_word' id='word_1_118' title='bbox 160 1137 294 1173; x_wconf 89' lang='lat' dir='ltr'>libellas</span> <span class='ocrx_word' id='word_1_119' title='bbox 331 1143 364 1173; x_wconf 91' lang='lat' dir='ltr'>et</span> <span class='ocrx_word' id='word_1_120' title='bbox 398 1138 539 1183; x_wconf 86' lang='lat' dir='ltr'>triginta</span> <span class='ocrx_word' id='word_1_121' title='bbox 580 1138 690 1172; x_wconf 86' lang='lat' dir='ltr'>millia</span> <span class='ocrx_word' id='word_1_122' title='bbox 736 1137 932 1172; x_wconf 85' lang='lat' dir='ltr'>libellarum</span> 
     </span>
     <span class='ocr_line' id='line_1_24' title="bbox 160 1185 932 1221; baseline 0 -1"><span class='ocrx_word' id='word_1_123' title='bbox 160 1196 219 1220; x_wconf 87' lang='lat' dir='ltr'>seu</span> <span class='ocrx_word' id='word_1_124' title='bbox 247 1186 444 1221; x_wconf 84' lang='lat' dir='ltr'>francorum</span> <span class='ocrx_word' id='word_1_125' title='bbox 471 1190 504 1220; x_wconf 88' lang='lat' dir='ltr'>et</span> <span class='ocrx_word' id='word_1_126' title='bbox 538 1185 660 1220; x_wconf 87' lang='lat' dir='ltr'>locatio</span> <span class='ocrx_word' id='word_1_127' title='bbox 686 1185 730 1219; x_wconf 90' lang='lat' dir='ltr'>sit</span> <span class='ocrx_word' id='word_1_128' title='bbox 757 1185 847 1219; x_wconf 84' lang='lat' dir='ltr'>ultra</span> <span class='ocrx_word' id='word_1_129' title='bbox 872 1196 932 1220; x_wconf 89' lang='lat' dir='ltr'>no-</span> 
     </span>
     <span class='ocr_line' id='line_1_25' title="bbox 159 1232 932 1278; baseline -0.001 -11"><span class='ocrx_word' id='word_1_130' title='bbox 159 1234 336 1274; x_wconf 86' lang='lat' dir='ltr'>vennium,</span> <span class='ocrx_word' id='word_1_131' title='bbox 375 1233 501 1267; x_wconf 78' lang='lat' dir='ltr'>servari</span> <span class='ocrx_word' id='word_1_132' title='bbox 542 1232 642 1267; x_wconf 90' lang='lat' dir='ltr'>debet</span> <span class='ocrx_word' id='word_1_133' title='bbox 681 1232 932 1278; x_wconf 86' lang='lat' dir='ltr'>praescriptum</span> 
     </span>
     <span class='ocr_line' id='line_1_26' title="bbox 157 1278 931 1323; baseline 0.001 -10"><span class='ocrx_word' id='word_1_134' title='bbox 157 1279 311 1314; x_wconf 79' lang='lat' dir='ltr'>eiusdem</span> <span class='ocrx_word' id='word_1_135' title='bbox 339 1278 546 1319; x_wconf 75' lang='grc'>6311.10’32</span> <span class='ocrx_word' id='word_1_136' title='bbox 566 1279 648 1323; x_wconf 68' lang='lat'><strong>§3;</strong></span> <span class='ocrx_word' id='word_1_137' title='bbox 678 1279 931 1314; x_wconf 87' lang='grc'>51106311011011</span> 
     </span>
     <span class='ocr_line' id='line_1_27' title="bbox 158 1326 931 1372; baseline 0 -12"><span class='ocrx_word' id='word_1_138' title='bbox 158 1327 202 1360; x_wconf 88' lang='lat' dir='ltr'>sit</span> <span class='ocrx_word' id='word_1_139' title='bbox 216 1328 285 1362; x_wconf 90' lang='grc'>6111</span> <span class='ocrx_word' id='word_1_140' title='bbox 288 1340 303 1360; x_wconf 78' lang='lat' dir='ltr'>&#39;i</span> <span class='ocrx_word' id='word_1_141' title='bbox 327 1327 553 1367; x_wconf 80' lang='lat' dir='ltr'>novennium,</span> <span class='ocrx_word' id='word_1_142' title='bbox 573 1326 824 1372; x_wconf 84' lang='lat' dir='ltr'>praescriptum</span> <span class='ocrx_word' id='word_1_143' title='bbox 843 1326 931 1362; x_wconf 90' lang='lat' dir='ltr'>eius-</span> 
     </span>
     <span class='ocr_line' id='line_1_28' title="bbox 156 1373 593 1416; baseline 0.005 -8"><span class='ocrx_word' id='word_1_144' title='bbox 156 1374 340 1410; x_wconf 75' lang='lat' dir='ltr'>demean</span> <span class='ocrx_word' id='word_1_145' title='bbox 375 1373 473 1409; x_wconf 74' lang='lat'>1532</span> <span class='ocrx_word' id='word_1_146' title='bbox 503 1374 593 1416; x_wconf 70' lang='lat'>§22</span> 
     </span>
    </p>

    <p class='ocr_par' dir='ltr' id='par_1_9' title="bbox 158 1420 933 1561">
     <span class='ocr_line' id='line_1_29' title="bbox 229 1420 933 1458; baseline -0.001 -2.999"><span class='ocrx_word' id='word_1_147' title='bbox 229 1420 278 1458; x_wconf 88' lang='lat' dir='ltr'>3.O</span> <span class='ocrx_word' id='word_1_148' title='bbox 306 1421 340 1457; x_wconf 81' lang='lat' dir='ltr'>Si</span> <span class='ocrx_word' id='word_1_149' title='bbox 370 1421 463 1456; x_wconf 85' lang='grc'>13101·</span> <span class='ocrx_word' id='word_1_150' title='bbox 489 1432 557 1455; x_wconf 87' lang='grc'>1106</span> <span class='ocrx_word' id='word_1_151' title='bbox 574 1421 715 1456; x_wconf 62' lang='lat' dir='ltr'>excedat</span> <span class='ocrx_word' id='word_1_152' title='bbox 730 1420 824 1455; x_wconf 84' lang='lat' dir='ltr'>mille</span> <span class='ocrx_word' id='word_1_153' title='bbox 840 1420 933 1455; x_wconf 86' lang='lat' dir='ltr'>libel</span> 
     </span>
     <span class='ocr_line' id='line_1_30' title="bbox 158 1468 931 1504; baseline 0.001 -2"><span class='ocrx_word' id='word_1_154' title='bbox 158 1468 208 1503; x_wconf 87' lang='lat' dir='ltr'>las</span> <span class='ocrx_word' id='word_1_155' title='bbox 235 1480 293 1503; x_wconf 90' lang='lat' dir='ltr'>seu</span> <span class='ocrx_word' id='word_1_156' title='bbox 323 1469 457 1504; x_wconf 84' lang='lat' dir='ltr'>francos</span> <span class='ocrx_word' id='word_1_157' title='bbox 476 1473 509 1504; x_wconf 89' lang='lat' dir='ltr'>et</span> <span class='ocrx_word' id='word_1_158' title='bbox 536 1468 657 1503; x_wconf 86' lang='lat' dir='ltr'>locatio</span> <span class='ocrx_word' id='word_1_159' title='bbox 684 1468 728 1502; x_wconf 87' lang='lat' dir='ltr'>sit</span> <span class='ocrx_word' id='word_1_160' title='bbox 755 1468 846 1503; x_wconf 87' lang='lat' dir='ltr'>ultra</span> <span class='ocrx_word' id='word_1_161' title='bbox 872 1479 931 1503; x_wconf 88' lang='lat' dir='ltr'>no-</span> 
     </span>
     <span class='ocr_line' id='line_1_31' title="bbox 158 1515 931 1561; baseline -0.001 -11"><span class='ocrx_word' id='word_1_162' title='bbox 158 1516 337 1560; x_wconf 85' lang='lat' dir='ltr'>vennium,</span> <span class='ocrx_word' id='word_1_163' title='bbox 366 1516 494 1551; x_wconf 85' lang='lat' dir='ltr'>servari</span> <span class='ocrx_word' id='word_1_164' title='bbox 520 1515 621 1551; x_wconf 87' lang='lat' dir='ltr'>debet</span> <span class='ocrx_word' id='word_1_165' title='bbox 649 1515 738 1551; x_wconf 89' lang='lat' dir='ltr'>idem</span> <span class='ocrx_word' id='word_1_166' title='bbox 768 1515 931 1561; x_wconf 88' lang='lat' dir='ltr'>praescri-</span> 
     </span>
    </p>
   </div>
   <div class='ocr_carea' id='block_1_5' title="bbox 1009 239 1785 378">
    <p class='ocr_par' dir='ltr' id='par_1_10' title="bbox 1009 239 1785 372">
     <span class='ocr_line' id='line_1_32' title="bbox 1010 239 1784 288; baseline 0 -11"><span class='ocrx_word' id='word_1_167' title='bbox 1010 247 1107 288; x_wconf 89' lang='lat' dir='ltr'>ptum</span> <span class='ocrx_word' id='word_1_168' title='bbox 1133 252 1210 276; x_wconf 87' lang='grc'>6311.</span> <span class='ocrx_word' id='word_1_169' title='bbox 1237 239 1336 283; x_wconf 71' lang='lat'><strong>1532,</strong></span> <span class='ocrx_word' id='word_1_170' title='bbox 1355 245 1374 283; x_wconf 65' lang='grc' dir='ltr'>ἓ</span> <span class='ocrx_word' id='word_1_171' title='bbox 1392 241 1433 283; x_wconf 71' lang='lat'>23</span> <span class='ocrx_word' id='word_1_172' title='bbox 1462 241 1490 275; x_wconf 92' lang='lat' dir='ltr'>si</span> <span class='ocrx_word' id='word_1_173' title='bbox 1510 241 1633 277; x_wconf 84' lang='lat' dir='ltr'>locatio</span> <span class='ocrx_word' id='word_1_174' title='bbox 1650 253 1719 277; x_wconf 90' lang='lat' dir='ltr'>non</span> <span class='ocrx_word' id='word_1_175' title='bbox 1740 242 1784 277; x_wconf 90' lang='lat' dir='ltr'>sit</span> 
     </span>
     <span class='ocr_line' id='line_1_33' title="bbox 1009 287 1785 340; baseline 0 -16"><span class='ocrx_word' id='word_1_176' title='bbox 1009 289 1100 325; x_wconf 89' lang='lat' dir='ltr'>ultra</span> <span class='ocrx_word' id='word_1_177' title='bbox 1118 289 1346 331; x_wconf 78' lang='lat' dir='ltr'>novennium,</span> <span class='ocrx_word' id='word_1_178' title='bbox 1363 287 1435 323; x_wconf 89' lang='lat' dir='ltr'>fieri</span> <span class='ocrx_word' id='word_1_179' title='bbox 1457 292 1566 340; x_wconf 87' lang='lat' dir='ltr'>potest</span> <span class='ocrx_word' id='word_1_180' title='bbox 1582 299 1602 323; x_wconf 86' lang='lat' dir='ltr'>a</span> <span class='ocrx_word' id='word_1_181' title='bbox 1621 288 1785 333; x_wconf 84' lang='lat' dir='ltr'>legitimis</span> 
     </span>
     <span class='ocr_line' id='line_1_34' title="bbox 1009 333 1751 378; baseline -0.001 -7"><span class='ocrx_word' id='word_1_182' title='bbox 1009 335 1364 378; x_wconf 82' lang='lat' dir='ltr'>administratoribus,</span> <span class='ocrx_word' id='word_1_183' title='bbox 1390 335 1523 370; x_wconf 91' lang='lat' dir='ltr'>monito</span> <span class='ocrx_word' id='word_1_184' title='bbox 1549 333 1751 371; x_wconf 90' lang='lat' dir='ltr'>Ordinario.</span> 
     </span>
    </p>
   </div>
   <div class='ocr_carea' id='block_1_6' title="bbox 1057 380 1851 436">
    <p class='ocr_par' dir='ltr' id='par_1_11' title="bbox 1057 380 1851 436">
     <span class='ocr_line' id='line_1_35' title="bbox 1057 380 1851 436; baseline 0.001 -19"><span class='ocrx_word' id='word_1_185' title='bbox 1057 382 1141 428; x_wconf 57' lang='lat' dir='ltr'>CAN,</span> <span class='ocrx_word' id='word_1_186' title='bbox 1170 380 1271 417; x_wconf 78' lang='lat'>1542.</span> <span class='ocrx_word' id='word_1_187' title='bbox 1304 403 1321 408; x_wconf 91' lang='lat'>-</span> <span class='ocrx_word' id='word_1_188' title='bbox 1341 383 1360 428; x_wconf 64' lang='grc' dir='ltr'><strong>ξ</strong></span> <span class='ocrx_word' id='word_1_189' title='bbox 1381 382 1411 416; x_wconf 91' lang='grc'>1.</span> <span class='ocrx_word' id='word_1_190' title='bbox 1434 382 1471 417; x_wconf 87' lang='grc'>111</span> <span class='ocrx_word' id='word_1_191' title='bbox 1488 382 1707 429; x_wconf 80' lang='lat' dir='ltr'>emphyteusi</span> <span class='ocrx_word' id='word_1_192' title='bbox 1726 382 1785 418; x_wconf 91' lang='lat' dir='ltr'>bo·</span> <span class='ocrx_word' id='word_1_193' title='bbox 1849 429 1851 436; x_wconf 23' lang='grc' dir='ltr'><strong><em>γ</em></strong></span> 
     </span>
    </p>
   </div>
   <div class='ocr_carea' id='block_1_7' title="bbox 1005 429 1786 1558">
    <p class='ocr_par' dir='ltr' id='par_1_12' title="bbox 1008 429 1786 711">
     <span class='ocr_line' id='line_1_36' title="bbox 1010 429 1786 476; baseline 0.001 -12"><span class='ocrx_word' id='word_1_194' title='bbox 1010 441 1134 465; x_wconf 88' lang='lat' dir='ltr'>norum</span> <span class='ocrx_word' id='word_1_195' title='bbox 1154 429 1466 465; x_wconf 85' lang='lat' dir='ltr'>ecclesiasticorum</span> <span class='ocrx_word' id='word_1_196' title='bbox 1485 429 1711 476; x_wconf 79' lang='lat' dir='ltr'>emphyteuta</span> <span class='ocrx_word' id='word_1_197' title='bbox 1729 440 1786 465; x_wconf 90' lang='lat' dir='ltr'>ne-</span> 
     </span>
     <span class='ocr_line' id='line_1_37' title="bbox 1010 477 1786 523; baseline 0.001 -12"><span class='ocrx_word' id='word_1_198' title='bbox 1010 478 1085 523; x_wconf 83' lang='lat' dir='ltr'>quit</span> <span class='ocrx_word' id='word_1_199' title='bbox 1122 487 1293 512; x_wconf 88' lang='lat' dir='ltr'>canonem</span> <span class='ocrx_word' id='word_1_200' title='bbox 1330 477 1501 512; x_wconf 88' lang='lat' dir='ltr'>redimere</span> <span class='ocrx_word' id='word_1_201' title='bbox 1539 477 1615 511; x_wconf 89' lang='lat' dir='ltr'>sine</span> <span class='ocrx_word' id='word_1_202' title='bbox 1645 477 1786 512; x_wconf 87' lang='lat' dir='ltr'>licentia</span> 
     </span>
     <span class='ocr_line' id='line_1_38' title="bbox 1010 523 1784 569; baseline 0.001 -11"><span class='ocrx_word' id='word_1_203' title='bbox 1010 524 1154 569; x_wconf 83' lang='lat' dir='ltr'>legitimi</span> <span class='ocrx_word' id='word_1_204' title='bbox 1181 523 1377 569; x_wconf 88' lang='lat' dir='ltr'>Superioris</span> <span class='ocrx_word' id='word_1_205' title='bbox 1403 523 1625 559; x_wconf 83' lang='lat' dir='ltr'>ecclesiastici</span> <span class='ocrx_word' id='word_1_206' title='bbox 1653 524 1695 559; x_wconf 90' lang='lat' dir='ltr'>de</span> <span class='ocrx_word' id='word_1_207' title='bbox 1717 535 1784 569; x_wconf 92' lang='lat' dir='ltr'>quo</span> 
     </span>
     <span class='ocr_line' id='line_1_39' title="bbox 1009 569 1782 616; baseline 0 -11"><span class='ocrx_word' id='word_1_208' title='bbox 1009 572 1045 605; x_wconf 91' lang='lat' dir='ltr'>in</span> <span class='ocrx_word' id='word_1_209' title='bbox 1072 582 1149 606; x_wconf 84' lang='lat' dir='ltr'>can.</span> <span class='ocrx_word' id='word_1_210' title='bbox 1181 569 1295 612; x_wconf 78' lang='lat'>153·2;</span> <span class='ocrx_word' id='word_1_211' title='bbox 1321 571 1412 616; x_wconf 89' lang='lat' dir='ltr'>quod</span> <span class='ocrx_word' id='word_1_212' title='bbox 1439 570 1465 605; x_wconf 89' lang='lat' dir='ltr'>si</span> <span class='ocrx_word' id='word_1_213' title='bbox 1486 571 1684 612; x_wconf 84' lang='lat' dir='ltr'>redemerit,</span> <span class='ocrx_word' id='word_1_214' title='bbox 1705 581 1782 606; x_wconf 85' lang='lat' dir='ltr'>eam</span> 
     </span>
     <span class='ocr_line' id='line_1_40' title="bbox 1008 618 1784 664; baseline 0.003 -12"><span class='ocrx_word' id='word_1_215' title='bbox 1008 619 1130 653; x_wconf 87' lang='lat' dir='ltr'>saltem</span> <span class='ocrx_word' id='word_1_216' title='bbox 1159 618 1324 664; x_wconf 86' lang='lat' dir='ltr'>pecuniae</span> <span class='ocrx_word' id='word_1_217' title='bbox 1351 618 1421 653; x_wconf 93' lang='lat' dir='ltr'>vim</span> <span class='ocrx_word' id='word_1_218' title='bbox 1447 618 1611 653; x_wconf 89' lang='grc'>666165136</span> <span class='ocrx_word' id='word_1_219' title='bbox 1629 618 1711 653; x_wconf 87' lang='lat' dir='ltr'>dare</span> <span class='ocrx_word' id='word_1_220' title='bbox 1729 618 1784 654; x_wconf 91' lang='lat' dir='ltr'>de-</span> 
     </span>
     <span class='ocr_line' id='line_1_41' title="bbox 1009 665 1590 711; baseline -0.004 -10"><span class='ocrx_word' id='word_1_221' title='bbox 1009 666 1077 707; x_wconf 89' lang='lat' dir='ltr'>bet,</span> <span class='ocrx_word' id='word_1_222' title='bbox 1103 676 1192 711; x_wconf 86' lang='lat' dir='ltr'>quae</span> <span class='ocrx_word' id='word_1_223' title='bbox 1217 665 1342 701; x_wconf 88' lang='lat' dir='ltr'>canoni</span> <span class='ocrx_word' id='word_1_224' title='bbox 1371 665 1590 711; x_wconf 86' lang='lat' dir='ltr'>respondeat.</span> 
     </span>
    </p>

    <p class='ocr_par' dir='ltr' id='par_1_13' title="bbox 1006 711 1782 1078">
     <span class='ocr_line' id='line_1_42' title="bbox 1055 711 1782 764; baseline 0 -17"><span class='ocrx_word' id='word_1_225' title='bbox 1055 717 1074 755; x_wconf 64' lang='grc' dir='ltr'>ξ</span> <span class='ocrx_word' id='word_1_226' title='bbox 1100 713 1134 746; x_wconf 85' lang='grc'>).</span> <span class='ocrx_word' id='word_1_227' title='bbox 1163 712 1215 747; x_wconf 87' lang='grc' dir='ltr'>Α1)</span> <span class='ocrx_word' id='word_1_228' title='bbox 1242 712 1468 759; x_wconf 81' lang='lat' dir='ltr'>emphyteuta</span> <span class='ocrx_word' id='word_1_229' title='bbox 1494 722 1647 764; x_wconf 85' lang='lat' dir='ltr'>congrua</span> <span class='ocrx_word' id='word_1_230' title='bbox 1668 711 1782 756; x_wconf 63' lang='lat' dir='ltr'>exiga-</span> 
     </span>
     <span class='ocr_line' id='line_1_43' title="bbox 1008 758 1782 806; baseline -0.001 -12"><span class='ocrx_word' id='word_1_231' title='bbox 1008 765 1063 794; x_wconf 86' lang='lat' dir='ltr'>tur</span> <span class='ocrx_word' id='word_1_232' title='bbox 1088 760 1202 794; x_wconf 89' lang='lat' dir='ltr'>cautio</span> <span class='ocrx_word' id='word_1_233' title='bbox 1222 770 1281 806; x_wconf 92' lang='lat' dir='ltr'>pro</span> <span class='ocrx_word' id='word_1_234' title='bbox 1300 759 1472 795; x_wconf 90' lang='lat' dir='ltr'>solutione</span> <span class='ocrx_word' id='word_1_235' title='bbox 1489 758 1634 794; x_wconf 83' lang='lat' dir='ltr'>canonis</span> <span class='ocrx_word' id='word_1_236' title='bbox 1652 763 1684 794; x_wconf 89' lang='lat' dir='ltr'>et</span> <span class='ocrx_word' id='word_1_237' title='bbox 1702 769 1782 794; x_wconf 86' lang='lat' dir='ltr'>con·</span> 
     </span>
     <span class='ocr_line' id='line_1_44' title="bbox 1007 806 1784 853; baseline 0 -12"><span class='ocrx_word' id='word_1_238' title='bbox 1007 807 1201 842; x_wconf 87' lang='lat' dir='ltr'>ditionibus</span> <span class='ocrx_word' id='word_1_239' title='bbox 1236 806 1446 853; x_wconf 83' lang='lat' dir='ltr'>implendis;</span> <span class='ocrx_word' id='word_1_240' title='bbox 1482 806 1516 840; x_wconf 90' lang='lat' dir='ltr'>in</span> <span class='ocrx_word' id='word_1_241' title='bbox 1554 806 1627 852; x_wconf 89' lang='lat' dir='ltr'>ipso</span> <span class='ocrx_word' id='word_1_242' title='bbox 1653 806 1784 841; x_wconf 90' lang='lat' dir='ltr'>instru-</span> 
     </span>
     <span class='ocr_line' id='line_1_45' title="bbox 1008 853 1782 901; baseline -0.001 -13"><span class='ocrx_word' id='word_1_243' title='bbox 1008 859 1124 889; x_wconf 90' lang='lat' dir='ltr'>mento</span> <span class='ocrx_word' id='word_1_244' title='bbox 1151 854 1239 900; x_wconf 85' lang='lat' dir='ltr'>pacti</span> <span class='ocrx_word' id='word_1_245' title='bbox 1268 853 1516 901; x_wconf 79' lang='lat' dir='ltr'>emphyteutici</span> <span class='ocrx_word' id='word_1_246' title='bbox 1546 853 1657 888; x_wconf 78' lang='lat' dir='ltr'>forum</span> <span class='ocrx_word' id='word_1_247' title='bbox 1676 853 1782 888; x_wconf 89' lang='lat' dir='ltr'>eccle-</span> 
     </span>
     <span class='ocr_line' id='line_1_46' title="bbox 1007 900 1782 936; baseline -0.001 -1"><span class='ocrx_word' id='word_1_248' title='bbox 1007 913 1032 935; x_wconf 84' lang='grc'>51</span> <span class='ocrx_word' id='word_1_249' title='bbox 1027 902 1186 936; x_wconf 82' lang='lat' dir='ltr'>asticum</span> <span class='ocrx_word' id='word_1_250' title='bbox 1213 901 1342 936; x_wconf 84' lang='lat' dir='ltr'>arbiter</span> <span class='ocrx_word' id='word_1_251' title='bbox 1367 905 1540 936; x_wconf 77' lang='lat' dir='ltr'>statuatur</span> <span class='ocrx_word' id='word_1_252' title='bbox 1556 900 1598 935; x_wconf 87' lang='lat' dir='ltr'>ad</span> <span class='ocrx_word' id='word_1_253' title='bbox 1618 900 1782 934; x_wconf 87' lang='lat' dir='ltr'>dirimen-</span> 
     </span>
     <span class='ocr_line' id='line_1_47' title="bbox 1006 948 1781 993; baseline -0.001 -10"><span class='ocrx_word' id='word_1_254' title='bbox 1006 949 1068 984; x_wconf 89' lang='lat' dir='ltr'>das</span> <span class='ocrx_word' id='word_1_255' title='bbox 1086 953 1227 984; x_wconf 71' lang='lat' dir='ltr'>controv</span> <span class='ocrx_word' id='word_1_256' title='bbox 1231 960 1339 984; x_wconf 82' lang='grc'>615135</span> <span class='ocrx_word' id='word_1_257' title='bbox 1358 948 1448 983; x_wconf 89' lang='lat' dir='ltr'>inter</span> <span class='ocrx_word' id='word_1_258' title='bbox 1468 952 1580 993; x_wconf 86' lang='lat' dir='ltr'>partes</span> <span class='ocrx_word' id='word_1_259' title='bbox 1604 948 1688 982; x_wconf 83' lang='lat' dir='ltr'>torte</span> <span class='ocrx_word' id='word_1_260' title='bbox 1705 958 1781 982; x_wconf 84' lang='lat' dir='ltr'>exo-</span> 
     </span>
     <span class='ocr_line' id='line_1_48' title="bbox 1006 994 1782 1041; baseline 0.001 -12"><span class='ocrx_word' id='word_1_261' title='bbox 1006 996 1135 1031; x_wconf 84' lang='lat' dir='ltr'>rituras</span> <span class='ocrx_word' id='word_1_262' title='bbox 1160 1000 1194 1031; x_wconf 87' lang='lat' dir='ltr'>et</span> <span class='ocrx_word' id='word_1_263' title='bbox 1219 1006 1379 1041; x_wconf 84' lang='lat' dir='ltr'>expresse</span> <span class='ocrx_word' id='word_1_264' title='bbox 1404 995 1597 1030; x_wconf 82' lang='lat' dir='ltr'>declaretur</span> <span class='ocrx_word' id='word_1_265' title='bbox 1623 994 1782 1030; x_wconf 87' lang='lat' dir='ltr'>meliora-</span> 
     </span>
     <span class='ocr_line' id='line_1_49' title="bbox 1007 1043 1374 1078; baseline -0.003 -1"><span class='ocrx_word' id='word_1_266' title='bbox 1007 1043 1119 1078; x_wconf 85' lang='lat' dir='ltr'>tiones</span> <span class='ocrx_word' id='word_1_267' title='bbox 1144 1043 1216 1078; x_wconf 89' lang='lat' dir='ltr'>solo</span> <span class='ocrx_word' id='word_1_268' title='bbox 1242 1043 1374 1078; x_wconf 85' lang='lat' dir='ltr'>cedere.</span> 
     </span>
    </p>

    <p class='ocr_par' dir='ltr' id='par_1_14' title="bbox 1005 1087 1782 1558">
     <span class='ocr_line' id='line_1_50' title="bbox 1054 1087 1782 1132; baseline -0.004 -7"><span class='ocrx_word' id='word_1_269' title='bbox 1054 1091 1139 1125; x_wconf 68' lang='lat' dir='ltr'>CAN.</span> <span class='ocrx_word' id='word_1_270' title='bbox 1172 1088 1273 1125; x_wconf 78' lang='lat'><strong>1543.</strong></span> <span class='ocrx_word' id='word_1_271' title='bbox 1301 1111 1318 1115; x_wconf 89' lang='lat'>-</span> <span class='ocrx_word' id='word_1_272' title='bbox 1346 1088 1381 1124; x_wconf 84' lang='lat' dir='ltr'>Si</span> <span class='ocrx_word' id='word_1_273' title='bbox 1419 1100 1473 1124; x_wconf 92' lang='lat' dir='ltr'>res</span> <span class='ocrx_word' id='word_1_274' title='bbox 1516 1087 1696 1132; x_wconf 84' lang='lat' dir='ltr'>fungibilis</span> <span class='ocrx_word' id='word_1_275' title='bbox 1735 1088 1782 1123; x_wconf 88' lang='lat' dir='ltr'>ita</span> 
     </span>
     <span class='ocr_line' id='line_1_51' title="bbox 1006 1136 1782 1181; baseline -0.003 -10"><span class='ocrx_word' id='word_1_276' title='bbox 1006 1136 1107 1172; x_wconf 86' lang='lat' dir='ltr'>alicui</span> <span class='ocrx_word' id='word_1_277' title='bbox 1136 1137 1236 1173; x_wconf 86' lang='lat' dir='ltr'>detur</span> <span class='ocrx_word' id='word_1_278' title='bbox 1262 1141 1299 1172; x_wconf 91' lang='lat' dir='ltr'>ut</span> <span class='ocrx_word' id='word_1_279' title='bbox 1324 1136 1398 1172; x_wconf 91' lang='lat' dir='ltr'>eius</span> <span class='ocrx_word' id='word_1_280' title='bbox 1425 1136 1484 1171; x_wconf 86' lang='lat' dir='ltr'>fiat</span> <span class='ocrx_word' id='word_1_281' title='bbox 1509 1140 1542 1170; x_wconf 91' lang='lat' dir='ltr'>et</span> <span class='ocrx_word' id='word_1_282' title='bbox 1571 1139 1687 1181; x_wconf 87' lang='lat' dir='ltr'>postea</span> <span class='ocrx_word' id='word_1_283' title='bbox 1704 1139 1782 1170; x_wconf 89' lang='lat' dir='ltr'>tan-</span> 
     </span>
     <span class='ocr_line' id='line_1_52' title="bbox 1006 1182 1780 1236; baseline -0.003 -18"><span class='ocrx_word' id='word_1_284' title='bbox 1006 1185 1151 1220; x_wconf 87' lang='lat' dir='ltr'>tundem</span> <span class='ocrx_word' id='word_1_285' title='bbox 1186 1185 1223 1219; x_wconf 92' lang='lat' dir='ltr'>in</span> <span class='ocrx_word' id='word_1_286' title='bbox 1257 1184 1377 1220; x_wconf 87' lang='lat' dir='ltr'>eodem</span> <span class='ocrx_word' id='word_1_287' title='bbox 1410 1194 1537 1236; x_wconf 82' lang='lat' dir='ltr'>genere</span> <span class='ocrx_word' id='word_1_288' title='bbox 1569 1182 1780 1224; x_wconf 87' lang='lat' dir='ltr'>restituatur,</span> 
     </span>
     <span class='ocr_line' id='line_1_53' title="bbox 1006 1230 1779 1276; baseline -0.004 -10"><span class='ocrx_word' id='word_1_289' title='bbox 1006 1232 1095 1266; x_wconf 88' lang='lat' dir='ltr'>nihil</span> <span class='ocrx_word' id='word_1_290' title='bbox 1131 1232 1227 1273; x_wconf 89' lang='lat' dir='ltr'>lucri,</span> <span class='ocrx_word' id='word_1_291' title='bbox 1261 1232 1395 1266; x_wconf 86' lang='lat' dir='ltr'>ratione</span> <span class='ocrx_word' id='word_1_292' title='bbox 1429 1230 1538 1276; x_wconf 88' lang='lat' dir='ltr'>ipsius</span> <span class='ocrx_word' id='word_1_293' title='bbox 1569 1234 1779 1274; x_wconf 86' lang='lat' dir='ltr'>contractus,</span> 
     </span>
     <span class='ocr_line' id='line_1_54' title="bbox 1008 1276 1779 1325; baseline -0.005 -11"><span class='ocrx_word' id='word_1_294' title='bbox 1008 1279 1135 1324; x_wconf 82' lang='lat' dir='ltr'>percipi</span> <span class='ocrx_word' id='word_1_295' title='bbox 1166 1283 1298 1325; x_wconf 81' lang='lat' dir='ltr'>potest3</span> <span class='ocrx_word' id='word_1_296' title='bbox 1324 1278 1383 1313; x_wconf 88' lang='lat' dir='ltr'>sed</span> <span class='ocrx_word' id='word_1_297' title='bbox 1410 1278 1445 1312; x_wconf 92' lang='lat' dir='ltr'>in</span> <span class='ocrx_word' id='word_1_298' title='bbox 1474 1276 1706 1324; x_wconf 83' lang='lat' dir='ltr'>praestatione</span> <span class='ocrx_word' id='word_1_299' title='bbox 1732 1276 1779 1311; x_wconf 86' lang='lat' dir='ltr'>rei</span> 
     </span>
     <span class='ocr_line' id='line_1_55' title="bbox 1007 1324 1781 1377; baseline -0.001 -17"><span class='ocrx_word' id='word_1_300' title='bbox 1007 1326 1188 1371; x_wconf 84' lang='lat' dir='ltr'>fungibilis</span> <span class='ocrx_word' id='word_1_301' title='bbox 1216 1337 1284 1361; x_wconf 91' lang='lat' dir='ltr'>non</span> <span class='ocrx_word' id='word_1_302' title='bbox 1319 1330 1370 1361; x_wconf 91' lang='lat' dir='ltr'>est</span> <span class='ocrx_word' id='word_1_303' title='bbox 1405 1336 1464 1377; x_wconf 81' lang='lat' dir='ltr'>per</span> <span class='ocrx_word' id='word_1_304' title='bbox 1490 1335 1526 1359; x_wconf 89' lang='grc'>56</span> <span class='ocrx_word' id='word_1_305' title='bbox 1552 1324 1713 1359; x_wconf 90' lang='lat' dir='ltr'>illicitum</span> <span class='ocrx_word' id='word_1_306' title='bbox 1739 1324 1781 1359; x_wconf 85' lang='lat' dir='ltr'>de</span> 
     </span>
     <span class='ocr_line' id='line_1_56' title="bbox 1006 1371 1779 1419; baseline -0.003 -12"><span class='ocrx_word' id='word_1_307' title='bbox 1006 1373 1100 1409; x_wconf 91' lang='lat' dir='ltr'>lucro</span> <span class='ocrx_word' id='word_1_308' title='bbox 1127 1373 1227 1418; x_wconf 86' lang='lat' dir='ltr'>legali</span> <span class='ocrx_word' id='word_1_309' title='bbox 1256 1372 1394 1419; x_wconf 85' lang='lat' dir='ltr'>pacisci,</span> <span class='ocrx_word' id='word_1_310' title='bbox 1420 1372 1487 1406; x_wconf 85' lang='lat' dir='ltr'>nisi</span> <span class='ocrx_word' id='word_1_311' title='bbox 1515 1375 1647 1406; x_wconf 89' lang='lat' dir='ltr'>constet</span> <span class='ocrx_word' id='word_1_312' title='bbox 1666 1371 1779 1417; x_wconf 89' lang='lat' dir='ltr'>ipsum</span> 
     </span>
     <span class='ocr_line' id='line_1_57' title="bbox 1005 1418 1780 1459; baseline -0.004 -4"><span class='ocrx_word' id='word_1_313' title='bbox 1005 1431 1079 1456; x_wconf 88' lang='lat' dir='ltr'>esse</span> <span class='ocrx_word' id='word_1_314' title='bbox 1106 1421 1388 1459; x_wconf 84' lang='lat' dir='ltr'>immoderatum,</span> <span class='ocrx_word' id='word_1_315' title='bbox 1416 1423 1477 1455; x_wconf 87' lang='lat' dir='ltr'>aut</span> <span class='ocrx_word' id='word_1_316' title='bbox 1502 1419 1607 1454; x_wconf 88' lang='lat' dir='ltr'>etiam</span> <span class='ocrx_word' id='word_1_317' title='bbox 1625 1418 1667 1453; x_wconf 84' lang='lat' dir='ltr'>de</span> <span class='ocrx_word' id='word_1_318' title='bbox 1686 1419 1780 1453; x_wconf 83' lang='lat' dir='ltr'>lucro</span> 
     </span>
     <span class='ocr_line' id='line_1_58' title="bbox 1006 1465 1779 1513; baseline -0.004 -11"><span class='ocrx_word' id='word_1_319' title='bbox 1006 1468 1146 1509; x_wconf 88' lang='lat' dir='ltr'>maiore,</span> <span class='ocrx_word' id='word_1_320' title='bbox 1173 1468 1200 1502; x_wconf 88' lang='grc'>51</span> <span class='ocrx_word' id='word_1_321' title='bbox 1230 1468 1339 1502; x_wconf 86' lang='grc'>165165</span> <span class='ocrx_word' id='word_1_322' title='bbox 1365 1477 1404 1502; x_wconf 85' lang='grc'>36</span> <span class='ocrx_word' id='word_1_323' title='bbox 1434 1466 1712 1513; x_wconf 86' lang='lat' dir='ltr'>proportionatus</span> <span class='ocrx_word' id='word_1_324' title='bbox 1738 1465 1779 1499; x_wconf 92' lang='lat' dir='ltr'>ti-</span> 
     </span>
     <span class='ocr_line' id='line_1_59' title="bbox 1005 1496 1339 1558; baseline -0.003 -9"><span class='ocrx_word' id='word_1_325' title='bbox 1005 1515 1099 1550; x_wconf 90' lang='lat' dir='ltr'>tulus</span> <span class='ocrx_word' id='word_1_326' title='bbox 1119 1496 1339 1558; x_wconf 72' lang='lat' dir='ltr'>suffragetur.</span> 
     </span>
    </p>
   </div>
   <div class='ocr_carea' id='block_1_8' title="bbox 153 1653 1780 2911">
    <p class='ocr_par' dir='ltr' id='par_1_15' title="bbox 153 1653 1780 2899">
     <span class='ocr_line' id='line_1_60' title="bbox 276 1653 1778 1715; baseline -0.002 -15"><span class='ocrx_word' id='word_1_327' title='bbox 276 1658 371 1701; x_wconf 78' lang='lat'><strong>443.</strong></span> <span class='ocrx_word' id='word_1_328' title='bbox 409 1660 680 1715; x_wconf 86' lang='lat' dir='ltr'>Inscriptio</span> <span class='ocrx_word' id='word_1_329' title='bbox 712 1659 876 1703; x_wconf 88' lang='lat' dir='ltr'>Tituli.</span> <span class='ocrx_word' id='word_1_330' title='bbox 913 1682 967 1688; x_wconf 88' lang='lat'><strong>—</strong></span> <span class='ocrx_word' id='word_1_331' title='bbox 999 1657 1041 1700; x_wconf 88' lang='lat' dir='ltr'>ln</span> <span class='ocrx_word' id='word_1_332' title='bbox 1075 1656 1326 1702; x_wconf 89' lang='lat' dir='ltr'>Collectione</span> <span class='ocrx_word' id='word_1_333' title='bbox 1367 1655 1643 1699; x_wconf 89' lang='lat' dir='ltr'>Decretalium</span> <span class='ocrx_word' id='word_1_334' title='bbox 1678 1653 1778 1698; x_wconf 90' lang='lat' dir='ltr'>Gre-</span> 
     </span>
     <span class='ocr_line' id='line_1_61' title="bbox 158 1725 1780 1785; baseline -0.002 -13"><span class='ocrx_word' id='word_1_335' title='bbox 158 1731 328 1785; x_wconf 83' lang='lat' dir='ltr'>goriana</span> <span class='ocrx_word' id='word_1_336' title='bbox 363 1731 635 1771; x_wconf 80' lang='lat' dir='ltr'>inveniuntur</span> <span class='ocrx_word' id='word_1_337' title='bbox 667 1727 772 1771; x_wconf 85' lang='lat' dir='ltr'>tituli</span> <span class='ocrx_word' id='word_1_338' title='bbox 808 1727 897 1770; x_wconf 87' lang='lat' dir='ltr'>Xlll</span> <span class='ocrx_word' id='word_1_339' title='bbox 941 1740 1071 1784; x_wconf 88' lang='lat' dir='ltr'>usque</span> <span class='ocrx_word' id='word_1_340' title='bbox 1104 1728 1155 1771; x_wconf 87' lang='lat' dir='ltr'>ad</span> <span class='ocrx_word' id='word_1_341' title='bbox 1190 1726 1334 1782; x_wconf 84' lang='lat' dir='ltr'>XXIV,</span> <span class='ocrx_word' id='word_1_342' title='bbox 1377 1739 1554 1784; x_wconf 86' lang='lat' dir='ltr'>quorum</span> <span class='ocrx_word' id='word_1_343' title='bbox 1588 1725 1780 1769; x_wconf 82' lang='lat' dir='ltr'>rubricae</span> 
     </span>
     <span class='ocr_line' id='line_1_62' title="bbox 157 1796 1780 1853; baseline -0.002 -11"><span class='ocrx_word' id='word_1_344' title='bbox 157 1802 332 1842; x_wconf 89' lang='lat' dir='ltr'>innuunt</span> <span class='ocrx_word' id='word_1_345' title='bbox 364 1800 554 1842; x_wconf 90' lang='lat' dir='ltr'>diversos</span> <span class='ocrx_word' id='word_1_346' title='bbox 586 1803 702 1842; x_wconf 88' lang='lat' dir='ltr'>actus</span> <span class='ocrx_word' id='word_1_347' title='bbox 735 1800 1106 1842; x_wconf 84' lang='lat' dir='ltr'>commutationum</span> <span class='ocrx_word' id='word_1_348' title='bbox 1141 1800 1251 1841; x_wconf 89' lang='lat' dir='ltr'>circa</span> <span class='ocrx_word' id='word_1_349' title='bbox 1286 1811 1350 1841; x_wconf 89' lang='lat' dir='ltr'>res</span> <span class='ocrx_word' id='word_1_350' title='bbox 1383 1796 1644 1853; x_wconf 72' lang='lat' dir='ltr'>temporales,</span> <span class='ocrx_word' id='word_1_351' title='bbox 1677 1809 1780 1853; x_wconf 90' lang='lat' dir='ltr'>quos</span> 
     </span>
     <span class='ocr_line' id='line_1_63' title="bbox 158 1865 1779 1924; baseline -0.002 -11"><span class='ocrx_word' id='word_1_352' title='bbox 158 1872 196 1912; x_wconf 90' lang='lat' dir='ltr'>in</span> <span class='ocrx_word' id='word_1_353' title='bbox 230 1870 381 1913; x_wconf 84' lang='lat' dir='ltr'>Codice</span> <span class='ocrx_word' id='word_1_354' title='bbox 434 1868 596 1912; x_wconf 75' lang='lat' dir='ltr'>Titulus</span> <span class='ocrx_word' id='word_1_355' title='bbox 645 1866 787 1912; x_wconf 87' lang='lat' dir='ltr'><em>XXIX</em></span> <span class='ocrx_word' id='word_1_356' title='bbox 823 1882 932 1911; x_wconf 86' lang='lat' dir='ltr'>nunc</span> <span class='ocrx_word' id='word_1_357' title='bbox 965 1869 1292 1912; x_wconf 82' lang='lat' dir='ltr'>considerandus</span> <span class='ocrx_word' id='word_1_358' title='bbox 1338 1867 1602 1924; x_wconf 84' lang='lat' dir='ltr'>amplectitur</span> <span class='ocrx_word' id='word_1_359' title='bbox 1652 1865 1779 1910; x_wconf 88' lang='lat' dir='ltr'>verbo</span> 
     </span>
     <span class='ocr_line' id='line_1_64' title="bbox 158 1937 1778 1996; baseline -0.002 -13"><span class='ocrx_word' id='word_1_360' title='bbox 158 1942 435 1996; x_wconf 86' lang='lat' dir='ltr'>inscriptionis</span> <span class='ocrx_word' id='word_1_361' title='bbox 468 1942 589 1983; x_wconf 92' lang='lat' dir='ltr'>unico</span> <span class='ocrx_word' id='word_1_362' title='bbox 623 1938 684 1982; x_wconf 80' lang='lat' dir='ltr'>De</span> <span class='ocrx_word' id='word_1_363' title='bbox 716 1938 1011 1982; x_wconf 71' lang='lat' dir='ltr'>contractibus.</span> <span class='ocrx_word' id='word_1_364' title='bbox 1046 1938 1203 1982; x_wconf 85' lang='lat' dir='ltr'>Horum</span> <span class='ocrx_word' id='word_1_365' title='bbox 1228 1939 1414 1982; x_wconf 82' lang='lat' dir='ltr'>delinitio</span> <span class='ocrx_word' id='word_1_366' title='bbox 1438 1942 1520 1981; x_wconf 85' lang='lat' dir='ltr'>cst:</span> <span class='ocrx_word' id='word_1_367' title='bbox 1559 1937 1778 1981; x_wconf 80' lang='lat' dir='ltr'>«duorum</span> 
     </span>
     <span class='ocr_line' id='line_1_65' title="bbox 158 2008 1776 2066; baseline -0.002 -13"><span class='ocrx_word' id='word_1_368' title='bbox 158 2010 221 2053; x_wconf 90' lang='lat' dir='ltr'>vel</span> <span class='ocrx_word' id='word_1_369' title='bbox 257 2010 435 2066; x_wconf 87' lang='lat' dir='ltr'>plurium</span> <span class='ocrx_word' id='word_1_370' title='bbox 471 2013 510 2053; x_wconf 90' lang='lat' dir='ltr'>in</span> <span class='ocrx_word' id='word_1_371' title='bbox 545 2011 655 2053; x_wconf 87' lang='lat' dir='ltr'>idem</span> <span class='ocrx_word' id='word_1_372' title='bbox 690 2010 886 2066; x_wconf 87' lang='lat' dir='ltr'>placitum</span> <span class='ocrx_word' id='word_1_373' title='bbox 910 2023 1135 2053; x_wconf 86' lang='lat' dir='ltr'>consensus</span> <span class='ocrx_word' id='word_1_374' title='bbox 1156 2012 1274 2066; x_wconf 84' lang='lat' dir='ltr'>signo</span> <span class='ocrx_word' id='word_1_375' title='bbox 1297 2008 1776 2065; x_wconf 84' lang='lat' dir='ltr'>sensibiliexpressus».</span> 
     </span>
     <span class='ocr_line' id='line_1_66' title="bbox 154 2078 1779 2137; baseline -0.002 -13"><span class='ocrx_word' id='word_1_376' title='bbox 154 2079 399 2125; x_wconf 84' lang='lat' dir='ltr'>Contractus</span> <span class='ocrx_word' id='word_1_377' title='bbox 431 2081 635 2124; x_wconf 89' lang='lat' dir='ltr'>elementa</span> <span class='ocrx_word' id='word_1_378' title='bbox 668 2083 900 2124; x_wconf 85' lang='lat' dir='ltr'>necessaria</span> <span class='ocrx_word' id='word_1_379' title='bbox 932 2085 1049 2124; x_wconf 89' lang='lat' dir='ltr'>sunt:</span> <span class='ocrx_word' id='word_1_380' title='bbox 1085 2081 1124 2135; x_wconf 85' lang='lat' dir='ltr'>a)</span> <span class='ocrx_word' id='word_1_381' title='bbox 1159 2092 1359 2137; x_wconf 81' lang='lat' dir='ltr'>personae</span> <span class='ocrx_word' id='word_1_382' title='bbox 1383 2078 1687 2133; x_wconf 79' lang='lat' dir='ltr'>contrahentes,</span> <span class='ocrx_word' id='word_1_383' title='bbox 1715 2091 1779 2121; x_wconf 91' lang='lat' dir='ltr'>ve-</span> 
     </span>
     <span class='ocr_line' id='line_1_67' title="bbox 157 2148 1776 2208; baseline -0.001 -14"><span class='ocrx_word' id='word_1_384' title='bbox 157 2151 229 2194; x_wconf 85' lang='lat' dir='ltr'>luti</span> <span class='ocrx_word' id='word_1_385' title='bbox 261 2149 507 2208; x_wconf 83' lang='lat' dir='ltr'>subiectum,</span> <span class='ocrx_word' id='word_1_386' title='bbox 540 2150 575 2204; x_wconf 85' lang='lat' dir='ltr'>b)</span> <span class='ocrx_word' id='word_1_387' title='bbox 610 2152 783 2195; x_wconf 81' lang='lat' dir='ltr'>materia</span> <span class='ocrx_word' id='word_1_388' title='bbox 815 2164 887 2194; x_wconf 90' lang='lat' dir='ltr'>seu</span> <span class='ocrx_word' id='word_1_389' title='bbox 921 2150 1129 2194; x_wconf 89' lang='lat' dir='ltr'>obiectum</span> <span class='ocrx_word' id='word_1_390' title='bbox 1153 2153 1192 2193; x_wconf 92' lang='lat' dir='ltr'>in</span> <span class='ocrx_word' id='word_1_391' title='bbox 1216 2150 1326 2208; x_wconf 87' lang='lat' dir='ltr'>quod</span> <span class='ocrx_word' id='word_1_392' title='bbox 1351 2151 1615 2205; x_wconf 86' lang='lat' dir='ltr'>conveniunt,</span> <span class='ocrx_word' id='word_1_393' title='bbox 1642 2148 1679 2206; x_wconf 82' lang='lat' dir='ltr'>e)</span> <span class='ocrx_word' id='word_1_394' title='bbox 1707 2161 1776 2192; x_wconf 91' lang='lat' dir='ltr'>vo-</span> 
     </span>
     <span class='ocr_line' id='line_1_68' title="bbox 155 2219 1777 2279; baseline -0.001 -15"><span class='ocrx_word' id='word_1_395' title='bbox 155 2222 322 2265; x_wconf 88' lang='lat' dir='ltr'>luntatis</span> <span class='ocrx_word' id='word_1_396' title='bbox 355 2226 470 2265; x_wconf 88' lang='lat' dir='ltr'>actus</span> <span class='ocrx_word' id='word_1_397' title='bbox 494 2225 533 2264; x_wconf 90' lang='lat' dir='ltr'>in</span> <span class='ocrx_word' id='word_1_398' title='bbox 558 2222 637 2265; x_wconf 90' lang='lat' dir='ltr'>illis</span> <span class='ocrx_word' id='word_1_399' title='bbox 662 2224 847 2279; x_wconf 86' lang='lat' dir='ltr'>personis</span> <span class='ocrx_word' id='word_1_400' title='bbox 869 2222 972 2265; x_wconf 88' lang='lat' dir='ltr'>dans</span> <span class='ocrx_word' id='word_1_401' title='bbox 998 2224 1124 2265; x_wconf 84' lang='lat' dir='ltr'>vitam</span> <span class='ocrx_word' id='word_1_402' title='bbox 1147 2223 1377 2265; x_wconf 86' lang='lat' dir='ltr'>contractui</span> <span class='ocrx_word' id='word_1_403' title='bbox 1411 2220 1461 2263; x_wconf 84' lang='lat' dir='ltr'>ad</span> <span class='ocrx_word' id='word_1_404' title='bbox 1496 2219 1777 2263; x_wconf 89' lang='lat' dir='ltr'>inducendum</span> 
     </span>
     <span class='ocr_line' id='line_1_69' title="bbox 155 2291 1777 2349; baseline -0.002 -13"><span class='ocrx_word' id='word_1_405' title='bbox 155 2292 417 2348; x_wconf 83' lang='lat' dir='ltr'>obligationis</span> <span class='ocrx_word' id='word_1_406' title='bbox 449 2293 656 2348; x_wconf 77' lang='lat' dir='ltr'>eflectum,</span> <span class='ocrx_word' id='word_1_407' title='bbox 689 2297 813 2349; x_wconf 83' lang='lat' dir='ltr'>atque</span> <span class='ocrx_word' id='word_1_408' title='bbox 845 2291 888 2349; x_wconf 76' lang='lat' dir='ltr'>d)</span> <span class='ocrx_word' id='word_1_409' title='bbox 925 2292 1033 2335; x_wconf 87' lang='lat' dir='ltr'>illius</span> <span class='ocrx_word' id='word_1_410' title='bbox 1069 2291 1290 2335; x_wconf 86' lang='lat' dir='ltr'>voluntatis</span> <span class='ocrx_word' id='word_1_411' title='bbox 1324 2291 1597 2334; x_wconf 81' lang='lat' dir='ltr'>manifestatio</span> <span class='ocrx_word' id='word_1_412' title='bbox 1620 2294 1777 2345; x_wconf 86' lang='lat' dir='ltr'>mutua,</span> 
     </span>
     <span class='ocr_line' id='line_1_70' title="bbox 154 2360 1776 2420; baseline -0.001 -14"><span class='ocrx_word' id='word_1_413' title='bbox 154 2365 251 2420; x_wconf 82' lang='lat' dir='ltr'>quia</span> <span class='ocrx_word' id='word_1_414' title='bbox 284 2376 508 2406; x_wconf 87' lang='lat' dir='ltr'>consensus</span> <span class='ocrx_word' id='word_1_415' title='bbox 556 2368 692 2406; x_wconf 88' lang='lat' dir='ltr'>mente</span> <span class='ocrx_word' id='word_1_416' title='bbox 735 2367 920 2406; x_wconf 87' lang='lat' dir='ltr'>retentus</span> <span class='ocrx_word' id='word_1_417' title='bbox 959 2362 1059 2406; x_wconf 89' lang='lat' dir='ltr'>nihil</span> <span class='ocrx_word' id='word_1_418' title='bbox 1103 2367 1299 2419; x_wconf 84' lang='lat' dir='ltr'>operatur</span> <span class='ocrx_word' id='word_1_419' title='bbox 1333 2364 1371 2404; x_wconf 89' lang='lat' dir='ltr'>in</span> <span class='ocrx_word' id='word_1_420' title='bbox 1406 2361 1530 2405; x_wconf 91' lang='lat' dir='ltr'>rebus</span> <span class='ocrx_word' id='word_1_421' title='bbox 1572 2360 1776 2404; x_wconf 87' lang='lat' dir='ltr'>humanis.</span> 
     </span>
     <span class='ocr_line' id='line_1_71' title="bbox 155 2431 1778 2490; baseline -0.003 -13"><span class='ocrx_word' id='word_1_422' title='bbox 155 2432 399 2477; x_wconf 86' lang='lat' dir='ltr'>Contractus</span> <span class='ocrx_word' id='word_1_423' title='bbox 430 2438 525 2477; x_wconf 90' lang='lat' dir='ltr'>sunt</span> <span class='ocrx_word' id='word_1_424' title='bbox 557 2433 765 2477; x_wconf 86' lang='lat' dir='ltr'>obiectum</span> <span class='ocrx_word' id='word_1_425' title='bbox 799 2432 1047 2490; x_wconf 86' lang='lat' dir='ltr'>Theologiae</span> <span class='ocrx_word' id='word_1_426' title='bbox 1081 2432 1264 2487; x_wconf 83' lang='lat' dir='ltr'>moralis,</span> <span class='ocrx_word' id='word_1_427' title='bbox 1298 2436 1502 2490; x_wconf 88' lang='lat' dir='ltr'>quatenus</span> <span class='ocrx_word' id='word_1_428' title='bbox 1524 2431 1575 2474; x_wconf 85' lang='lat' dir='ltr'>ad</span> <span class='ocrx_word' id='word_1_429' title='bbox 1599 2432 1778 2474; x_wconf 89' lang='lat' dir='ltr'>iustitiae</span> 
     </span>
     <span class='ocr_line' id='line_1_72' title="bbox 158 2501 1778 2560; baseline -0.001 -15"><span class='ocrx_word' id='word_1_430' title='bbox 158 2506 352 2546; x_wconf 90' lang='lat' dir='ltr'>virtutem</span> <span class='ocrx_word' id='word_1_431' title='bbox 385 2518 428 2547; x_wconf 86' lang='grc'>56</span> <span class='ocrx_word' id='word_1_432' title='bbox 462 2505 657 2559; x_wconf 85' lang='lat' dir='ltr'>referunt,</span> <span class='ocrx_word' id='word_1_433' title='bbox 690 2508 813 2560; x_wconf 88' lang='lat' dir='ltr'>atque</span> <span class='ocrx_word' id='word_1_434' title='bbox 846 2505 935 2546; x_wconf 88' lang='lat' dir='ltr'>iure</span> <span class='ocrx_word' id='word_1_435' title='bbox 969 2508 1140 2547; x_wconf 88' lang='lat' dir='ltr'>naturae</span> <span class='ocrx_word' id='word_1_436' title='bbox 1182 2515 1230 2546; x_wconf 91' lang='lat' dir='ltr'>ac</span> <span class='ocrx_word' id='word_1_437' title='bbox 1274 2504 1451 2559; x_wconf 89' lang='lat' dir='ltr'>positivo</span> <span class='ocrx_word' id='word_1_438' title='bbox 1495 2501 1637 2544; x_wconf 90' lang='lat' dir='ltr'>divino</span> <span class='ocrx_word' id='word_1_439' title='bbox 1668 2513 1778 2544; x_wconf 87' lang='lat' dir='ltr'>men·</span> 
     </span>
     <span class='ocr_line' id='line_1_73' title="bbox 153 2572 1778 2632; baseline -0.002 -16"><span class='ocrx_word' id='word_1_440' title='bbox 153 2579 361 2618; x_wconf 88' lang='lat' dir='ltr'>surantur.</span> <span class='ocrx_word' id='word_1_441' title='bbox 394 2574 586 2618; x_wconf 85' lang='lat' dir='ltr'>Attamen</span> <span class='ocrx_word' id='word_1_442' title='bbox 605 2576 702 2632; x_wconf 84' lang='lat' dir='ltr'>quia</span> <span class='ocrx_word' id='word_1_443' title='bbox 727 2577 765 2617; x_wconf 91' lang='lat' dir='ltr'>in</span> <span class='ocrx_word' id='word_1_444' title='bbox 791 2573 975 2617; x_wconf 77' lang='grc'>1110111165</span> <span class='ocrx_word' id='word_1_445' title='bbox 998 2573 1212 2617; x_wconf 90' lang='lat' dir='ltr'>hominum</span> <span class='ocrx_word' id='word_1_446' title='bbox 1245 2572 1430 2630; x_wconf 88' lang='lat' dir='ltr'>quotidie</span> <span class='ocrx_word' id='word_1_447' title='bbox 1462 2584 1510 2615; x_wconf 84' lang='lat' dir='ltr'>ac</span> <span class='ocrx_word' id='word_1_448' title='bbox 1542 2572 1778 2628; x_wconf 84' lang='lat' dir='ltr'>frequenter</span> 
     </span>
     <span class='ocr_line' id='line_1_74' title="bbox 154 2641 1778 2701; baseline -0.002 -14"><span class='ocrx_word' id='word_1_449' title='bbox 154 2648 249 2687; x_wconf 87' lang='lat' dir='ltr'>sunt</span> <span class='ocrx_word' id='word_1_450' title='bbox 280 2648 518 2688; x_wconf 86' lang='lat' dir='ltr'>contractus</span> <span class='ocrx_word' id='word_1_451' title='bbox 553 2647 688 2700; x_wconf 90' lang='lat' dir='ltr'>positi,</span> <span class='ocrx_word' id='word_1_452' title='bbox 722 2648 845 2701; x_wconf 86' lang='lat' dir='ltr'>atque</span> <span class='ocrx_word' id='word_1_453' title='bbox 881 2643 1001 2687; x_wconf 83' lang='lat' dir='ltr'>valde</span> <span class='ocrx_word' id='word_1_454' title='bbox 1033 2644 1272 2687; x_wconf 88' lang='lat' dir='ltr'>conducunt</span> <span class='ocrx_word' id='word_1_455' title='bbox 1319 2643 1369 2686; x_wconf 81' lang='lat' dir='ltr'>ad</span> <span class='ocrx_word' id='word_1_456' title='bbox 1421 2644 1548 2685; x_wconf 86' lang='lat' dir='ltr'>vitam</span> <span class='ocrx_word' id='word_1_457' title='bbox 1581 2641 1778 2685; x_wconf 89' lang='lat' dir='ltr'>socialem</span> 
     </span>
     <span class='ocr_line' id='line_1_75' title="bbox 154 2712 1777 2771; baseline -0.002 -13"><span class='ocrx_word' id='word_1_458' title='bbox 154 2715 326 2770; x_wconf 78' lang='lat' dir='ltr'>pacifice</span> <span class='ocrx_word' id='word_1_459' title='bbox 359 2715 687 2771; x_wconf 87' lang='lat' dir='ltr'>promovendam</span> <span class='ocrx_word' id='word_1_460' title='bbox 726 2713 789 2758; x_wconf 91' lang='lat' dir='ltr'>vel</span> <span class='ocrx_word' id='word_1_461' title='bbox 822 2727 843 2757; x_wconf 88' lang='grc'>6</span> <span class='ocrx_word' id='word_1_462' title='bbox 877 2719 1020 2758; x_wconf 90' lang='lat' dir='ltr'>contra</span> <span class='ocrx_word' id='word_1_463' title='bbox 1053 2713 1317 2768; x_wconf 86' lang='lat' dir='ltr'>turbandam,</span> <span class='ocrx_word' id='word_1_464' title='bbox 1362 2714 1497 2769; x_wconf 89' lang='lat' dir='ltr'>prouti</span> <span class='ocrx_word' id='word_1_465' title='bbox 1531 2716 1642 2755; x_wconf 89' lang='lat' dir='ltr'>recte</span> <span class='ocrx_word' id='word_1_466' title='bbox 1675 2712 1777 2755; x_wconf 82' lang='lat' dir='ltr'>liunt</span> 
     </span>
     <span class='ocr_line' id='line_1_76' title="bbox 158 2782 1774 2858; baseline -0.001 -31"><span class='ocrx_word' id='word_1_467' title='bbox 158 2784 219 2828; x_wconf 90' lang='lat' dir='ltr'>vel</span> <span class='ocrx_word' id='word_1_468' title='bbox 255 2785 560 2841; x_wconf 72' lang='lat' dir='ltr'>depravantur·</span> <span class='ocrx_word' id='word_1_469' title='bbox 595 2785 689 2829; x_wconf 90' lang='lat' dir='ltr'>hinc</span> <span class='ocrx_word' id='word_1_470' title='bbox 723 2786 947 2829; x_wconf 86' lang='lat' dir='ltr'>necessitas</span> <span class='ocrx_word' id='word_1_471' title='bbox 981 2789 1023 2828; x_wconf 90' lang='lat' dir='ltr'>ut</span> <span class='ocrx_word' id='word_1_472' title='bbox 1057 2789 1235 2841; x_wconf 86' lang='lat' dir='ltr'>potestas</span> <span class='ocrx_word' id='word_1_473' title='bbox 1259 2782 1423 2840; x_wconf 85' lang='lat' dir='ltr'>publica</span> <span class='ocrx_word' id='word_1_474' title='bbox 1457 2785 1516 2826; x_wconf 87' lang='grc'>615</span> <span class='ocrx_word' id='word_1_475' title='bbox 1554 2782 1774 2858; x_wconf 87' lang='lat' dir='ltr'>perleges</span> 
     </span>
     <span class='ocr_line' id='line_1_77' title="bbox 155 2854 357 2911; baseline 0.011 -14"><span class='ocrx_word' id='word_1_476' title='bbox 155 2854 357 2911; x_wconf 76' lang='lat' dir='ltr'>invigilet.</span> 
     </span>
    </p>
   </div>
   <div class='ocr_carea' id='block_1_9' title="bbox 1842 0 1965 3240">
    <p class='ocr_par' dir='ltr' id='par_1_16' title="bbox 1842 0 1965 3240">
     <span class='ocr_line' id='line_1_78' title="bbox 1842 0 1965 3240; baseline 0 0"><span class='ocrx_word' id='word_1_477' title='bbox 1842 0 1965 3240; x_wconf 95' lang='lat' dir='ltr'> </span> 
     </span>
    </p>
   </div>
  </div>
 </body>
</html>
