<?xml version="1.0" encoding="UTF-8"?>
<!DOCTYPE html PUBLIC "-//W3C//DTD XHTML 1.0 Transitional//EN"
    "http://www.w3.org/TR/xhtml1/DTD/xhtml1-transitional.dtd">
<html xmlns="http://www.w3.org/1999/xhtml" xml:lang="en" lang="en">
 <head>
  <title>
</title>
<meta http-equiv="Content-Type" content="text/html;charset=utf-8" />
  <meta name='ocr-system' content='tesseract 3.04.00' />
  <meta name='ocr-capabilities' content='ocr_page ocr_carea ocr_par ocr_line ocrx_word'/>
</head>
<body>
  <div class='ocr_page' id='page_1' title='image "./commentariumtext03blatuoft_0204.png"; bbox 0 0 1965 3240; ppageno 0'>
   <div class='ocr_carea' id='block_1_1' title="bbox 147 111 1397 153">
    <p class='ocr_par' dir='ltr' id='par_1_1' title="bbox 147 111 1397 153">
     <span class='ocr_line' id='line_1_1' title="bbox 147 111 1397 153; baseline 0 -7"><span class='ocrx_word' id='word_1_1' title='bbox 147 111 215 146; x_wconf 82' lang='lat'><strong>192</strong></span> <span class='ocrx_word' id='word_1_2' title='bbox 526 111 612 145; x_wconf 76' lang='lat' dir='ltr'><strong>LIB.</strong></span> <span class='ocrx_word' id='word_1_3' title='bbox 640 111 710 146; x_wconf 89' lang='lat' dir='ltr'>III.</span> <span class='ocrx_word' id='word_1_4' title='bbox 737 130 749 137; x_wconf 94' lang='lat'><em>-</em></span> <span class='ocrx_word' id='word_1_5' title='bbox 776 111 886 145; x_wconf 78' lang='lat' dir='ltr'>PARS</span> <span class='ocrx_word' id='word_1_6' title='bbox 911 111 983 146; x_wconf 88' lang='grc' dir='ltr'><strong>ΠΙ.</strong></span> <span class='ocrx_word' id='word_1_7' title='bbox 1009 131 1022 136; x_wconf 88' lang='grc'><strong>-</strong></span> <span class='ocrx_word' id='word_1_8' title='bbox 1048 111 1105 147; x_wconf 81' lang='lat' dir='ltr'><strong>De</strong></span> <span class='ocrx_word' id='word_1_9' title='bbox 1128 113 1236 146; x_wconf 78' lang='lat' dir='ltr'><strong>cultu</strong></span> <span class='ocrx_word' id='word_1_10' title='bbox 1263 112 1397 153; x_wconf 75' lang='lat' dir='ltr'><strong>divino</strong></span> 
     </span>
    </p>
   </div>
   <div class='ocr_carea' id='block_1_2' title="bbox 148 169 1728 183">
    <p class='ocr_par' dir='ltr' id='par_1_2' title="bbox 148 169 1728 183">
     <span class='ocr_line' id='line_1_2' title="bbox 148 169 1728 183; baseline 0 0"><span class='ocrx_word' id='word_1_11' title='bbox 148 169 1728 183; x_wconf 95' lang='lat' dir='ltr'><strong> </strong></span> 
     </span>
    </p>
   </div>
   <div class='ocr_carea' id='block_1_3' title="bbox 768 319 1160 357">
    <p class='ocr_par' dir='ltr' id='par_1_3' title="bbox 768 319 1160 357">
     <span class='ocr_line' id='line_1_3' title="bbox 768 319 1160 357; baseline 0 -1"><span class='ocrx_word' id='word_1_12' title='bbox 768 319 1000 357; x_wconf 85' lang='lat' dir='ltr'>TITULUS</span> <span class='ocrx_word' id='word_1_13' title='bbox 1031 319 1160 356; x_wconf 90' lang='lat' dir='ltr'><strong>XVII.</strong></span> 
     </span>
    </p>
   </div>
   <div class='ocr_carea' id='block_1_4' title="bbox 631 418 1295 472">
    <p class='ocr_par' dir='ltr' id='par_1_4' title="bbox 631 418 1295 472">
     <span class='ocr_line' id='line_1_4' title="bbox 631 418 1295 472; baseline 0 -12"><span class='ocrx_word' id='word_1_14' title='bbox 631 418 695 461; x_wconf 86' lang='lat' dir='ltr'><strong>De</strong></span> <span class='ocrx_word' id='word_1_15' title='bbox 729 418 873 461; x_wconf 74' lang='lat' dir='ltr'><strong>sacrIs</strong></span> <span class='ocrx_word' id='word_1_16' title='bbox 906 418 1295 472; x_wconf 77' lang='lat' dir='ltr'><strong>processionibus.</strong></span> 
     </span>
    </p>
   </div>
   <div class='ocr_carea' id='block_1_5' title="bbox 143 556 929 1926">
    <p class='ocr_par' dir='ltr' id='par_1_5' title="bbox 143 556 926 933">
     <span class='ocr_line' id='line_1_5' title="bbox 194 556 924 600; baseline -0.007 -5"><span class='ocrx_word' id='word_1_17' title='bbox 194 558 265 595; x_wconf 62' lang='lat' dir='ltr'><strong>Cn·</strong></span> <span class='ocrx_word' id='word_1_18' title='bbox 314 557 414 594; x_wconf 73' lang='lat'>1290.</span> <span class='ocrx_word' id='word_1_19' title='bbox 447 579 462 583; x_wconf 95' lang='lat'>-</span> <span class='ocrx_word' id='word_1_20' title='bbox 488 561 506 600; x_wconf 67' lang='grc' dir='ltr'>ξ</span> <span class='ocrx_word' id='word_1_21' title='bbox 528 557 558 591; x_wconf 92' lang='grc'><strong>1.</strong></span> <span class='ocrx_word' id='word_1_22' title='bbox 582 556 727 592; x_wconf 77' lang='lat' dir='ltr'>Nomine</span> <span class='ocrx_word' id='word_1_23' title='bbox 746 567 924 591; x_wconf 87' lang='lat' dir='ltr'><strong>sacrarum</strong></span> 
     </span>
     <span class='ocr_line' id='line_1_6' title="bbox 147 603 925 653; baseline -0.005 -11"><span class='ocrx_word' id='word_1_24' title='bbox 147 606 408 653; x_wconf 78' lang='lat' dir='ltr'><strong>processionum</strong></span> <span class='ocrx_word' id='word_1_25' title='bbox 451 604 696 649; x_wconf 84' lang='lat' dir='ltr'><strong>significantur</strong></span> <span class='ocrx_word' id='word_1_26' title='bbox 740 603 925 638; x_wconf 73' lang='lat' dir='ltr'><strong>sollemnes</strong></span> 
     </span>
     <span class='ocr_line' id='line_1_7' title="bbox 144 650 925 700; baseline -0.005 -11"><span class='ocrx_word' id='word_1_27' title='bbox 144 653 419 700; x_wconf 80' lang='lat' dir='ltr'><strong>supplicationes</strong></span> <span class='ocrx_word' id='word_1_28' title='bbox 435 663 523 698; x_wconf 89' lang='lat' dir='ltr'><strong>quae</strong></span> <span class='ocrx_word' id='word_1_29' title='bbox 537 663 556 687; x_wconf 87' lang='lat' dir='ltr'><strong>a</strong></span> <span class='ocrx_word' id='word_1_30' title='bbox 574 653 697 697; x_wconf 89' lang='lat' dir='ltr'><strong>populo</strong></span> <span class='ocrx_word' id='word_1_31' title='bbox 718 651 820 691; x_wconf 82' lang='lat' dir='ltr'><strong>fideli,</strong></span> <span class='ocrx_word' id='word_1_32' title='bbox 839 650 925 685; x_wconf 89' lang='lat' dir='ltr'><strong>duce</strong></span> 
     </span>
     <span class='ocr_line' id='line_1_8' title="bbox 143 697 924 743; baseline -0.008 -6"><span class='ocrx_word' id='word_1_33' title='bbox 143 701 250 743; x_wconf 76' lang='lat' dir='ltr'><strong>clero,</strong></span> <span class='ocrx_word' id='word_1_34' title='bbox 274 701 360 736; x_wconf 83' lang='lat' dir='ltr'><strong>fiunt</strong></span> <span class='ocrx_word' id='word_1_35' title='bbox 379 700 493 735; x_wconf 86' lang='lat' dir='ltr'><strong>eundo</strong></span> <span class='ocrx_word' id='word_1_36' title='bbox 512 698 701 734; x_wconf 81' lang='lat' dir='ltr'><strong>ordinatim</strong></span> <span class='ocrx_word' id='word_1_37' title='bbox 722 698 762 732; x_wconf 90' lang='lat' dir='ltr'><strong>de</strong></span> <span class='ocrx_word' id='word_1_38' title='bbox 782 697 853 732; x_wconf 90' lang='lat' dir='ltr'><strong>loco</strong></span> <span class='ocrx_word' id='word_1_39' title='bbox 872 708 924 732; x_wconf 93' lang='lat' dir='ltr'><strong>sa-</strong></span> 
     </span>
     <span class='ocr_line' id='line_1_9' title="bbox 143 744 924 787; baseline -0.006 -4"><span class='ocrx_word' id='word_1_40' title='bbox 143 760 204 783; x_wconf 86' lang='lat' dir='ltr'><strong>cro</strong></span> <span class='ocrx_word' id='word_1_41' title='bbox 239 748 281 783; x_wconf 88' lang='lat' dir='ltr'><strong>ad</strong></span> <span class='ocrx_word' id='word_1_42' title='bbox 310 748 423 783; x_wconf 89' lang='lat' dir='ltr'><strong>locum</strong></span> <span class='ocrx_word' id='word_1_43' title='bbox 450 757 601 787; x_wconf 83' lang='lat' dir='ltr'><strong>sacrum,</strong></span> <span class='ocrx_word' id='word_1_44' title='bbox 630 746 673 780; x_wconf 89' lang='lat' dir='ltr'><strong>ad</strong></span> <span class='ocrx_word' id='word_1_45' title='bbox 704 744 924 780; x_wconf 78' lang='lat' dir='ltr'><strong>excitandam</strong></span> 
     </span>
     <span class='ocr_line' id='line_1_10' title="bbox 149 791 926 839; baseline -0.006 -8"><span class='ocrx_word' id='word_1_46' title='bbox 149 795 304 831; x_wconf 87' lang='lat' dir='ltr'><strong>fidelium</strong></span> <span class='ocrx_word' id='word_1_47' title='bbox 333 795 508 839; x_wconf 86' lang='lat' dir='ltr'><strong>pietatem,</strong></span> <span class='ocrx_word' id='word_1_48' title='bbox 541 794 583 828; x_wconf 91' lang='lat' dir='ltr'><strong>ad</strong></span> <span class='ocrx_word' id='word_1_49' title='bbox 619 791 926 828; x_wconf 88' lang='lat' dir='ltr'><strong>commemoranda</strong></span> 
     </span>
     <span class='ocr_line' id='line_1_11' title="bbox 148 839 925 886; baseline -0.008 -7"><span class='ocrx_word' id='word_1_50' title='bbox 148 843 207 879; x_wconf 91' lang='lat' dir='ltr'><strong>Dei</strong></span> <span class='ocrx_word' id='word_1_51' title='bbox 235 842 405 878; x_wconf 81' lang='lat' dir='ltr'><strong>beneficia</strong></span> <span class='ocrx_word' id='word_1_52' title='bbox 431 841 531 886; x_wconf 91' lang='lat' dir='ltr'><strong>eique</strong></span> <span class='ocrx_word' id='word_1_53' title='bbox 549 841 679 885; x_wconf 77' lang='lat' dir='ltr'><strong>gratias</strong></span> <span class='ocrx_word' id='word_1_54' title='bbox 697 839 862 884; x_wconf 78' lang='lat' dir='ltr'><strong>agendas,</strong></span> <span class='ocrx_word' id='word_1_55' title='bbox 882 839 925 874; x_wconf 91' lang='lat' dir='ltr'><strong>ad</strong></span> 
     </span>
     <span class='ocr_line' id='line_1_12' title="bbox 147 887 805 933; baseline -0.008 -8"><span class='ocrx_word' id='word_1_56' title='bbox 147 890 307 926; x_wconf 90' lang='lat' dir='ltr'><strong>divinum</strong></span> <span class='ocrx_word' id='word_1_57' title='bbox 333 888 502 924; x_wconf 82' lang='lat' dir='ltr'><strong>auxilium</strong></span> <span class='ocrx_word' id='word_1_58' title='bbox 531 887 805 933; x_wconf 88' lang='lat' dir='ltr'><strong>implorandum.</strong></span> 
     </span>
    </p>

    <p class='ocr_par' dir='ltr' id='par_1_6' title="bbox 146 933 928 1209">
     <span class='ocr_line' id='line_1_13' title="bbox 196 933 928 980; baseline -0.007 -8"><span class='ocrx_word' id='word_1_59' title='bbox 196 941 214 980; x_wconf 66' lang='grc' dir='ltr'>ξ</span> <span class='ocrx_word' id='word_1_60' title='bbox 242 937 275 971; x_wconf 71' lang='lat'><strong>⁶2.</strong></span> <span class='ocrx_word' id='word_1_61' title='bbox 308 935 510 972; x_wconf 71' lang='lat' dir='ltr'><strong>ordinariae</strong></span> <span class='ocrx_word' id='word_1_62' title='bbox 525 940 709 980; x_wconf 85' lang='lat' dir='ltr'><strong>suntquae</strong></span> <span class='ocrx_word' id='word_1_63' title='bbox 735 933 834 968; x_wconf 88' lang='lat' dir='ltr'><strong>statis</strong></span> <span class='ocrx_word' id='word_1_64' title='bbox 859 933 928 968; x_wconf 84' lang='lat' dir='ltr'><strong>die-</strong></span> 
     </span>
     <span class='ocr_line' id='line_1_14' title="bbox 149 981 926 1030; baseline -0.008 -10"><span class='ocrx_word' id='word_1_65' title='bbox 149 985 213 1020; x_wconf 87' lang='lat' dir='ltr'><strong>bus</strong></span> <span class='ocrx_word' id='word_1_66' title='bbox 242 995 300 1030; x_wconf 90' lang='lat' dir='ltr'><strong>per</strong></span> <span class='ocrx_word' id='word_1_67' title='bbox 325 994 461 1019; x_wconf 88' lang='lat' dir='ltr'><strong>annum</strong></span> <span class='ocrx_word' id='word_1_68' title='bbox 490 983 578 1017; x_wconf 84' lang='lat' dir='ltr'><strong>liunt</strong></span> <span class='ocrx_word' id='word_1_69' title='bbox 604 983 646 1017; x_wconf 90' lang='lat' dir='ltr'><strong>ad</strong></span> <span class='ocrx_word' id='word_1_70' title='bbox 686 991 845 1016; x_wconf 87' lang='lat' dir='ltr'><strong>normam</strong></span> <span class='ocrx_word' id='word_1_71' title='bbox 887 981 926 1014; x_wconf 93' lang='lat' dir='ltr'><strong>li-</strong></span> 
     </span>
     <span class='ocr_line' id='line_1_15' title="bbox 148 1028 926 1075; baseline -0.006 -8"><span class='ocrx_word' id='word_1_72' title='bbox 148 1032 289 1067; x_wconf 88' lang='lat' dir='ltr'><strong>brorum</strong></span> <span class='ocrx_word' id='word_1_73' title='bbox 306 1031 545 1075; x_wconf 86' lang='lat' dir='ltr'><strong>liturgicorum</strong></span> <span class='ocrx_word' id='word_1_74' title='bbox 562 1029 613 1064; x_wconf 80' lang='lat' dir='ltr'><strong>vel</strong></span> <span class='ocrx_word' id='word_1_75' title='bbox 630 1028 926 1064; x_wconf 83' lang='lat' dir='ltr'><strong>consuetudinum</strong></span> 
     </span>
     <span class='ocr_line' id='line_1_16' title="bbox 146 1075 927 1121; baseline -0.006 -7"><span class='ocrx_word' id='word_1_76' title='bbox 146 1079 392 1119; x_wconf 83' lang='lat' dir='ltr'><strong>ecclesiarum3</strong></span> <span class='ocrx_word' id='word_1_77' title='bbox 416 1076 721 1117; x_wconf 47' lang='lat' dir='ltr'><strong>entraordinariae,</strong></span> <span class='ocrx_word' id='word_1_78' title='bbox 743 1086 830 1121; x_wconf 85' lang='lat' dir='ltr'><strong>quae</strong></span> <span class='ocrx_word' id='word_1_79' title='bbox 848 1075 927 1110; x_wconf 90' lang='lat' dir='ltr'><strong>aliis</strong></span> 
     </span>
     <span class='ocr_line' id='line_1_17' title="bbox 150 1123 927 1173; baseline -0.006 -12"><span class='ocrx_word' id='word_1_80' title='bbox 150 1126 298 1173; x_wconf 88' lang='lat' dir='ltr'><strong>publicis</strong></span> <span class='ocrx_word' id='word_1_81' title='bbox 323 1126 365 1161; x_wconf 91' lang='lat' dir='ltr'><strong>de</strong></span> <span class='ocrx_word' id='word_1_82' title='bbox 391 1125 506 1160; x_wconf 89' lang='lat' dir='ltr'><strong>causis</strong></span> <span class='ocrx_word' id='word_1_83' title='bbox 534 1124 569 1158; x_wconf 91' lang='lat' dir='ltr'><strong>in</strong></span> <span class='ocrx_word' id='word_1_84' title='bbox 609 1124 694 1159; x_wconf 90' lang='lat' dir='ltr'><strong>alios</strong></span> <span class='ocrx_word' id='word_1_85' title='bbox 732 1124 806 1158; x_wconf 89' lang='lat' dir='ltr'><strong>dies</strong></span> <span class='ocrx_word' id='word_1_86' title='bbox 838 1123 927 1157; x_wconf 90' lang='lat' dir='ltr'><strong>indi-</strong></span> 
     </span>
     <span class='ocr_line' id='line_1_18' title="bbox 148 1178 288 1209; baseline -0.014 0"><span class='ocrx_word' id='word_1_87' title='bbox 148 1178 288 1209; x_wconf 87' lang='lat' dir='ltr'><strong>cuntur.</strong></span> 
     </span>
    </p>

    <p class='ocr_par' dir='ltr' id='par_1_7' title="bbox 144 1216 929 1830">
     <span class='ocr_line' id='line_1_19' title="bbox 195 1216 927 1261; baseline -0.007 -6"><span class='ocrx_word' id='word_1_88' title='bbox 195 1220 280 1256; x_wconf 67' lang='lat' dir='ltr'><strong>CAN.</strong></span> <span class='ocrx_word' id='word_1_89' title='bbox 313 1218 414 1254; x_wconf 78' lang='lat'>1291.</span> <span class='ocrx_word' id='word_1_90' title='bbox 443 1239 464 1244; x_wconf 99' lang='lat'>-</span> <span class='ocrx_word' id='word_1_91' title='bbox 490 1222 509 1261; x_wconf 65' lang='grc' dir='ltr'>ξ</span> <span class='ocrx_word' id='word_1_92' title='bbox 540 1218 569 1253; x_wconf 88' lang='lat' dir='ltr'><strong>l.</strong></span> <span class='ocrx_word' id='word_1_93' title='bbox 608 1217 678 1252; x_wconf 73' lang='lat' dir='ltr'><strong>Nisi</strong></span> <span class='ocrx_word' id='word_1_94' title='bbox 714 1217 814 1252; x_wconf 88' lang='lat' dir='ltr'><strong>aliter</strong></span> <span class='ocrx_word' id='word_1_95' title='bbox 842 1216 927 1251; x_wconf 83' lang='lat' dir='ltr'><strong>serat</strong></span> 
     </span>
     <span class='ocr_line' id='line_1_20' title="bbox 148 1264 926 1307; baseline -0.006 -4"><span class='ocrx_word' id='word_1_96' title='bbox 148 1266 437 1303; x_wconf 83' lang='lat' dir='ltr'><strong>immemorabilis</strong></span> <span class='ocrx_word' id='word_1_97' title='bbox 456 1265 684 1307; x_wconf 76' lang='lat' dir='ltr'><strong>consuetudo,</strong></span> <span class='ocrx_word' id='word_1_98' title='bbox 702 1264 755 1300; x_wconf 76' lang='lat' dir='ltr'><strong>vel</strong></span> <span class='ocrx_word' id='word_1_99' title='bbox 775 1264 926 1299; x_wconf 91' lang='lat' dir='ltr'><strong>locorum</strong></span> 
     </span>
     <span class='ocr_line' id='line_1_21' title="bbox 144 1311 926 1359; baseline -0.005 -10"><span class='ocrx_word' id='word_1_100' title='bbox 144 1314 444 1353; x_wconf 81' lang='lat' dir='ltr'><strong>circumstantiae,</strong></span> <span class='ocrx_word' id='word_1_101' title='bbox 483 1312 643 1359; x_wconf 82' lang='lat' dir='ltr'><strong>prudenti</strong></span> <span class='ocrx_word' id='word_1_102' title='bbox 682 1311 838 1357; x_wconf 79' lang='lat' dir='ltr'><strong>Episcopi</strong></span> <span class='ocrx_word' id='word_1_103' title='bbox 876 1311 926 1345; x_wconf 87' lang='lat' dir='ltr'><strong>iu-</strong></span> 
     </span>
     <span class='ocr_line' id='line_1_22' title="bbox 148 1358 928 1405; baseline -0.008 -8"><span class='ocrx_word' id='word_1_104' title='bbox 148 1363 250 1402; x_wconf 89' lang='lat' dir='ltr'><strong>dicio,</strong></span> <span class='ocrx_word' id='word_1_105' title='bbox 277 1361 372 1397; x_wconf 89' lang='lat' dir='ltr'><strong>aliud</strong></span> <span class='ocrx_word' id='word_1_106' title='bbox 398 1361 550 1405; x_wconf 27' lang='lat' dir='ltr'><strong>exigant!</strong></span> <span class='ocrx_word' id='word_1_107' title='bbox 580 1360 635 1394; x_wconf 90' lang='lat' dir='ltr'><strong>die</strong></span> <span class='ocrx_word' id='word_1_108' title='bbox 659 1359 744 1394; x_wconf 80' lang='lat' dir='ltr'><strong>festo</strong></span> <span class='ocrx_word' id='word_1_109' title='bbox 766 1358 928 1404; x_wconf 85' lang='lat' dir='ltr'><strong>Corporis</strong></span> 
     </span>
     <span class='ocr_line' id='line_1_23' title="bbox 144 1406 928 1452; baseline -0.005 -8"><span class='ocrx_word' id='word_1_110' title='bbox 144 1408 276 1445; x_wconf 76' lang='lat' dir='ltr'><strong>vChristi</strong></span> <span class='ocrx_word' id='word_1_111' title='bbox 305 1409 408 1443; x_wconf 88' lang='lat' dir='ltr'><strong>unica</strong></span> <span class='ocrx_word' id='word_1_112' title='bbox 434 1412 573 1443; x_wconf 87' lang='lat' dir='ltr'><strong>tantum</strong></span> <span class='ocrx_word' id='word_1_113' title='bbox 600 1406 849 1452; x_wconf 90' lang='lat' dir='ltr'><strong>sollemnisque</strong></span> <span class='ocrx_word' id='word_1_114' title='bbox 870 1416 928 1451; x_wconf 89' lang='lat' dir='ltr'><strong>per</strong></span> 
     </span>
     <span class='ocr_line' id='line_1_24' title="bbox 150 1453 929 1503; baseline -0.008 -11"><span class='ocrx_word' id='word_1_115' title='bbox 150 1457 307 1503; x_wconf 90' lang='lat' dir='ltr'><strong>publicas</strong></span> <span class='ocrx_word' id='word_1_116' title='bbox 334 1456 407 1490; x_wconf 88' lang='lat' dir='ltr'><strong>vias</strong></span> <span class='ocrx_word' id='word_1_117' title='bbox 435 1455 605 1501; x_wconf 83' lang='lat' dir='ltr'><strong>processio</strong></span> <span class='ocrx_word' id='word_1_118' title='bbox 633 1455 667 1488; x_wconf 92' lang='lat' dir='ltr'><strong>in</strong></span> <span class='ocrx_word' id='word_1_119' title='bbox 695 1464 765 1489; x_wconf 91' lang='lat' dir='ltr'><strong>uno</strong></span> <span class='ocrx_word' id='word_1_120' title='bbox 795 1453 929 1488; x_wconf 91' lang='lat' dir='ltr'><strong>eodem-</strong></span> 
     </span>
     <span class='ocr_line' id='line_1_25' title="bbox 149 1500 928 1550; baseline -0.008 -10"><span class='ocrx_word' id='word_1_121' title='bbox 149 1515 216 1550; x_wconf 92' lang='lat' dir='ltr'><strong>que</strong></span> <span class='ocrx_word' id='word_1_122' title='bbox 243 1504 315 1538; x_wconf 90' lang='lat' dir='ltr'><strong>loco</strong></span> <span class='ocrx_word' id='word_1_123' title='bbox 343 1503 413 1538; x_wconf 86' lang='lat' dir='ltr'><strong>fieri</strong></span> <span class='ocrx_word' id='word_1_124' title='bbox 442 1502 543 1537; x_wconf 86' lang='lat' dir='ltr'><strong>debet</strong></span> <span class='ocrx_word' id='word_1_125' title='bbox 568 1501 612 1536; x_wconf 90' lang='lat' dir='ltr'><strong>ab</strong></span> <span class='ocrx_word' id='word_1_126' title='bbox 631 1501 775 1536; x_wconf 84' lang='lat' dir='ltr'><strong>ecclesia</strong></span> <span class='ocrx_word' id='word_1_127' title='bbox 793 1500 928 1545; x_wconf 77' lang='lat' dir='ltr'><strong>(lignio-</strong></span> 
     </span>
     <span class='ocr_line' id='line_1_26' title="bbox 148 1548 928 1597; baseline -0.005 -11"><span class='ocrx_word' id='word_1_128' title='bbox 148 1562 196 1593; x_wconf 86' lang='lat' dir='ltr'><strong>re,</strong></span> <span class='ocrx_word' id='word_1_129' title='bbox 232 1551 333 1597; x_wconf 90' lang='lat' dir='ltr'><strong>eique</strong></span> <span class='ocrx_word' id='word_1_130' title='bbox 373 1550 486 1585; x_wconf 91' lang='lat' dir='ltr'><strong>clerici</strong></span> <span class='ocrx_word' id='word_1_131' title='bbox 526 1560 648 1584; x_wconf 89' lang='lat' dir='ltr'><strong>omnes</strong></span> <span class='ocrx_word' id='word_1_132' title='bbox 679 1548 928 1593; x_wconf 84' lang='lat' dir='ltr'><strong>religiosaeque</strong></span> 
     </span>
     <span class='ocr_line' id='line_1_27' title="bbox 151 1596 927 1640; baseline -0.005 -7"><span class='ocrx_word' id='word_1_133' title='bbox 151 1599 302 1633; x_wconf 90' lang='lat' dir='ltr'><strong>virorum</strong></span> <span class='ocrx_word' id='word_1_134' title='bbox 333 1597 496 1637; x_wconf 77' lang='lat' dir='ltr'><strong>familiae.</strong></span> <span class='ocrx_word' id='word_1_135' title='bbox 535 1596 639 1631; x_wconf 89' lang='lat' dir='ltr'><strong>etiam</strong></span> <span class='ocrx_word' id='word_1_136' title='bbox 678 1600 869 1640; x_wconf 80' lang='lat' dir='ltr'><strong>exemptae,</strong></span> <span class='ocrx_word' id='word_1_137' title='bbox 895 1599 927 1630; x_wconf 88' lang='lat' dir='ltr'><strong>et</strong></span> 
     </span>
     <span class='ocr_line' id='line_1_28' title="bbox 151 1642 928 1681; baseline -0.004 -1"><span class='ocrx_word' id='word_1_138' title='bbox 151 1646 320 1681; x_wconf 88' lang='lat' dir='ltr'><strong>laicorum</strong></span> <span class='ocrx_word' id='word_1_139' title='bbox 347 1644 651 1680; x_wconf 75' lang='lat' dir='ltr'><strong>confraternitates</strong></span> <span class='ocrx_word' id='word_1_140' title='bbox 678 1643 845 1678; x_wconf 84' lang='lat' dir='ltr'><strong>interesse</strong></span> <span class='ocrx_word' id='word_1_141' title='bbox 871 1642 928 1677; x_wconf 90' lang='lat' dir='ltr'><strong>de-</strong></span> 
     </span>
     <span class='ocr_line' id='line_1_29' title="bbox 149 1689 928 1737; baseline -0.006 -9"><span class='ocrx_word' id='word_1_142' title='bbox 149 1693 246 1733; x_wconf 86' lang='lat' dir='ltr'><strong>bent,</strong></span> <span class='ocrx_word' id='word_1_143' title='bbox 275 1692 492 1737; x_wconf 84' lang='lat' dir='ltr'><strong>regularibus</strong></span> <span class='ocrx_word' id='word_1_144' title='bbox 519 1691 670 1736; x_wconf 84' lang='lat' dir='ltr'><strong>exceptis</strong></span> <span class='ocrx_word' id='word_1_145' title='bbox 703 1690 762 1735; x_wconf 89' lang='lat' dir='ltr'><strong>qui</strong></span> <span class='ocrx_word' id='word_1_146' title='bbox 791 1690 824 1725; x_wconf 88' lang='lat' dir='ltr'><strong>in</strong></span> <span class='ocrx_word' id='word_1_147' title='bbox 851 1689 928 1723; x_wconf 90' lang='lat' dir='ltr'><strong>stri-</strong></span> 
     </span>
     <span class='ocr_line' id='line_1_30' title="bbox 146 1736 929 1785; baseline -0.006 -10"><span class='ocrx_word' id='word_1_148' title='bbox 146 1740 255 1775; x_wconf 85' lang='lat' dir='ltr'><strong>ctiore</strong></span> <span class='ocrx_word' id='word_1_149' title='bbox 276 1740 437 1774; x_wconf 89' lang='lat' dir='ltr'><strong>clausura</strong></span> <span class='ocrx_word' id='word_1_150' title='bbox 454 1743 617 1785; x_wconf 80' lang='lat' dir='ltr'><strong>perpetuo</strong></span> <span class='ocrx_word' id='word_1_151' title='bbox 629 1738 760 1780; x_wconf 70' lang='lat' dir='ltr'><strong>vivant⁷</strong></span> <span class='ocrx_word' id='word_1_152' title='bbox 778 1741 837 1771; x_wconf 89' lang='lat' dir='ltr'><strong>aut</strong></span> <span class='ocrx_word' id='word_1_153' title='bbox 851 1747 871 1771; x_wconf 89' lang='lat' dir='ltr'><strong>a</strong></span> <span class='ocrx_word' id='word_1_154' title='bbox 886 1736 929 1771; x_wconf 90' lang='lat' dir='ltr'><strong>ci-</strong></span> 
     </span>
     <span class='ocr_line' id='line_1_31' title="bbox 150 1784 925 1830; baseline -0.006 -8"><span class='ocrx_word' id='word_1_155' title='bbox 150 1788 255 1822; x_wconf 85' lang='lat' dir='ltr'><strong>vitate</strong></span> <span class='ocrx_word' id='word_1_156' title='bbox 278 1787 368 1821; x_wconf 91' lang='lat' dir='ltr'><strong>ultra</strong></span> <span class='ocrx_word' id='word_1_157' title='bbox 387 1786 453 1821; x_wconf 86' lang='lat' dir='ltr'><strong>tria</strong></span> <span class='ocrx_word' id='word_1_158' title='bbox 473 1785 583 1820; x_wconf 90' lang='lat' dir='ltr'><strong>millia</strong></span> <span class='ocrx_word' id='word_1_159' title='bbox 600 1795 764 1830; x_wconf 86' lang='lat' dir='ltr'><strong>passuum</strong></span> <span class='ocrx_word' id='word_1_160' title='bbox 784 1784 925 1819; x_wconf 86' lang='lat' dir='ltr'><strong>distent.</strong></span> 
     </span>
    </p>

    <p class='ocr_par' dir='ltr' id='par_1_8' title="bbox 145 1831 929 1926">
     <span class='ocr_line' id='line_1_32' title="bbox 197 1831 929 1879; baseline -0.004 -10"><span class='ocrx_word' id='word_1_161' title='bbox 197 1839 216 1876; x_wconf 64' lang='grc' dir='ltr'>ξ</span> <span class='ocrx_word' id='word_1_162' title='bbox 244 1834 276 1868; x_wconf 79' lang='grc'><strong>’2.</strong></span> <span class='ocrx_word' id='word_1_163' title='bbox 306 1833 447 1869; x_wconf 79' lang='lat' dir='ltr'><strong>Ceterae</strong></span> <span class='ocrx_word' id='word_1_164' title='bbox 476 1833 653 1879; x_wconf 84' lang='lat' dir='ltr'><strong>paroeciae</strong></span> <span class='ocrx_word' id='word_1_165' title='bbox 690 1836 722 1866; x_wconf 89' lang='lat' dir='ltr'><strong>et</strong></span> <span class='ocrx_word' id='word_1_166' title='bbox 762 1831 929 1866; x_wconf 84' lang='lat' dir='ltr'><strong>ecclesiae</strong></span> 
     </span>
     <span class='ocr_line' id='line_1_33' title="bbox 145 1880 927 1926; baseline -0.006 -9"><span class='ocrx_word' id='word_1_167' title='bbox 145 1882 254 1917; x_wconf 87' lang='lat' dir='ltr'><strong>etiam</strong></span> <span class='ocrx_word' id='word_1_168' title='bbox 277 1881 453 1926; x_wconf 86' lang='lat' dir='ltr'><strong>regulares</strong></span> <span class='ocrx_word' id='word_1_169' title='bbox 475 1884 628 1926; x_wconf 87' lang='lat' dir='ltr'><strong>possunt,</strong></span> <span class='ocrx_word' id='word_1_170' title='bbox 645 1880 739 1913; x_wconf 89' lang='lat' dir='ltr'><strong>intra</strong></span> <span class='ocrx_word' id='word_1_171' title='bbox 759 1883 927 1919; x_wconf 70' lang='lat' dir='ltr'><strong>octavam,</strong></span> 
     </span>
    </p>
   </div>
   <div class='ocr_carea' id='block_1_6' title="bbox 997 555 1809 1924">
    <p class='ocr_par' dir='ltr' id='par_1_9' title="bbox 997 555 1809 790">
     <span class='ocr_line' id='line_1_34' title="bbox 999 555 1776 602; baseline 0.009 -13"><span class='ocrx_word' id='word_1_172' title='bbox 999 555 1155 602; x_wconf 86' lang='lat' dir='ltr'><strong>proprias</strong></span> <span class='ocrx_word' id='word_1_173' title='bbox 1196 557 1430 602; x_wconf 77' lang='lat' dir='ltr'><strong>processiones</strong></span> <span class='ocrx_word' id='word_1_174' title='bbox 1475 564 1570 594; x_wconf 85' lang='lat' dir='ltr'><strong>extra</strong></span> <span class='ocrx_word' id='word_1_175' title='bbox 1612 560 1776 596; x_wconf 87' lang='lat' dir='ltr'><strong>ecclesiae</strong></span> 
     </span>
     <span class='ocr_line' id='line_1_35' title="bbox 997 603 1809 652; baseline 0.005 -14"><span class='ocrx_word' id='word_1_176' title='bbox 997 603 1169 638; x_wconf 89' lang='lat' dir='ltr'><strong>ambitum</strong></span> <span class='ocrx_word' id='word_1_177' title='bbox 1196 614 1318 647; x_wconf 76' lang='lat' dir='ltr'><strong>agere3</strong></span> <span class='ocrx_word' id='word_1_178' title='bbox 1359 606 1416 640; x_wconf 89' lang='lat' dir='ltr'><strong>sed</strong></span> <span class='ocrx_word' id='word_1_179' title='bbox 1445 605 1502 641; x_wconf 93' lang='lat' dir='ltr'><strong>ubi</strong></span> <span class='ocrx_word' id='word_1_180' title='bbox 1545 607 1659 652; x_wconf 84' lang='lat' dir='ltr'><strong>plures</strong></span> <span class='ocrx_word' id='word_1_181' title='bbox 1694 613 1776 642; x_wconf 89' lang='lat' dir='ltr'><strong>sunt</strong></span> <span class='ocrx_word' id='word_1_182' title='bbox 1808 632 1809 635; x_wconf 21' lang='grc' dir='ltr'>η</span> 
     </span>
     <span class='ocr_line' id='line_1_36' title="bbox 998 649 1776 697; baseline 0.003 -11"><span class='ocrx_word' id='word_1_183' title='bbox 998 651 1174 691; x_wconf 84' lang='lat' dir='ltr'><strong>ecclesiae,</strong></span> <span class='ocrx_word' id='word_1_184' title='bbox 1201 649 1380 686; x_wconf 85' lang='lat' dir='ltr'><strong>Ordinarii</strong></span> <span class='ocrx_word' id='word_1_185' title='bbox 1410 652 1470 687; x_wconf 90' lang='lat' dir='ltr'><strong>loci</strong></span> <span class='ocrx_word' id='word_1_186' title='bbox 1500 659 1550 688; x_wconf 88' lang='lat' dir='ltr'><strong>est</strong></span> <span class='ocrx_word' id='word_1_187' title='bbox 1568 654 1654 697; x_wconf 79' lang='lat' dir='ltr'><strong>dies⁷</strong></span> <span class='ocrx_word' id='word_1_188' title='bbox 1674 655 1776 690; x_wconf 89' lang='lat' dir='ltr'><strong>horas</strong></span> 
     </span>
     <span class='ocr_line' id='line_1_37' title="bbox 998 698 1776 747; baseline 0.005 -14"><span class='ocrx_word' id='word_1_189' title='bbox 998 709 1037 733; x_wconf 90' lang='lat' dir='ltr'><strong>ac</strong></span> <span class='ocrx_word' id='word_1_190' title='bbox 1066 698 1136 732; x_wconf 70' lang='lat' dir='ltr'><strong>vias</strong></span> <span class='ocrx_word' id='word_1_191' title='bbox 1165 699 1389 743; x_wconf 79' lang='lat' dir='ltr'><strong>praestituere</strong></span> <span class='ocrx_word' id='word_1_192' title='bbox 1407 699 1534 745; x_wconf 89' lang='lat' dir='ltr'><strong>quibus</strong></span> <span class='ocrx_word' id='word_1_193' title='bbox 1553 713 1652 737; x_wconf 90' lang='lat' dir='ltr'><strong>suam</strong></span> <span class='ocrx_word' id='word_1_194' title='bbox 1672 713 1776 747; x_wconf 90' lang='lat' dir='ltr'><strong>quae-</strong></span> 
     </span>
     <span class='ocr_line' id='line_1_38' title="bbox 998 746 1495 790; baseline 0.002 -10"><span class='ocrx_word' id='word_1_195' title='bbox 998 756 1065 790; x_wconf 91' lang='lat' dir='ltr'><strong>que</strong></span> <span class='ocrx_word' id='word_1_196' title='bbox 1094 746 1348 790; x_wconf 82' lang='lat' dir='ltr'><strong>processionem</strong></span> <span class='ocrx_word' id='word_1_197' title='bbox 1377 751 1495 790; x_wconf 83' lang='lat' dir='ltr'><strong>agant.</strong></span> 
     </span>
    </p>

    <p class='ocr_par' dir='ltr' id='par_1_10' title="bbox 999 790 1777 1074">
     <span class='ocr_line' id='line_1_39' title="bbox 1046 790 1776 837; baseline 0.007 -11"><span class='ocrx_word' id='word_1_198' title='bbox 1046 790 1131 827; x_wconf 66' lang='lat' dir='ltr'>CAN.</span> <span class='ocrx_word' id='word_1_199' title='bbox 1162 791 1263 827; x_wconf 75' lang='lat'>1292.</span> <span class='ocrx_word' id='word_1_200' title='bbox 1293 813 1313 819; x_wconf 97' lang='lat'><em>-</em></span> <span class='ocrx_word' id='word_1_201' title='bbox 1333 791 1542 829; x_wconf 89' lang='lat' dir='ltr'><strong>Ordinarius</strong></span> <span class='ocrx_word' id='word_1_202' title='bbox 1561 795 1637 837; x_wconf 87' lang='lat' dir='ltr'><strong>loci⁷</strong></span> <span class='ocrx_word' id='word_1_203' title='bbox 1658 796 1776 831; x_wconf 86' lang='lat' dir='ltr'><strong>audito</strong></span> 
     </span>
     <span class='ocr_line' id='line_1_40' title="bbox 999 838 1775 888; baseline 0.004 -13"><span class='ocrx_word' id='word_1_204' title='bbox 999 838 1160 885; x_wconf 89' lang='lat' dir='ltr'><strong>Capitulo</strong></span> <span class='ocrx_word' id='word_1_205' title='bbox 1185 840 1386 880; x_wconf 82' lang='lat' dir='ltr'><strong>cathedrali,</strong></span> <span class='ocrx_word' id='word_1_206' title='bbox 1414 846 1523 886; x_wconf 86' lang='lat' dir='ltr'><strong>potest</strong></span> <span class='ocrx_word' id='word_1_207' title='bbox 1562 853 1601 877; x_wconf 81' lang='lat' dir='ltr'><strong>ex</strong></span> <span class='ocrx_word' id='word_1_208' title='bbox 1639 843 1775 888; x_wconf 88' lang='lat' dir='ltr'><strong>publica</strong></span> 
     </span>
     <span class='ocr_line' id='line_1_41' title="bbox 999 887 1776 934; baseline 0.005 -13"><span class='ocrx_word' id='word_1_209' title='bbox 999 898 1100 921; x_wconf 85' lang='lat' dir='ltr'><strong>causa</strong></span> <span class='ocrx_word' id='word_1_210' title='bbox 1130 887 1428 922; x_wconf 83' lang='lat' dir='ltr'><strong>extraordinarias</strong></span> <span class='ocrx_word' id='word_1_211' title='bbox 1463 890 1697 934; x_wconf 85' lang='lat' dir='ltr'><strong>processiones</strong></span> <span class='ocrx_word' id='word_1_212' title='bbox 1724 891 1776 924; x_wconf 90' lang='lat' dir='ltr'><strong>in-</strong></span> 
     </span>
     <span class='ocr_line' id='line_1_42' title="bbox 999 934 1777 980; baseline 0.005 -12"><span class='ocrx_word' id='word_1_213' title='bbox 999 934 1133 975; x_wconf 82' lang='lat' dir='ltr'><strong>dicere3</strong></span> <span class='ocrx_word' id='word_1_214' title='bbox 1163 934 1304 980; x_wconf 58' lang='lat' dir='ltr'><strong>quibus</strong></span> <span class='ocrx_word' id='word_1_215' title='bbox 1344 935 1432 970; x_wconf 87' lang='lat' dir='ltr'><strong>sicut</strong></span> <span class='ocrx_word' id='word_1_216' title='bbox 1458 940 1491 970; x_wconf 90' lang='lat' dir='ltr'><strong>et</strong></span> <span class='ocrx_word' id='word_1_217' title='bbox 1524 937 1712 972; x_wconf 90' lang='lat' dir='ltr'><strong>ordinariis</strong></span> <span class='ocrx_word' id='word_1_218' title='bbox 1736 948 1777 972; x_wconf 87' lang='lat' dir='ltr'><strong>ac</strong></span> 
     </span>
     <span class='ocr_line' id='line_1_43' title="bbox 1000 981 1777 1022; baseline 0.005 -6"><span class='ocrx_word' id='word_1_219' title='bbox 1000 981 1184 1022; x_wconf 83' lang='lat' dir='ltr'><strong>consuetis,</strong></span> <span class='ocrx_word' id='word_1_220' title='bbox 1214 981 1235 1015; x_wconf 92' lang='lat' dir='ltr'><strong>ii</strong></span> <span class='ocrx_word' id='word_1_221' title='bbox 1264 992 1385 1017; x_wconf 88' lang='lat' dir='ltr'><strong>omnes</strong></span> <span class='ocrx_word' id='word_1_222' title='bbox 1404 982 1569 1019; x_wconf 87' lang='lat' dir='ltr'><strong>interesse</strong></span> <span class='ocrx_word' id='word_1_223' title='bbox 1592 984 1717 1020; x_wconf 86' lang='lat' dir='ltr'><strong>debent</strong></span> <span class='ocrx_word' id='word_1_224' title='bbox 1736 985 1777 1020; x_wconf 90' lang='lat' dir='ltr'><strong>de</strong></span> 
     </span>
     <span class='ocr_line' id='line_1_44' title="bbox 1000 1028 1539 1074; baseline 0.004 -12"><span class='ocrx_word' id='word_1_225' title='bbox 1000 1028 1127 1074; x_wconf 87' lang='lat' dir='ltr'><strong>quibus</strong></span> <span class='ocrx_word' id='word_1_226' title='bbox 1155 1028 1190 1062; x_wconf 92' lang='lat' dir='ltr'><strong>in</strong></span> <span class='ocrx_word' id='word_1_227' title='bbox 1218 1039 1295 1063; x_wconf 93' lang='lat' dir='ltr'><strong>can.</strong></span> <span class='ocrx_word' id='word_1_228' title='bbox 1328 1028 1426 1070; x_wconf 77' lang='lat'>1291,</span> <span class='ocrx_word' id='word_1_229' title='bbox 1461 1034 1479 1072; x_wconf 67' lang='grc' dir='ltr'>ξ</span> <span class='ocrx_word' id='word_1_230' title='bbox 1510 1030 1539 1064; x_wconf 93' lang='grc'><strong>1.</strong></span> 
     </span>
    </p>

    <p class='ocr_par' dir='ltr' id='par_1_11' title="bbox 1000 1074 1779 1308">
     <span class='ocr_line' id='line_1_45' title="bbox 1047 1074 1777 1122; baseline 0.004 -11"><span class='ocrx_word' id='word_1_231' title='bbox 1047 1075 1130 1111; x_wconf 55' lang='lat' dir='ltr'>CAN.</span> <span class='ocrx_word' id='word_1_232' title='bbox 1162 1074 1261 1112; x_wconf 74' lang='lat'><strong>1293.</strong></span> <span class='ocrx_word' id='word_1_233' title='bbox 1291 1097 1308 1101; x_wconf 98' lang='lat'>-</span> <span class='ocrx_word' id='word_1_234' title='bbox 1338 1075 1498 1122; x_wconf 84' lang='lat' dir='ltr'><strong>Religiosi</strong></span> <span class='ocrx_word' id='word_1_235' title='bbox 1526 1077 1631 1113; x_wconf 87' lang='lat' dir='ltr'><strong>etiam</strong></span> <span class='ocrx_word' id='word_1_236' title='bbox 1665 1089 1777 1114; x_wconf 82' lang='lat' dir='ltr'><strong>exem-</strong></span> 
     </span>
     <span class='ocr_line' id='line_1_46' title="bbox 1002 1123 1778 1168; baseline 0.004 -11"><span class='ocrx_word' id='word_1_237' title='bbox 1002 1123 1047 1168; x_wconf 90' lang='lat' dir='ltr'><strong>pti</strong></span> <span class='ocrx_word' id='word_1_238' title='bbox 1077 1127 1256 1168; x_wconf 88' lang='lat' dir='ltr'><strong>nequeunt</strong></span> <span class='ocrx_word' id='word_1_239' title='bbox 1296 1129 1391 1159; x_wconf 84' lang='lat' dir='ltr'><strong>extra</strong></span> <span class='ocrx_word' id='word_1_240' title='bbox 1429 1135 1509 1159; x_wconf 88' lang='lat' dir='ltr'><strong>suas</strong></span> <span class='ocrx_word' id='word_1_241' title='bbox 1546 1125 1709 1161; x_wconf 83' lang='lat' dir='ltr'><strong>ecclesias</strong></span> <span class='ocrx_word' id='word_1_242' title='bbox 1746 1132 1778 1161; x_wconf 90' lang='lat' dir='ltr'><strong>et</strong></span> 
     </span>
     <span class='ocr_line' id='line_1_47' title="bbox 1000 1170 1778 1216; baseline 0.005 -12"><span class='ocrx_word' id='word_1_243' title='bbox 1000 1170 1151 1205; x_wconf 86' lang='lat' dir='ltr'><strong>claustra</strong></span> <span class='ocrx_word' id='word_1_244' title='bbox 1180 1170 1413 1216; x_wconf 84' lang='lat' dir='ltr'><strong>processiones</strong></span> <span class='ocrx_word' id='word_1_245' title='bbox 1438 1172 1562 1207; x_wconf 83' lang='lat' dir='ltr'><strong>(lucere</strong></span> <span class='ocrx_word' id='word_1_246' title='bbox 1587 1173 1662 1208; x_wconf 89' lang='lat' dir='ltr'><strong>sine</strong></span> <span class='ocrx_word' id='word_1_247' title='bbox 1681 1171 1778 1209; x_wconf 91' lang='lat' dir='ltr'><strong>Ordi-</strong></span> 
     </span>
     <span class='ocr_line' id='line_1_48' title="bbox 1000 1217 1779 1266; baseline 0.004 -14"><span class='ocrx_word' id='word_1_248' title='bbox 1000 1218 1090 1252; x_wconf 89' lang='lat' dir='ltr'><strong>narii</strong></span> <span class='ocrx_word' id='word_1_249' title='bbox 1132 1217 1194 1252; x_wconf 89' lang='lat' dir='ltr'><strong>loci</strong></span> <span class='ocrx_word' id='word_1_250' title='bbox 1235 1217 1388 1259; x_wconf 70' lang='lat' dir='ltr'><strong>licentia,</strong></span> <span class='ocrx_word' id='word_1_251' title='bbox 1429 1219 1524 1254; x_wconf 71' lang='lat' dir='ltr'><strong>salvo</strong></span> <span class='ocrx_word' id='word_1_252' title='bbox 1569 1220 1779 1266; x_wconf 89' lang='lat' dir='ltr'><strong>praescripto</strong></span> 
     </span>
     <span class='ocr_line' id='line_1_49' title="bbox 1000 1263 1316 1308; baseline -0.006 -8"><span class='ocrx_word' id='word_1_253' title='bbox 1000 1276 1078 1300; x_wconf 88' lang='lat' dir='ltr'><strong>can.</strong></span> <span class='ocrx_word' id='word_1_254' title='bbox 1110 1263 1212 1305; x_wconf 75' lang='lat'>1291,</span> <span class='ocrx_word' id='word_1_255' title='bbox 1239 1268 1257 1308; x_wconf 59' lang='grc' dir='ltr'><strong>,ξ</strong></span> <span class='ocrx_word' id='word_1_256' title='bbox 1284 1265 1316 1298; x_wconf 79' lang='grc'><strong>’2.</strong></span> 
     </span>
    </p>

    <p class='ocr_par' dir='ltr' id='par_1_12' title="bbox 1000 1310 1781 1490">
     <span class='ocr_line' id='line_1_50' title="bbox 1048 1310 1781 1360; baseline 0.001 -12"><span class='ocrx_word' id='word_1_257' title='bbox 1048 1310 1133 1348; x_wconf 62' lang='lat' dir='ltr'>CAN.</span> <span class='ocrx_word' id='word_1_258' title='bbox 1169 1310 1268 1346; x_wconf 67' lang='lat'><strong>1291.</strong></span> <span class='ocrx_word' id='word_1_259' title='bbox 1300 1333 1318 1337; x_wconf 90' lang='lat'><em>-</em></span> <span class='ocrx_word' id='word_1_260' title='bbox 1345 1316 1364 1354; x_wconf 66' lang='grc' dir='ltr'>ἓ</span> <span class='ocrx_word' id='word_1_261' title='bbox 1396 1312 1423 1347; x_wconf 95' lang='grc'><strong>1.</strong></span> <span class='ocrx_word' id='word_1_262' title='bbox 1444 1311 1617 1348; x_wconf 86' lang='lat' dir='ltr'><strong>Parochus</strong></span> <span class='ocrx_word' id='word_1_263' title='bbox 1636 1314 1687 1349; x_wconf 68' lang='lat' dir='ltr'><strong>vel</strong></span> <span class='ocrx_word' id='word_1_264' title='bbox 1708 1314 1781 1360; x_wconf 91' lang='lat' dir='ltr'><strong>qui-</strong></span> 
     </span>
     <span class='ocr_line' id='line_1_51' title="bbox 1002 1359 1779 1405; baseline 0.005 -13"><span class='ocrx_word' id='word_1_265' title='bbox 1002 1359 1052 1393; x_wconf 82' lang='lat' dir='ltr'><strong>vis</strong></span> <span class='ocrx_word' id='word_1_266' title='bbox 1077 1359 1168 1394; x_wconf 90' lang='lat' dir='ltr'><strong>alius</strong></span> <span class='ocrx_word' id='word_1_267' title='bbox 1194 1359 1316 1404; x_wconf 89' lang='lat' dir='ltr'><strong>nequit</strong></span> <span class='ocrx_word' id='word_1_268' title='bbox 1344 1360 1578 1405; x_wconf 86' lang='lat' dir='ltr'><strong>processiones</strong></span> <span class='ocrx_word' id='word_1_269' title='bbox 1604 1370 1712 1396; x_wconf 70' lang='lat' dir='ltr'><strong>novas</strong></span> <span class='ocrx_word' id='word_1_270' title='bbox 1731 1362 1779 1396; x_wconf 89' lang='lat' dir='ltr'><strong>in·</strong></span> 
     </span>
     <span class='ocr_line' id='line_1_52' title="bbox 1000 1406 1779 1444; baseline 0.004 -3"><span class='ocrx_word' id='word_1_271' title='bbox 1000 1406 1125 1442; x_wconf 85' lang='lat' dir='ltr'><strong>ducere</strong></span> <span class='ocrx_word' id='word_1_272' title='bbox 1142 1411 1200 1442; x_wconf 88' lang='lat' dir='ltr'><strong>aut</strong></span> <span class='ocrx_word' id='word_1_273' title='bbox 1221 1412 1404 1442; x_wconf 90' lang='lat' dir='ltr'><strong>consuetas</strong></span> <span class='ocrx_word' id='word_1_274' title='bbox 1423 1408 1610 1443; x_wconf 78' lang='lat' dir='ltr'><strong>transferre</strong></span> <span class='ocrx_word' id='word_1_275' title='bbox 1630 1409 1680 1444; x_wconf 83' lang='lat' dir='ltr'><strong>vel</strong></span> <span class='ocrx_word' id='word_1_276' title='bbox 1698 1408 1779 1444; x_wconf 89' lang='lat' dir='ltr'><strong>abo-</strong></span> 
     </span>
     <span class='ocr_line' id='line_1_53' title="bbox 1001 1451 1645 1490; baseline 0.003 -2"><span class='ocrx_word' id='word_1_277' title='bbox 1001 1454 1069 1489; x_wconf 86' lang='lat' dir='ltr'><strong>lere</strong></span> <span class='ocrx_word' id='word_1_278' title='bbox 1096 1454 1171 1488; x_wconf 86' lang='lat' dir='ltr'><strong>sine</strong></span> <span class='ocrx_word' id='word_1_279' title='bbox 1197 1451 1375 1489; x_wconf 90' lang='lat' dir='ltr'><strong>Ordinarii</strong></span> <span class='ocrx_word' id='word_1_280' title='bbox 1404 1454 1466 1489; x_wconf 89' lang='lat' dir='ltr'><strong>loci</strong></span> <span class='ocrx_word' id='word_1_281' title='bbox 1496 1455 1645 1490; x_wconf 85' lang='lat' dir='ltr'><strong>licentia.</strong></span> 
     </span>
    </p>

    <p class='ocr_par' dir='ltr' id='par_1_13' title="bbox 1001 1500 1780 1642">
     <span class='ocr_line' id='line_1_54' title="bbox 1048 1500 1780 1543; baseline 0.005 -9"><span class='ocrx_word' id='word_1_282' title='bbox 1048 1505 1068 1543; x_wconf 63' lang='grc' dir='ltr'>ξ</span> <span class='ocrx_word' id='word_1_283' title='bbox 1087 1500 1119 1535; x_wconf 74' lang='lat'><strong>2.</strong></span> <span class='ocrx_word' id='word_1_284' title='bbox 1143 1500 1423 1536; x_wconf 78' lang='lat' dir='ltr'><strong>Processiouibus</strong></span> <span class='ocrx_word' id='word_1_285' title='bbox 1445 1501 1594 1537; x_wconf 85' lang='lat' dir='ltr'><strong>alicuius</strong></span> <span class='ocrx_word' id='word_1_286' title='bbox 1615 1503 1780 1538; x_wconf 84' lang='lat' dir='ltr'><strong>ecclesiae</strong></span> 
     </span>
     <span class='ocr_line' id='line_1_55' title="bbox 1003 1548 1778 1594; baseline 0.004 -12"><span class='ocrx_word' id='word_1_287' title='bbox 1003 1548 1150 1594; x_wconf 90' lang='lat' dir='ltr'><strong>propriis</strong></span> <span class='ocrx_word' id='word_1_288' title='bbox 1178 1548 1345 1584; x_wconf 86' lang='lat' dir='ltr'><strong>interesse</strong></span> <span class='ocrx_word' id='word_1_289' title='bbox 1371 1548 1498 1584; x_wconf 84' lang='lat' dir='ltr'><strong>debent</strong></span> <span class='ocrx_word' id='word_1_290' title='bbox 1521 1560 1643 1585; x_wconf 90' lang='lat' dir='ltr'><strong>omnes</strong></span> <span class='ocrx_word' id='word_1_291' title='bbox 1662 1550 1778 1586; x_wconf 81' lang='lat' dir='ltr'><strong>clerici</strong></span> 
     </span>
     <span class='ocr_line' id='line_1_56' title="bbox 1001 1595 1510 1642; baseline 0 -12"><span class='ocrx_word' id='word_1_292' title='bbox 1001 1595 1113 1631; x_wconf 86' lang='lat' dir='ltr'><strong>eidem</strong></span> <span class='ocrx_word' id='word_1_293' title='bbox 1140 1595 1306 1631; x_wconf 86' lang='lat' dir='ltr'><strong>ecclesiae</strong></span> <span class='ocrx_word' id='word_1_294' title='bbox 1331 1595 1510 1642; x_wconf 85' lang='lat' dir='ltr'><strong>adscripti.</strong></span> 
     </span>
    </p>

    <p class='ocr_par' dir='ltr' id='par_1_14' title="bbox 1001 1641 1783 1924">
     <span class='ocr_line' id='line_1_57' title="bbox 1049 1641 1780 1679; baseline 0 -1"><span class='ocrx_word' id='word_1_295' title='bbox 1049 1642 1133 1678; x_wconf 51' lang='lat' dir='ltr'>CAN.</span> <span class='ocrx_word' id='word_1_296' title='bbox 1168 1641 1268 1677; x_wconf 73' lang='lat'>1295.</span> <span class='ocrx_word' id='word_1_297' title='bbox 1312 1663 1328 1667; x_wconf 95' lang='lat'>-</span> <span class='ocrx_word' id='word_1_298' title='bbox 1369 1642 1500 1678; x_wconf 70' lang='lat' dir='ltr'><strong>(jurent</strong></span> <span class='ocrx_word' id='word_1_299' title='bbox 1535 1642 1714 1679; x_wconf 90' lang='lat' dir='ltr'><strong>Ordinarii</strong></span> <span class='ocrx_word' id='word_1_300' title='bbox 1745 1649 1780 1679; x_wconf 87' lang='lat' dir='ltr'><strong>ut</strong></span> 
     </span>
     <span class='ocr_line' id='line_1_58' title="bbox 1002 1689 1779 1737; baseline 0.003 -13"><span class='ocrx_word' id='word_1_301' title='bbox 1002 1701 1119 1725; x_wconf 88' lang='lat' dir='ltr'><strong>sacrae</strong></span> <span class='ocrx_word' id='word_1_302' title='bbox 1147 1689 1396 1734; x_wconf 82' lang='lat' dir='ltr'><strong>processiones,</strong></span> <span class='ocrx_word' id='word_1_303' title='bbox 1425 1690 1635 1735; x_wconf 81' lang='lat' dir='ltr'><strong>exstirpatis.</strong></span> <span class='ocrx_word' id='word_1_304' title='bbox 1665 1691 1692 1725; x_wconf 94' lang='lat' dir='ltr'><strong>si</strong></span> <span class='ocrx_word' id='word_1_305' title='bbox 1721 1691 1779 1737; x_wconf 88' lang='lat' dir='ltr'><strong>qui</strong></span> 
     </span>
     <span class='ocr_line' id='line_1_59' title="bbox 1002 1736 1781 1784; baseline 0.004 -14"><span class='ocrx_word' id='word_1_306' title='bbox 1002 1737 1084 1777; x_wconf 88' lang='lat' dir='ltr'><strong>sint,</strong></span> <span class='ocrx_word' id='word_1_307' title='bbox 1112 1736 1213 1771; x_wconf 87' lang='lat' dir='ltr'><strong>malis</strong></span> <span class='ocrx_word' id='word_1_308' title='bbox 1241 1737 1374 1778; x_wconf 80' lang='lat' dir='ltr'><strong>usibus,</strong></span> <span class='ocrx_word' id='word_1_309' title='bbox 1407 1737 1566 1772; x_wconf 83' lang='lat' dir='ltr'><strong>ordinale</strong></span> <span class='ocrx_word' id='word_1_310' title='bbox 1595 1738 1781 1784; x_wconf 88' lang='lat' dir='ltr'><strong>procedant</strong></span> 
     </span>
     <span class='ocr_line' id='line_1_60' title="bbox 1001 1784 1783 1829; baseline 0 -10"><span class='ocrx_word' id='word_1_311' title='bbox 1001 1794 1110 1829; x_wconf 86' lang='lat' dir='ltr'><strong>eaque</strong></span> <span class='ocrx_word' id='word_1_312' title='bbox 1138 1784 1305 1819; x_wconf 89' lang='lat' dir='ltr'><strong>modestia</strong></span> <span class='ocrx_word' id='word_1_313' title='bbox 1332 1794 1370 1818; x_wconf 91' lang='lat' dir='ltr'><strong>ac</strong></span> <span class='ocrx_word' id='word_1_314' title='bbox 1398 1785 1591 1820; x_wconf 81' lang='lat' dir='ltr'><strong>reverentia</strong></span> <span class='ocrx_word' id='word_1_315' title='bbox 1609 1785 1652 1820; x_wconf 83' lang='lat' dir='ltr'><strong>ab</strong></span> <span class='ocrx_word' id='word_1_316' title='bbox 1671 1786 1783 1820; x_wconf 91' lang='lat' dir='ltr'><strong>omni-</strong></span> 
     </span>
     <span class='ocr_line' id='line_1_61' title="bbox 1002 1831 1782 1877; baseline 0.003 -12"><span class='ocrx_word' id='word_1_317' title='bbox 1002 1831 1066 1866; x_wconf 90' lang='lat' dir='ltr'><strong>bus</strong></span> <span class='ocrx_word' id='word_1_318' title='bbox 1095 1832 1334 1877; x_wconf 75' lang='lat' dir='ltr'><strong>perficiantur,</strong></span> <span class='ocrx_word' id='word_1_319' title='bbox 1355 1842 1443 1876; x_wconf 90' lang='lat' dir='ltr'><strong>quae</strong></span> <span class='ocrx_word' id='word_1_320' title='bbox 1464 1832 1529 1877; x_wconf 91' lang='lat' dir='ltr'><strong>piis</strong></span> <span class='ocrx_word' id='word_1_321' title='bbox 1546 1843 1585 1867; x_wconf 86' lang='lat' dir='ltr'><strong>ac</strong></span> <span class='ocrx_word' id='word_1_322' title='bbox 1613 1833 1782 1877; x_wconf 82' lang='lat' dir='ltr'><strong>religiosis</strong></span> 
     </span>
     <span class='ocr_line' id='line_1_62' title="bbox 1004 1878 1740 1924; baseline 0.001 -12"><span class='ocrx_word' id='word_1_323' title='bbox 1004 1878 1201 1913; x_wconf 82' lang='lat' dir='ltr'><strong>huiusmodi</strong></span> <span class='ocrx_word' id='word_1_324' title='bbox 1228 1878 1367 1913; x_wconf 87' lang='lat' dir='ltr'><strong>actibus</strong></span> <span class='ocrx_word' id='word_1_325' title='bbox 1394 1879 1545 1924; x_wconf 80' lang='lat' dir='ltr'><strong>maxime</strong></span> <span class='ocrx_word' id='word_1_326' title='bbox 1564 1880 1740 1915; x_wconf 75' lang='lat' dir='ltr'><strong>convenit.</strong></span> 
     </span>
    </p>
   </div>
   <div class='ocr_carea' id='block_1_7' title="bbox 150 1997 1786 2690">
    <p class='ocr_par' dir='ltr' id='par_1_15' title="bbox 150 1997 1786 2690">
     <span class='ocr_line' id='line_1_63' title="bbox 272 1997 1782 2056; baseline 0 -15"><span class='ocrx_word' id='word_1_327' title='bbox 272 2000 367 2042; x_wconf 78' lang='lat'>159.</span> <span class='ocrx_word' id='word_1_328' title='bbox 402 2000 658 2056; x_wconf 84' lang='lat' dir='ltr'><strong>Inscriptio</strong></span> <span class='ocrx_word' id='word_1_329' title='bbox 695 1999 844 2043; x_wconf 88' lang='lat' dir='ltr'><strong>Tituli</strong></span> <span class='ocrx_word' id='word_1_330' title='bbox 879 1999 1083 2054; x_wconf 85' lang='lat' dir='ltr'><strong>eiusque</strong></span> <span class='ocrx_word' id='word_1_331' title='bbox 1120 2011 1350 2044; x_wconf 82' lang='lat' dir='ltr'><strong>canones.</strong></span> <span class='ocrx_word' id='word_1_332' title='bbox 1383 1998 1578 2055; x_wconf 78' lang='lat' dir='ltr'><strong>Sequitur</strong></span> <span class='ocrx_word' id='word_1_333' title='bbox 1621 1997 1782 2041; x_wconf 71' lang='lat' dir='ltr'><strong>Titulus</strong></span> 
     </span>
     <span class='ocr_line' id='line_1_64' title="bbox 153 2067 1781 2125; baseline 0.001 -13"><span class='ocrx_word' id='word_1_334' title='bbox 153 2068 285 2113; x_wconf 86' lang='lat' dir='ltr'><em>XVII.</em></span> <span class='ocrx_word' id='word_1_335' title='bbox 324 2069 381 2112; x_wconf 81' lang='lat' dir='ltr'><strong>De</strong></span> <span class='ocrx_word' id='word_1_336' title='bbox 413 2069 548 2112; x_wconf 73' lang='lat' dir='ltr'><strong>sacris</strong></span> <span class='ocrx_word' id='word_1_337' title='bbox 593 2073 760 2125; x_wconf 83' lang='lat' dir='ltr'><strong>propter</strong></span> <span class='ocrx_word' id='word_1_338' title='bbox 802 2081 974 2124; x_wconf 89' lang='lat' dir='ltr'><strong>scopum</strong></span> <span class='ocrx_word' id='word_1_339' title='bbox 1019 2067 1231 2124; x_wconf 81' lang='lat' dir='ltr'><strong>religionis</strong></span> <span class='ocrx_word' id='word_1_340' title='bbox 1273 2067 1471 2112; x_wconf 85' lang='lat' dir='ltr'><strong>colendae</strong></span> <span class='ocrx_word' id='word_1_341' title='bbox 1514 2068 1726 2112; x_wconf 83' lang='lat' dir='ltr'><strong>diversum</strong></span> <span class='ocrx_word' id='word_1_342' title='bbox 1760 2082 1781 2113; x_wconf 88' lang='lat' dir='ltr'><strong>a</strong></span> 
     </span>
     <span class='ocr_line' id='line_1_65' title="bbox 151 2137 1784 2196; baseline -0.001 -12"><span class='ocrx_word' id='word_1_343' title='bbox 151 2140 362 2184; x_wconf 81' lang='lat' dir='ltr'><strong>civilitatis</strong></span> <span class='ocrx_word' id='word_1_344' title='bbox 396 2142 566 2194; x_wconf 68' lang='lat' dir='ltr'><strong>motivo,</strong></span> <span class='ocrx_word' id='word_1_345' title='bbox 584 2138 922 2196; x_wconf 68' lang='lat' dir='ltr'><strong>processionibus</strong></span> <span class='ocrx_word' id='word_1_346' title='bbox 953 2140 1012 2181; x_wconf 87' lang='lat' dir='ltr'><strong>sic</strong></span> <span class='ocrx_word' id='word_1_347' title='bbox 1046 2138 1166 2182; x_wconf 85' lang='lat' dir='ltr'><strong>dictis</strong></span> <span class='ocrx_word' id='word_1_348' title='bbox 1189 2137 1242 2182; x_wconf 91' lang='lat' dir='ltr'><strong>ob</strong></span> <span class='ocrx_word' id='word_1_349' title='bbox 1263 2139 1517 2195; x_wconf 81' lang='lat' dir='ltr'><strong>singularem</strong></span> <span class='ocrx_word' id='word_1_350' title='bbox 1553 2139 1700 2183; x_wconf 88' lang='lat' dir='ltr'><strong>horum</strong></span> <span class='ocrx_word' id='word_1_351' title='bbox 1726 2153 1784 2183; x_wconf 91' lang='lat' dir='ltr'><strong>re-</strong></span> 
     </span>
     <span class='ocr_line' id='line_1_66' title="bbox 153 2207 1783 2267; baseline 0.001 -14"><span class='ocrx_word' id='word_1_352' title='bbox 153 2211 317 2267; x_wconf 83' lang='lat' dir='ltr'><strong>ligionis</strong></span> <span class='ocrx_word' id='word_1_353' title='bbox 349 2216 518 2254; x_wconf 88' lang='lat' dir='ltr'><strong>actuum</strong></span> <span class='ocrx_word' id='word_1_354' title='bbox 552 2214 758 2263; x_wconf 77' lang='lat' dir='ltr'><strong>naturam,</strong></span> <span class='ocrx_word' id='word_1_355' title='bbox 794 2207 964 2265; x_wconf 85' lang='lat' dir='ltr'><strong>nempe:</strong></span> <span class='ocrx_word' id='word_1_356' title='bbox 1000 2211 1069 2266; x_wconf 83' lang='lat' dir='ltr'><strong>qui</strong></span> <span class='ocrx_word' id='word_1_357' title='bbox 1106 2209 1383 2265; x_wconf 72' lang='lat' dir='ltr'><strong>procedendo,</strong></span> <span class='ocrx_word' id='word_1_358' title='bbox 1418 2223 1496 2252; x_wconf 90' lang='lat' dir='ltr'><strong>non</strong></span> <span class='ocrx_word' id='word_1_359' title='bbox 1531 2210 1691 2263; x_wconf 84' lang='lat' dir='ltr'><strong>stando,</strong></span> <span class='ocrx_word' id='word_1_360' title='bbox 1715 2215 1783 2254; x_wconf 87' lang='lat' dir='ltr'><strong>aut</strong></span> 
     </span>
     <span class='ocr_line' id='line_1_67' title="bbox 151 2279 1783 2337; baseline -0.001 -13"><span class='ocrx_word' id='word_1_361' title='bbox 151 2281 349 2335; x_wconf 79' lang='lat' dir='ltr'><strong>sedendo,</strong></span> <span class='ocrx_word' id='word_1_362' title='bbox 373 2280 435 2324; x_wconf 79' lang='lat' dir='ltr'><strong>vel</strong></span> <span class='ocrx_word' id='word_1_363' title='bbox 460 2294 568 2337; x_wconf 83' lang='lat' dir='ltr'><strong>genu</strong></span> <span class='ocrx_word' id='word_1_364' title='bbox 590 2281 696 2323; x_wconf 82' lang='lat' dir='ltr'><strong>flexo</strong></span> <span class='ocrx_word' id='word_1_365' title='bbox 722 2280 1006 2336; x_wconf 79' lang='lat' dir='ltr'><strong>perficiuntur.</strong></span> <span class='ocrx_word' id='word_1_366' title='bbox 1032 2280 1286 2335; x_wconf 70' lang='lat' dir='ltr'><strong>Significatio</strong></span> <span class='ocrx_word' id='word_1_367' title='bbox 1306 2279 1529 2324; x_wconf 73' lang='lat' dir='ltr'><strong>verborum</strong></span> <span class='ocrx_word' id='word_1_368' title='bbox 1550 2294 1621 2324; x_wconf 92' lang='lat' dir='ltr'><strong>seu</strong></span> <span class='ocrx_word' id='word_1_369' title='bbox 1643 2283 1783 2324; x_wconf 87' lang='lat' dir='ltr'><strong>inscri-</strong></span> 
     </span>
     <span class='ocr_line' id='line_1_68' title="bbox 154 2350 1784 2408; baseline 0 -14"><span class='ocrx_word' id='word_1_370' title='bbox 154 2354 303 2408; x_wconf 89' lang='lat' dir='ltr'><strong>ptionis</strong></span> <span class='ocrx_word' id='word_1_371' title='bbox 335 2364 430 2395; x_wconf 90' lang='lat' dir='ltr'><strong>cum</strong></span> <span class='ocrx_word' id='word_1_372' title='bbox 464 2363 678 2404; x_wconf 85' lang='lat' dir='ltr'><strong>sacrarum</strong></span> <span class='ocrx_word' id='word_1_373' title='bbox 715 2352 1025 2406; x_wconf 86' lang='lat' dir='ltr'><strong>processionum</strong></span> <span class='ocrx_word' id='word_1_374' title='bbox 1074 2350 1279 2393; x_wconf 80' lang='lat' dir='ltr'><strong>divisione</strong></span> <span class='ocrx_word' id='word_1_375' title='bbox 1323 2350 1440 2394; x_wconf 89' lang='lat' dir='ltr'><strong>nobis</strong></span> <span class='ocrx_word' id='word_1_376' title='bbox 1482 2351 1713 2407; x_wconf 76' lang='lat' dir='ltr'><strong>explicatur</strong></span> <span class='ocrx_word' id='word_1_377' title='bbox 1746 2353 1784 2394; x_wconf 90' lang='lat' dir='ltr'><strong>in</strong></span> 
     </span>
     <span class='ocr_line' id='line_1_69' title="bbox 150 2419 1785 2478; baseline 0 -13"><span class='ocrx_word' id='word_1_378' title='bbox 150 2434 242 2465; x_wconf 85' lang='lat' dir='ltr'><strong>can.</strong></span> <span class='ocrx_word' id='word_1_379' title='bbox 267 2422 392 2476; x_wconf 64' lang='lat'>1290,</span> <span class='ocrx_word' id='word_1_380' title='bbox 411 2422 462 2465; x_wconf 86' lang='lat' dir='ltr'><strong>de</strong></span> <span class='ocrx_word' id='word_1_381' title='bbox 501 2423 762 2478; x_wconf 85' lang='lat' dir='ltr'><strong>processione</strong></span> <span class='ocrx_word' id='word_1_382' title='bbox 796 2419 1064 2476; x_wconf 85' lang='lat' dir='ltr'><strong>theophorica</strong></span> <span class='ocrx_word' id='word_1_383' title='bbox 1097 2422 1187 2463; x_wconf 87' lang='lat' dir='ltr'><strong>iure</strong></span> <span class='ocrx_word' id='word_1_384' title='bbox 1223 2423 1477 2477; x_wconf 85' lang='lat' dir='ltr'><strong>praescripta</strong></span> <span class='ocrx_word' id='word_1_385' title='bbox 1499 2421 1785 2478; x_wconf 87' lang='lat' dir='ltr'><strong>similibusque</strong></span> 
     </span>
     <span class='ocr_line' id='line_1_70' title="bbox 157 2490 1786 2548; baseline -0.001 -12"><span class='ocrx_word' id='word_1_386' title='bbox 157 2495 367 2548; x_wconf 85' lang='lat' dir='ltr'><strong>permissis</strong></span> <span class='ocrx_word' id='word_1_387' title='bbox 411 2497 557 2535; x_wconf 85' lang='lat' dir='ltr'><strong>tractat</strong></span> <span class='ocrx_word' id='word_1_388' title='bbox 601 2505 690 2534; x_wconf 85' lang='lat' dir='ltr'><strong>can.</strong></span> <span class='ocrx_word' id='word_1_389' title='bbox 726 2491 854 2543; x_wconf 69' lang='lat'>1291,</span> <span class='ocrx_word' id='word_1_390' title='bbox 887 2493 952 2534; x_wconf 88' lang='lat' dir='ltr'><strong>cui</strong></span> <span class='ocrx_word' id='word_1_391' title='bbox 998 2495 1080 2534; x_wconf 86' lang='lat' dir='ltr'><strong>tres</strong></span> <span class='ocrx_word' id='word_1_392' title='bbox 1123 2490 1192 2534; x_wconf 89' lang='lat' dir='ltr'><strong>alii</strong></span> <span class='ocrx_word' id='word_1_393' title='bbox 1225 2503 1314 2534; x_wconf 88' lang='lat' dir='ltr'><strong>can.</strong></span> <span class='ocrx_word' id='word_1_394' title='bbox 1352 2492 1602 2535; x_wconf 61' lang='lat'><strong>19924994</strong></span> <span class='ocrx_word' id='word_1_395' title='bbox 1644 2491 1786 2535; x_wconf 88' lang='lat' dir='ltr'><strong>subse-</strong></span> 
     </span>
     <span class='ocr_line' id='line_1_71' title="bbox 153 2561 1786 2620; baseline -0.001 -14"><span class='ocrx_word' id='word_1_396' title='bbox 153 2567 337 2620; x_wconf 84' lang='lat' dir='ltr'><strong>quuntur</strong></span> <span class='ocrx_word' id='word_1_397' title='bbox 370 2563 421 2606; x_wconf 87' lang='lat' dir='ltr'><strong>de</strong></span> <span class='ocrx_word' id='word_1_398' title='bbox 454 2561 665 2607; x_wconf 86' lang='lat' dir='ltr'><strong>Ordinarii</strong></span> <span class='ocrx_word' id='word_1_399' title='bbox 709 2562 784 2605; x_wconf 90' lang='lat' dir='ltr'><strong>loci</strong></span> <span class='ocrx_word' id='word_1_400' title='bbox 830 2574 1031 2605; x_wconf 88' lang='lat' dir='ltr'><strong>consensu</strong></span> <span class='ocrx_word' id='word_1_401' title='bbox 1080 2561 1142 2604; x_wconf 84' lang='lat' dir='ltr'><strong>vel</strong></span> <span class='ocrx_word' id='word_1_402' title='bbox 1189 2561 1353 2605; x_wconf 84' lang='lat' dir='ltr'><strong>licentia</strong></span> <span class='ocrx_word' id='word_1_403' title='bbox 1394 2565 1627 2606; x_wconf 87' lang='lat' dir='ltr'><strong>necessaria</strong></span> <span class='ocrx_word' id='word_1_404' title='bbox 1661 2562 1786 2606; x_wconf 87' lang='lat' dir='ltr'><strong>relate</strong></span> 
     </span>
     <span class='ocr_line' id='line_1_72' title="bbox 154 2632 1786 2690; baseline 0.001 -15"><span class='ocrx_word' id='word_1_405' title='bbox 154 2633 204 2676; x_wconf 86' lang='lat' dir='ltr'><strong>ad</strong></span> <span class='ocrx_word' id='word_1_406' title='bbox 256 2636 541 2689; x_wconf 87' lang='lat' dir='ltr'><strong>processiones</strong></span> <span class='ocrx_word' id='word_1_407' title='bbox 593 2645 746 2686; x_wconf 76' lang='lat' dir='ltr'><strong>sacras,</strong></span> <span class='ocrx_word' id='word_1_408' title='bbox 795 2645 898 2689; x_wconf 88' lang='lat' dir='ltr'><strong>quas</strong></span> <span class='ocrx_word' id='word_1_409' title='bbox 946 2635 984 2674; x_wconf 91' lang='lat' dir='ltr'><strong>in</strong></span> <span class='ocrx_word' id='word_1_410' title='bbox 1040 2634 1156 2689; x_wconf 85' lang='lat' dir='ltr'><strong>praxi</strong></span> <span class='ocrx_word' id='word_1_411' title='bbox 1211 2632 1487 2676; x_wconf 83' lang='lat' dir='ltr'><strong>moderandas</strong></span> <span class='ocrx_word' id='word_1_412' title='bbox 1543 2632 1786 2690; x_wconf 80' lang='lat' dir='ltr'><strong>pi·aesci·1bit</strong></span> 
     </span>
    </p>
   </div>
   <div class='ocr_carea' id='block_1_8' title="bbox 153 2704 411 2748">
    <p class='ocr_par' dir='ltr' id='par_1_16' title="bbox 153 2704 411 2748">
     <span class='ocr_line' id='line_1_73' title="bbox 153 2704 411 2748; baseline 0.004 -1"><span class='ocrx_word' id='word_1_413' title='bbox 153 2716 247 2747; x_wconf 87' lang='lat' dir='ltr'><strong>can.</strong></span> <span class='ocrx_word' id='word_1_414' title='bbox 288 2704 411 2748; x_wconf 69' lang='lat'>1295.</span> 
     </span>
    </p>
   </div>
   <div class='ocr_carea' id='block_1_9' title="bbox 160 2775 1787 2902">
    <p class='ocr_par' dir='ltr' id='par_1_17' title="bbox 160 2775 1787 2902">
     <span class='ocr_line' id='line_1_74' title="bbox 275 2775 1787 2830; baseline 0.002 -14"><span class='ocrx_word' id='word_1_415' title='bbox 275 2775 373 2817; x_wconf 82' lang='grc'><strong>160.</strong></span> <span class='ocrx_word' id='word_1_416' title='bbox 410 2775 673 2820; x_wconf 83' lang='lat' dir='ltr'><strong>Sacrarum</strong></span> <span class='ocrx_word' id='word_1_417' title='bbox 711 2776 1080 2830; x_wconf 84' lang='lat' dir='ltr'><strong>processionum</strong></span> <span class='ocrx_word' id='word_1_418' title='bbox 1122 2775 1390 2830; x_wconf 85' lang='lat' dir='ltr'><strong>descriptio</strong></span> <span class='ocrx_word' id='word_1_419' title='bbox 1430 2789 1489 2820; x_wconf 85' lang='lat' dir='ltr'><strong>ac</strong></span> <span class='ocrx_word' id='word_1_420' title='bbox 1525 2776 1787 2820; x_wconf 87' lang='lat' dir='ltr'><strong>distinctio.</strong></span> 
     </span>
     <span class='ocr_line' id='line_1_75' title="bbox 160 2843 1785 2902; baseline -0.001 -15"><span class='ocrx_word' id='word_1_421' title='bbox 160 2843 261 2887; x_wconf 80' lang='lat' dir='ltr'><strong>Can.</strong></span> <span class='ocrx_word' id='word_1_422' title='bbox 301 2846 431 2887; x_wconf 64' lang='lat'><em>1990.</em></span> <span class='ocrx_word' id='word_1_423' title='bbox 465 2845 492 2902; x_wconf 34' lang='grc' dir='ltr'><strong>ἐξ</strong></span> <span class='ocrx_word' id='word_1_424' title='bbox 527 2847 560 2886; x_wconf 83' lang='grc'><strong>1.</strong></span> <span class='ocrx_word' id='word_1_425' title='bbox 595 2843 772 2887; x_wconf 64' lang='lat' dir='ltr'><strong>Nomine</strong></span> <span class='ocrx_word' id='word_1_426' title='bbox 804 2858 1023 2886; x_wconf 68' lang='lat' dir='ltr'><strong>sacrarum</strong></span> <span class='ocrx_word' id='word_1_427' title='bbox 1063 2844 1373 2901; x_wconf 72' lang='lat' dir='ltr'><strong>processionum</strong></span> <span class='ocrx_word' id='word_1_428' title='bbox 1411 2847 1448 2887; x_wconf 89' lang='lat' dir='ltr'><strong>in</strong></span> <span class='ocrx_word' id='word_1_429' title='bbox 1484 2847 1584 2898; x_wconf 80' lang='lat' dir='ltr'><strong>iure,</strong></span> <span class='ocrx_word' id='word_1_430' title='bbox 1619 2857 1711 2887; x_wconf 86' lang='lat' dir='ltr'><strong>nam</strong></span> <span class='ocrx_word' id='word_1_431' title='bbox 1747 2846 1785 2886; x_wconf 90' lang='lat' dir='ltr'><strong>in</strong></span> 
     </span>
    </p>
   </div>
   <div class='ocr_carea' id='block_1_10' title="bbox 1871 0 1965 3240">
    <p class='ocr_par' dir='ltr' id='par_1_18' title="bbox 1871 0 1965 3240">
     <span class='ocr_line' id='line_1_76' title="bbox 1871 0 1965 3240; baseline 0 0"><span class='ocrx_word' id='word_1_432' title='bbox 1871 0 1965 3240; x_wconf 95' lang='lat' dir='ltr'><strong> </strong></span> 
     </span>
    </p>
   </div>
  </div>
 </body>
</html>
