1965 3240
652 154 734 188 Trr.
762 154 830 188 XI.
859 174 871 179 -
898 154 954 188 De
979 155 1174 189 altaribus
1682 157 1727 191 65

100 276 218 320 Nunc
251 276 476 332 quaeritur.
522 272 633 316 Haec
676 273 831 316 decisio
875 277 1059 328 potestne
1104 276 1225 316 etiam
1273 277 1437 317 retineri
1483 288 1608 332 quum
1645 280 1725 319 tota

100 359 239 390 mensa
276 345 428 388 Altaris
461 346 690 387 consecrati
725 343 773 386 ad
810 343 978 385 niodum
1016 345 1083 385 lixi
1119 358 1139 386 e
1164 346 1248 387 suis
1271 345 1477 401 stipitibus
1499 346 1726 401 sublevata,

100 430 179 460 non
215 419 383 459 omnino
416 416 585 463 dimota,
620 427 729 457 novo
764 418 980 457 caemento
1016 415 1112 469 ipsis
1136 414 1342 470 stipitibus
1366 417 1553 458 lirinatur
1575 421 1726 459 eleon-

103 487 322 544 iungitur?
370 486 408 530 S.
460 499 582 542 porro
616 484 661 529 R.
696 484 738 529 C.
773 483 1003 527 rescribere
1052 489 1137 527 rata
1187 490 1269 527 cst:
1319 486 1381 527 Ad
1431 485 1607 529 Dubinin
1648 486 1727 530 Vll.

96 558 299 614 Negative
323 573 360 598 )).

215 628 327 671 Haec
353 630 489 671 oinnia
515 626 805 683 complectitur
828 630 865 669 et
903 639 975 682 per
995 625 1060 668 illa
1082 626 1358 682 explicandus
1392 633 1450 670 est
1486 643 1576 669 ean.
1603 632 1728 672 1300.

100 702 125 754 ἓ
159 700 197 742 1.
230 698 379 742 Allare
412 696 620 741 immobile
652 697 812 739 amito!
845 696 1199 739 eom-errale'i‘mem
1236 697 1312 741 sibi
1350 701 1573 754 propriam,
1608 700 1644 741 si
1668 705 1727 741 la-

99 769 195 813 bala
229 784 301 813 seu
335 783 477 812 mensa
512 783 535 811 a
570 768 728 826 stipite,
771 780 1036 825 quocumque
1080 780 1128 810 ex
1164 770 1321 810 motivo
1354 772 1426 811 etsi
1462 773 1728 822 necessitatis,

97 841 225 883 etiam
258 854 336 898 per
374 839 573 897 temporis
621 844 887 882 momenlwn,
938 843 1176 895 separetur,
1229 842 1422 895 quamvis
1472 853 1548 882 non
1598 841 1728 883 ‹altino-

103 916 262 964 veatur,
294 916 333 954 et
371 926 390 951 ((
415 912 582 953 omnino
617 912 776 965 integra
812 911 1101 965 permanserit,
1135 914 1172 951 et
1207 910 1450 953 Sanctorum
1502 910 1727 967 Martyrum

96 982 333 1038 sepulcrum
371 982 490 1037 plane
525 980 768 1024 inviolatum
795 996 833 1022 )).
876 979 960 1022 imo
998 979 1049 1022 de
1072 979 1149 1022 bae
1174 982 1356 1036 praelata
1383 994 1521 1023 niensa
1552 998 1571 1022 «
1593 987 1727 1025 utruin

96 1054 146 1097 ad
184 1055 312 1096 instar
345 1053 498 1096 Altaris
531 1052 735 1109 portatilis
768 1050 925 1104 haberi,
962 1053 999 1093 in
1036 1064 1167 1107 eaque
1202 1051 1347 1094 Missae
1380 1054 1628 1095 sacrificiunt
1665 1068 1729 1096 ‹Jo-

99 1124 251 1167 lebrari
287 1126 427 1180 possit,
462 1126 550 1166 sine
585 1135 693 1166 nova
728 1124 1039 1166 consecratione
1074 1126 1142 1164 aut
1177 1122 1347 1165 alterius
1372 1123 1518 1179 lapidis
1543 1127 1616 1166 rite
1641 1138 1732 1167 con-

98 1197 246 1238 secrati
282 1194 605 1238 substitutione?
638 1194 676 1238 S.
711 1193 757 1237 R.
792 1192 834 1236 C.
872 1194 909 1234 in
944 1192 1124 1234 Brixien.
1162 1192 1174 1214 ²
1211 1192 1523 1236 rescribendum
1558 1197 1730 1237 censuit:

96 1266 158 1309 Ad
195 1265 399 1309 Dubium:
432 1265 637 1321 Negative
660 1280 698 1307 )).
736 1290 787 1294 -
823 1263 900 1307 Sed
945 1265 1211 1320 prosequitur
1252 1277 1402 1307 canon:
1444 1278 1522 1321 qao
1558 1265 1597 1307 in
1633 1279 1732 1307 ease(

94 1337 332 1380 declaratae
387 1338 747 1393 «separationis»
797 1333 1073 1387 (hiltbertus,
1124 1337 1198 1377 etsi
1250 1348 1329 1377 non
1368 1336 1601 1392 Episcopali
1642 1336 1734 1379 clia-

98 1411 259 1450 raetere
294 1409 526 1462 insignitus,
563 1408 659 1460 imo,
694 1412 737 1448 ut
765 1404 944 1458 videtur,
983 1419 1002 1444 ((
1027 1405 1225 1460 Superior
1248 1408 1380 1448 maior
1404 1408 1441 1447 in
1465 1405 1733 1461 religionibus

96 1477 362 1522 clericalibus
395 1479 643 1534 exemptis»
682 1479 787 1529 (can,
824 1476 920 1523 198,
956 1477 980 1528 ξ
1018 1476 1066 1529 1),
1107 1478 1203 1532 quia
1233 1492 1253 1516 «
1279 1477 1316 1519 id
1343 1490 1537 1533 expresse
1561 1482 1619 1519 est
1646 1479 1732 1520 iure

95 1562 338 1592 conoessum
365 1564 384 1589 >)
424 1552 534 1604 (can.
571 1546 688 1604 eto),
723 1549 916 1604 quamvis
949 1551 1065 1588 aetus
1099 1549 1137 1589 in
1162 1549 1296 1603 seipso
1320 1550 1369 1590 sit
1394 1548 1550 1590 ordinis
1574 1550 1730 1602 episeo—

102 1619 216 1675 palis,
252 1624 385 1676 potest
413 1618 661 1676 permillere
694 1623 737 1660 ut
767 1616 988 1675 presbyter
1018 1617 1208 1674 quilibet,
1242 1630 1289 1661 ac
1323 1620 1446 1661 etiam
1485 1621 1570 1674 ipse
1608 1634 1627 1658 «
1652 1616 1729 1663 Or-

95 1690 283 1733 dinarius
307 1705 344 1738 ³),
397 1692 509 1732 iuxta
560 1703 645 1746 reg.
698 1689 801 1732 luris
849 1689 902 1732 79
938 1690 979 1732 in
1018 1689 1075 1731 (50.
1131 1689 1304 1732 «Neine
1338 1694 1467 1745 potest
1509 1689 1598 1745 plus
1633 1692 1731 1733 iuris

97 1762 321 1804 transferre
355 1763 392 1803 in
429 1761 570 1815 alium,
622 1773 746 1818 quain
797 1760 873 1804 sibi
925 1765 1164 1817 competere
1212 1761 1536 1817 dignoscatur»,
1576 1760 1731 1803 altaris

101 1832 316 1888 praedicti,
350 1832 458 1889 qnod
496 1833 624 1874 lixum
661 1836 734 1885 est,
769 1832 1122 1875 consecrationem
1157 1845 1309 1874 rursus
1346 1845 1416 1874 seu
1444 1836 1484 1874 ut
1510 1831 1732 1874 innnobilis

94 1902 302 1959 perficiat,
341 1916 419 1945 non
455 1905 533 1945 ritu
569 1916 650 1959 quo
684 1902 913 1959 Episcopus
957 1905 1085 1945 utitur
1117 1916 1166 1945 ex
1208 1903 1321 1945 Pont.
1363 1902 1495 1957 nom,
1538 1903 1607 1945 sed
1644 1902 1731 1944 ritu

97 1972 368 2030 [orandaque
400 1973 600 2028 breviore,
635 1986 741 2031 quae
775 1986 884 2016 nunc
918 1975 999 2016 iam
1033 1974 1249 2029 designata
1284 1978 1323 2016 et
1356 1972 1583 2029 approbata
1621 1975 1732 2015 inve-

96 2046 209 2086 nitur
245 2043 398 2099 publici
436 2046 537 2086 iuris
589 2045 693 2087 facta
742 2043 819 2087 sub
852 2043 918 2087 die
952 2045 974 2086 9
1010 2044 1120 2100 Sept.
1173 2044 1285 2086 1920
1321 2043 1350 2086 ².
1388 2043 1491 2086 Duin
1528 2043 1731 2099 explicata

96 2117 331 2158 exsecratio
366 2119 426 2158 est
461 2115 570 2158 illius
604 2115 745 2158 altaris
779 2117 960 2172 propria,
993 2115 1044 2158 de
1080 2115 1272 2158 omnibus
1315 2114 1514 2158 altaribus
1547 2117 1733 2171 seqnitur

96 2184 126 2243 ξ
159 2185 197 2229 Q.
238 2184 272 2228 T
271 2199 336 2228 um
370 2185 511 2227 aliare
544 2185 754 2228 immobile
788 2191 870 2228 lum
903 2190 1026 2243 pelra
1060 2199 1184 2227 saera
1220 2186 1421 2228 amillau!
1454 2185 1730 2227 consecratio-

96 2269 217 2299 nem:
251 2282 303 2287 ——
341 2258 385 2299 1⁰
410 2259 448 2300 Si
472 2256 749 2314 franqanstzr,
783 2259 856 2300 etsi
894 2263 1030 2313 partes
1049 2270 1128 2299 non
1152 2258 1553 2313 separentui·.siruti
1580 2257 1629 2299 de
1664 2256 1731 2299 illo

95 2327 135 2371 S.
173 2326 220 2370 R.
255 2326 298 2371 C.
336 2327 545 2384 respondit
584 2343 604 2368 «
628 2328 928 2371 Affirmative»
962 2329 1000 2370 in
1027 2328 1293 2371 Policastren.
1329 2329 1342 2349 ²²
1377 2327 1425 2369 ad
1464 2326 1680 2369 «Dubium
1703 2326 1727 2369 l.

98 2397 160 2440 An
197 2397 340 2441 haberi
376 2397 525 2441 debeat.
558 2403 818 2441 exsecratum
865 2398 1006 2442 Altare
1051 2400 1194 2453 lixum,
1239 2401 1356 2442 ouius
1395 2411 1532 2441 mensa
1569 2397 1728 2453 lapidea

98 2469 146 2510 sit
180 2470 306 2511 scissa
342 2470 379 2511 in
415 2469 517 2511 duas
552 2473 688 2525 partes
722 2470 807 2512 fere
841 2469 1094 2527 aequales‚...
1130 2483 1263 2526 neque
1303 2468 1450 2512 anibae
1487 2473 1621 2524 partes
1650 2470 1727 2510 sint

104 2540 315 2581 seiunctae
349 2551 369 2582 a
404 2538 604 2595 gradibus
651 2539 937 2596 superioribus
985 2540 1138 2583 Altaris
1182 2542 1309 2596 ipsius
1353 2543 1422 2582 aut
1459 2552 1478 2581 a
1523 2537 1731 2594 stipitibus

102 2609 395 2665 suppositis‘?»
448 2614 487 2653 et
533 2615 700 2653 econtra
746 2613 782 2653 in
823 2609 996 2667 Carpen.
1033 2611 1047 2632 ⁴
1089 2611 1321 2667 respondit:
1378 2610 1510 2663 «Quo
1548 2622 1644 2650 xero
1677 2609 1725 2651 ad

100 2679 256 2723 Altaria
291 2693 384 2723 cuin
421 2683 580 2737 integra
617 2681 774 2737 lapidea
821 2694 1019 2735 mensa..;
1066 2682 1203 2725 licebit
1253 2694 1378 2737 super
1427 2683 1474 2722 iis
1516 2679 1727 2723 celebrare

99 2763 178 2792 non
214 2750 401 2794 obstante
436 2751 517 2794 levi
551 2753 730 2795 fractura
765 2754 803 2794 in
839 2766 920 2795 uno
948 2753 1008 2796 vel
1035 2752 1163 2795 altero
1188 2765 1315 2795 cornu
1342 2767 1378 2791 )).
1414 2750 1550 2794 Canon
1590 2756 1725 2792 autem

208 2857 218 2877 1
247 2857 293 2889 20
320 2856 435 2891 Mart.
476 2857 579 2899 1869,
620 2868 659 2890 n.
699 2857 806 2891 3198.
836 2878 878 2883 -
907 2858 920 2879 2
949 2857 1025 2892 oo.
1068 2857 1160 2893 ΧΠ.
1198 2858 1280 2891 449.
1311 2878 1347 2881 —
1380 2857 1464 2889 2123
1502 2856 1588 2889 Iun.
1624 2855 1724 2897 isa»,

100 2913 143 2936 n.
171 2902 276 2937 3497.
308 2924 350 2928 —
416 2905 438 2937 3
464 2904 580 2938 Mart.
624 2904 726 2947 1821,
767 2916 804 2938 n.
834 2904 939 2939 2612.

262 2981 357 3010 BLA'r
379 2997 397 3003 -
423 2981 544 3010 Cotum.
574 2982 657 3010 Text.
684 2982 759 3010 0011.
786 2982 859 3010 lar.
885 2982 964 3010 Ca».
