1965 3240
125 125 197 160 304
387 127 473 162 Lm.
499 128 571 162 ΙΙΙ.
601 149 613 154 -
640 129 750 164 PARS
775 129 842 164 1V.
871 150 884 156 -
909 131 967 166 De
991 134 1216 176 maqisterio
1240 134 1494 170 ecclesiastico

124 247 384 289 siasticorum
421 250 461 289 et
494 246 843 303 religiosorum,...
877 251 1120 305 praesertim
1148 247 1390 296 Ordinariis
1422 257 1466 296 ut
1497 256 1609 297 omni
1632 254 1756 298 modo

123 319 164 359 et
196 316 332 359 studio
377 315 441 359 his
483 316 740 373 sapientibus
779 319 1144 364 reformationibus
1175 321 1405 377 faveant»,
1437 335 1541 381 quas
1573 325 1756 368 continet

126 388 273 442 vigens
306 386 357 430 ob
392 399 482 430 can.
521 387 630 431 1264
671 403 692 430 <c
715 388 934 433 Instructio
958 390 1008 434 de
1031 393 1160 434 sacris
1182 393 1391 435 musicis»
1427 393 1537 437 edita
1560 393 1671 437 Motu
1695 407 1754 450 pr.

129 472 150 498 «
174 456 284 500 Inter
316 457 493 514 plurima
516 473 537 500 ))
576 459 634 502 Pii
666 459 703 503 X
728 459 762 503 ²:
802 459 823 501 (ἑ
847 461 914 505 ⁶252
940 461 982 504 ln
1006 464 1239 505 seminariis
1262 462 1511 507 clericorum
1534 469 1572 507 et
1597 466 1636 507 in
1660 477 1756 508 con-

126 526 319 571 ventibus
352 527 658 584 ecclesiasticis,
693 531 807 574 iuxta
841 530 1080 574 Tridentina
1123 531 1304 587 decreta,
1339 546 1489 590 magna
1532 546 1627 577 cum
1666 533 1756 577 dili-

123 600 263 654 gentia
297 603 336 642 et
367 599 505 642 studio
539 605 685 644 cantus
718 603 1006 658 gregorianus,
1039 615 1163 659 quem
1208 605 1435 647 transmisit.
1477 604 1658 659 traditio,
1691 617 1758 647 co-

126 667 234 712 latur
267 669 512 726 (theoretice
545 683 593 714 ac
626 671 840 727 practice),
874 677 913 715 et
947 672 1169 716 iuvenibus
1192 676 1415 730 praepositi
1439 674 1679 718 omnimodo
1702 675 1757 718 fa-

128 744 263 784 veant.
297 739 373 784 Ubi
408 741 498 784 fieri
533 746 664 798 potest
687 744 794 785 inter
817 742 991 786 clericos
1013 742 1162 786 Schola
1185 748 1399 787 cantorum
1431 746 1629 801 erigatur,
1653 757 1758 802 quae

124 822 286 854 sacram
323 811 603 868 poliphoniam
638 818 677 856 et
709 815 909 870 optImam
943 816 1144 858 musicam
1178 814 1415 871 liturgicam
1439 820 1756 873 exequatur.—-

129 881 197 924 ⁶26.
230 880 275 924 ln
309 882 562 939 quotIdianis
594 883 841 928 lectionibus
875 884 1081 941 liturgiae,
1116 884 1348 942 theologiae
1387 885 1555 929 moralis
1587 891 1627 929 et
1659 887 1760 929 iuris

124 954 331 1007 canonici,
364 953 516 1010 quibus
548 954 793 999 imbuuntur
825 955 1017 1012 discipuli
1055 955 1222 1000 scholae
1265 955 1536 1013 theologicae,
1570 957 1761 1000 doctores

128 1028 275 1067 curent
308 1024 398 1080 (pro
433 1027 758 1084 uniuscuiusque
793 1026 1026 1082 provincia)
1058 1031 1100 1070 ut
1133 1039 1239 1084 quae
1271 1039 1432 1070 sacram
1468 1030 1669 1071 musicam
1702 1031 1788 1070 at?

127 1096 302 1151 tingant,
335 1100 601 1152 pertractent,
636 1101 675 1140 et
707 1097 932 1154 discipulos
966 1096 1185 1153 pulchrum
1210 1100 1310 1141 artis
1331 1110 1474 1141 sacrae
1497 1098 1688 1152 doceant,
1710 1110 1760 1140 ne

126 1165 284 1220 clerici,
318 1166 548 1210 studiorum
584 1181 707 1211 cursu
741 1167 942 1223 absoluto,
980 1167 1041 1211 his
1074 1167 1310 1212 notionibus
1352 1167 1480 1212 cultui
1521 1182 1659 1211 rerum
1693 1181 1759 1211 ec-

127 1236 456 1281 clesiasticarum
491 1241 735 1282 necessariis
767 1244 999 1283 careant».

246 1308 274 1366 ἓ
307 1307 345 1351 3.
381 1307 628 1351 Habeantur
669 1309 811 1360 etiam,
850 1310 959 1366 quod
1006 1310 1180 1354 verbum
1226 1312 1537 1367 praeceptivum
1581 1314 1653 1365 est,
1688 1309 1759 1353 sed

130 1384 341 1437 tamquam
378 1381 415 1422 in
455 1379 535 1424 alio
577 1380 915 1437 praecedentium
959 1382 1096 1425 studio
1139 1386 1370 1434 contentae,
1404 1395 1442 1425 v.
1477 1395 1538 1437 gr.
1573 1382 1613 1423 in
1647 1379 1760 1423 theo-

130 1450 239 1507 logia
274 1450 436 1505 morali‚
473 1464 546 1494 seu
588 1456 705 1494 extra
748 1452 936 1495 ordinem
971 1451 1169 1496 lectiones
1207 1451 1258 1495 de
1300 1451 1510 1509 theologia
1550 1449 1763 1509 pastorali

132 1522 254 1567 idest:
290 1522 341 1565 de
376 1521 617 1566 muneribus
651 1522 972 1579 parochialibus,
1006 1523 1101 1567 hinc
1135 1522 1296 1566 additis
1325 1522 1529 1581 practicis
1562 1521 1765 1565 eoeercila-

132 1592 316 1636 {ionibus
350 1597 391 1636 ut
425 1593 576 1637 exinde
608 1593 769 1637 {acilius
797 1606 844 1637 ac
886 1597 988 1638 scite
1022 1594 1090 1638 illa
1123 1594 1387 1651 impleantur,
1418 1592 1672 1651 praesertim
1705 1595 1762 1636 uti

133 1664 183 1707 de
208 1663 573 1721 principalioribus
595 1663 646 1707 de
667 1664 835 1708 ratione
857 1669 894 1718 a)
914 1665 1112 1709 tradendi
1131 1665 1278 1723 pueris
1297 1664 1446 1707 aliisve
1468 1662 1761 1707 catechismmn

130 1749 204 1779 seu
238 1735 289 1778 de
324 1735 509 1791 proficuo
542 1734 791 1778 catechistae
815 1749 988 1779 munere
1011 1736 1061 1779 ad
1086 1748 1176 1780 can.
1202 1735 1324 1778 1333
1359 1734 1583 1789 declaraIO,
1618 1733 1659 1788 b}
1690 1747 1764 1776 au-

132 1805 278 1849 diendi
311 1804 593 1863 confessiones
630 1820 723 1850 cum
768 1806 906 1850 debita
950 1807 1165 1860 charitate,
1199 1807 1448 1850 discretione
1490 1818 1538 1849 ac
1579 1806 1763 1848 scientia.

131 1877 173 1934 c)
208 1876 413 1920 visitandi
446 1876 635 1934 infirmos
668 1880 932 1921 convenienti
957 1877 1206 1932 urbanitate,
1223 1877 1369 1921 solatio
1391 1889 1439 1920 ac
1463 1876 1764 1927 exhortatione,

134 1949 178 2006 d)
213 1947 443 1992 assistendi
474 1941 741 1992 moribundis
772 1962 867 1992 cum
912 1951 1078 2006 patienti
1113 1954 1153 1992 ct
1186 1949 1359 2005 pacifico
1392 1946 1477 1991 zelo
1510 1947 1562 1990 de
1595 1951 1764 1990 aeterna

137 2023 319 2077 ipsorum
353 2020 498 2064 salute.

254 2090 269 2113 ²
307 2106 327 2132 <c
351 2089 472 2144 Quod
507 2091 558 2134 ad
578 2091 826 2135 clericorum
850 2091 985 2135 studia
1011 2093 1199 2148 pertinet,
1223 2092 1307 2148 qui,
1333 2103 1405 2147 pro
1429 2090 1682 2133 conscientia
1706 2091 1762 2131 ol-

136 2163 235 2217 ficii,
268 2175 314 2206 ea
351 2163 602 2217 moderetur,
637 2176 715 2206 non
750 2165 782 2206 is
820 2164 1006 2219 profecto
1043 2164 1389 2219 praescriptiones
1423 2161 1526 2203 luris
1568 2158 1763 2204 Canonici

132 2234 316 2290 negliget
349 2234 399 2277 de
434 2233 657 2291 Theologia
688 2233 901 2291 pastorali
919 2252 933 2274 .·
967 2235 1048 2277 imo
1083 2233 1307 2290 plurimum
1334 2231 1485 2276 tribuet
1507 2230 1604 2274 huic
1637 2230 1760 2273 disci-

135 2305 285 2363 plinae,
319 2318 399 2363 qua
433 2306 602 2363 quidem
638 2307 825 2361 proxime
867 2307 1099 2348 animarum
1144 2305 1358 2361 quaeritur
1389 2301 1512 2345 salus.
1546 2300 1630 2344 Nec
1666 2312 1764 2343 vero

134 2376 366 2430 dumtaxat,
399 2389 523 2434 quam
558 2380 700 2420 sancte
733 2378 814 2419 sint
836 2375 977 2419 divina
1011 2375 1239 2423 tractanda,
1274 2375 1527 2431 praecipiet,
1561 2371 1632 2415 sed
1653 2383 1766 2428 prae-

136 2452 247 2490 terea
280 2447 636 2504 quemadmodum
679 2449 758 2490 sint
798 2448 954 2489 maiore
993 2454 1170 2502 semper
1204 2458 1298 2488 cum
1348 2445 1482 2487 fructu
1530 2440 1765 2485 hominibus

134 2517 394 2574 applicanda.
430 2517 473 2560 ln
507 2531 589 2575 quo
622 2519 658 2560 ei
692 2519 769 2560 erit
803 2521 1035 2573 temporum
1069 2515 1259 2560 habenda
1293 2517 1396 2558 ratio
1434 2513 1765 2569 diligentissime.

137 2587 261 2631 Multa
296 2591 406 2632 enim
443 2591 481 2632 in
518 2588 656 2646 populi
697 2587 910 2631 christiani
949 2600 1085 2630 mores
1124 2600 1261 2630 rerum
1303 2598 1449 2648 cursus
1487 2583 1663 2636 induxit,
1698 2594 1764 2638 pa-

138 2664 247 2702 trum
283 2664 519 2702 nostrorum
554 2658 737 2702 inaudita
772 2657 1053 2714 temporibus:
1094 2669 1200 2715 quae
1225 2657 1466 2713 pernovisse
1489 2654 1612 2697 hodie
1635 2665 1768 2696 sacer·

137 2730 275 2773 dotem
322 2734 496 2786 oportet,
543 2734 584 2772 ut
628 2741 736 2772 nova
778 2730 897 2771 novis
938 2728 1120 2772 remedia
1156 2727 1274 2782 malis
1307 2729 1345 2769 in
1380 2725 1471 2769 lesu
1503 2723 1653 2769 Christi
1691 2724 1769 2765 vir-

257 2837 267 2858 ¹
296 2836 334 2869 X
360 2835 555 2870 calendas
580 2835 668 2871 Dec.
699 2834 802 2876 1903,
831 2834 931 2868 Acta
958 2833 995 2868 S.
1038 2833 1160 2874 Sedis,
1201 2832 1387 2875 XXXVI,
1428 2831 1509 2866 394.
1552 2849 1593 2854 —
1631 2829 1645 2851 ²
1686 2828 1770 2863 Cit.

140 2883 267 2928 Epist.
296 2883 357 2916 Pii
384 2883 461 2917 PP.
490 2883 561 2917 XI.
592 2881 667 2918 CO.
693 2881 798 2923 XIV,
824 2881 906 2915 456.
1776 2902 1779 2906 .
