1965 3240
426 147 510 180 ΤιΤ.
540 146 665 181 XXV.
697 167 708 172 -
736 146 792 181 De
816 146 1008 190 beneficiis
1033 146 1298 179 ecclesiastic-is
1607 147 1675 180 465

51 270 405 319 consummantur,
443 279 479 306 v.
510 279 569 321 gr.
604 265 740 319 domo,
775 263 1032 315 utensilibus,
1066 268 1159 316 etc„
1192 262 1284 320 frui
1317 263 1434 307 bonis
1465 277 1571 322 quae
1606 278 1677 321 per

54 349 175 381 usum
209 337 469 389 amittuntur,
504 348 541 378 v.
563 348 624 391 gr.
659 336 846 391 pecunia,
882 335 938 376 uti
976 333 1114 376 valore
1147 333 1196 376 ad
1222 336 1567 377 conmutationes
1590 348 1678 391 per-

53 405 263 458 ficiendas,
285 403 488 448 fructibus
512 409 661 457 terrae,
684 409 762 448 etc.
793 408 930 462 poles!
961 402 1170 461 fruclibus
1202 406 1290 446 sive
1315 403 1544 447 redditibus
1562 404 1676 447 bene-

53 475 274 533 ficialibus,
314 487 421 532 quae
457 480 525 518 aut
561 489 610 518 ex
646 476 740 519 dote
786 475 973 518 beneticii
1001 476 1174 530 percipit
1207 479 1275 516 aut
1309 488 1359 518 ex
1394 474 1554 518 actibus
1586 478 1676 529 stri-

50 552 114 591 cte
146 545 310 597 talibus,
345 545 382 588 id
418 550 476 588 est
517 547 554 587 in
594 545 964 602 adimplementum
991 544 1112 587 officii
1149 546 1391 600 integi-antis
1416 543 1677 588 beneficium.

51 617 256 661 Limitatio
289 620 427 659 autem
461 615 728 673 subsequitur
760 609 988 659 secundum
1015 613 1238 657 Doctorum
1276 615 1593 671 praecedentem
1621 618 1677 658 in-

51 688 389 744 terpretationem
434 685 542 743 (can.
587 688 626 737 (5,
661 686 723 741 30)
762 685 1047 729 aestimanda:
1088 684 1398 739 «fructibus»,
1434 685 1506 742 qui
1541 685 1598 742 (in
1634 699 1678 729 ea

51 769 201 813 nempe
244 755 490 814 quantitate)
534 755 590 798 ad
627 756 716 798 eius
768 771 788 797 ((
814 755 1066 799 beneficiarii
1093 771 1111 795 »
1168 753 1381 798 honestam
1436 755 1497 798 vel
1532 770 1677 799 secun-

54 829 153 872 dum
191 829 385 870 virtutem
431 826 775 869 sustentationem
813 829 850 869 in
889 828 1014 881 victu,
1063 828 1227 879 vestitu,
1259 825 1511 869 habitatione
1545 826 1680 870 adhuc

57 911 129 955 pro
162 896 435 941 familiaribus
458 901 498 940 et
531 896 774 953 hospitibus,
807 902 930 952 atque
966 911 1036 953 pro
1064 899 1146 940 vita
1170 896 1328 950 sociali,
1362 896 1508 954 hisque
1551 900 1680 940 omni—

59 969 134 1013 bus
181 971 293 1012 iuxta
344 970 471 1024 ipsius
514 968 793 1011 conditionem
829 973 867 1011 et
901 968 1077 1025 gradum
1129 970 1165 1010 in
1216 967 1449 1011 hierarchia
1489 968 1682 1012 ecclesia-

57 1042 156 1084 stica
207 1039 292 1082 si'm
339 1039 582 1091 necessarii,
621 1052 726 1096 quae
772 1052 962 1082 mensura
1002 1052 1050 1082 ex
1094 1053 1168 1082 usu
1217 1039 1412 1082 similium
1465 1039 1682 1083 beneficia-

60 1114 213 1154 riorum
251 1110 476 1166 prudenter
509 1112 723 1166 accipitur.
759 1110 860 1153 Nam
909 1112 944 1152 in
993 1112 1081 1153 iure
1125 1109 1442 1153 Decretalium1
1472 1110 1610 1155 lnnoc.
1637 1110 1683 1153 lll

58 1184 140 1225 ait:
182 1196 202 1221 ((
224 1180 306 1224 Nos
338 1180 596 1224 attendentes
629 1181 737 1237 quod
773 1180 823 1223 ad
860 1180 936 1223 boc
971 1180 1087 1223 vobis
1120 1185 1157 1224 et
1182 1180 1273 1223 aliis
1312 1180 1475 1224 clericis
1508 1183 1588 1224 sint
1620 1195 1683 1225 ec·

59 1252 275 1296 clesiastici
322 1251 478 1294 reditus
521 1251 718 1307 deputati,
766 1260 806 1294 ut
840 1265 889 1294 ex
924 1253 1022 1307 ipsis
1056 1251 1225 1294 honeste
1263 1254 1405 1295 vivere
1438 1251 1623 1296 debeatis
1647 1270 1685 1307 2),

59 1329 183 1382 atque
216 1322 313 1367 alibi
348 1324 546 1380 inqu112:
586 1322 731 1365 «Cum
758 1325 882 1379 igitur
915 1337 959 1366 os
994 1323 1110 1367 bovis
1144 1324 1262 1379 ligari
1297 1337 1375 1366 non
1402 1323 1551 1367 debeat
1575 1326 1687 1367 tritu-

63 1398 203 1448 rantis,
245 1408 316 1438 seu
361 1396 431 1451 qui
475 1394 593 1437 altari
637 1397 779 1449 sei-vit,
823 1394 874 1437 de
916 1394 1033 1438 altari
1081 1397 1224 1438 vivore
1266 1394 1429 1450 debeat,
1469 1397 1689 1438 statuimus

62 1465 380 1523 (consuetudine
412 1464 597 1522 qualibet
630 1467 810 1521 episcopi
847 1465 906 1509 vel
951 1468 1110 1522 patroni
1145 1479 1216 1508 seu
1261 1465 1481 1509 cuiuslibet
1519 1465 1690 1509 alterius

64 1549 142 1579 non
177 1535 383 1593 obstante)
418 1538 549 1593 portio
583 1535 834 1592 presbyteris
868 1538 964 1592 ipsis
997 1537 1207 1579 sulliciens
1239 1538 1534 1592 assignetur».

183 1607 306 1649 Porro
339 1620 388 1650 ex
423 1619 511 1650 can.
549 1619 685 1663 praec.
718 1611 878 1650 constat
912 1606 1222 1651 beneficiarium
1251 1606 1409 1650 iuribus
1433 1608 1511 1650 frui
1537 1612 1690 1664 tempo-

65 1678 219 1722 ralibus
251 1680 339 1721 sine
374 1677 629 1733 limitatione,
673 1690 779 1735 quae
814 1678 1039 1734 ibideest,
1087 1692 1281 1735 praesens
1328 1692 1425 1722 vero
1469 1692 1598 1722 canon
1635 1679 1689 1722 lo-

63 1762 194 1806 quens
227 1749 277 1792 de
311 1762 384 1792 usu
420 1754 459 1792 et
493 1749 628 1792 fructu
648 1749 697 1792 ad
725 1752 1000 1793 necessariam
1036 1752 1242 1793 fruetuum
1281 1752 1509 1806 portionem
1546 1750 1690 1793 limitat

63 1820 174 1864 illius
205 1822 305 1863 iuris
336 1822 581 1863 exercitium
628 1820 817 1875 liberum,
864 1824 1129 1878 prosequitur
1161 1823 1269 1864 enim
1315 1823 1401 1864 sic:
1438 1820 1694 1878 obliyalione

64 1895 206 1933 autem
240 1903 312 1947 per
344 1889 454 1934 hunc
487 1903 687 1934 canonem
721 1892 979 1947 confirmata,
1013 1904 1119 1949 quae
1146 1894 1337 1948 provenit
1360 1905 1409 1935 ex
1439 1894 1599 1948 origine
1625 1892 1691 1936 be-

67 1962 307 2004 netici0rum
343 1960 537 2004 historica
572 1962 623 2005 de
657 1961 774 2005 bonis
807 1962 1113 2017 ecclesiasticis,
1146 1962 1237 2012 (ista
1271 1965 1379 2005 enim
1415 1976 1493 2005 non
1534 1968 1692 2006 tantum

65 2032 115 2076 ad
152 2034 434 2075 ministrorum
468 2035 822 2086 sustentationem,
856 2033 924 2076 sed
961 2033 1010 2076 ad
1037 2033 1171 2077 cultus
1194 2046 1359 2091 quoque
1382 2033 1513 2076 divini
1539 2047 1691 2090 expen—

67 2115 132 2147 sas
165 2107 289 2161 atque
334 2115 562 2159 pauperum
599 2106 865 2147 necessitates
897 2103 1178 2148 sublevandas
1211 2109 1434 2147 censentur
1466 2104 1691 2161 deputata),

69 2179 233 2216 tenetur
260 2172 591 2217 «beneficiarius
613 2190 633 2214 ))
663 2173 932 2231 impendendi
969 2192 990 2215 α
1014 2176 1171 2218 fructus
1196 2174 1384 2218 beneficii
1410 2191 1429 2216 )>
1458 2177 1693 2233 superfluos

69 2246 353 2287 sustentationi
380 2243 615 2287 declaratae
635 2257 713 2301 pro
734 2258 831 2288 vere
854 2245 1113 2303 pauperibus
1146 2244 1398 2302 quibuslibet
1433 2251 1507 2288 aul
1536 2246 1622 2303 piis
1645 2260 1694 2289 ex

70 2316 226 2357 motivo
246 2314 457 2370 religionis
478 2314 540 2358 vel
560 2314 772 2358 charitatis
791 2315 930 2358 mmsis
952 2330 988 2357 v.
1004 2330 1065 2372 gr.
1083 2330 1154 2372 pro
1174 2316 1462 2359 aedificatione
1482 2316 1697 2371 ecclesiae,

72 2383 277 2440 hospitali,
294 2383 409 2428 salvo
433 2384 567 2442 quoad
600 2398 794 2441 praesens
817 2388 986 2429 canonis
1009 2399 1170 2430 comma
1193 2385 1459 2444 praeseriplo
1479 2400 1569 2428 can.
1589 2388 1696 2435 9351,

71 2454 99 2512 ξ
123 2456 160 2507 1,
178 2457 305 2506 η.19,
338 2455 446 2512 quod
474 2460 690 2512 propterea
717 2469 860 2499 verum
888 2456 1153 2513 privilegium
1187 2457 1337 2500 refert:
1378 2472 1397 2497 «
1422 2457 1472 2500 de
1499 2457 1698 2500 reditibus

83 2524 359 2568 beneficiariis
389 2526 625 2582 (superfluis
658 2530 837 2583 quoque)
873 2525 999 2570 libere
1033 2527 1277 2583 disponendi
1312 2529 1435 2570 etiam
1471 2541 1544 2583 per
1577 2532 1696 2571 testa—

75 2599 322 2639 mentum».
357 2595 462 2639 Hinc
495 2598 683 2652 apprime
718 2596 961 2653 intelligitur
992 2600 1228 2641 canonizata
1263 2598 1472 2641 distinctio
1506 2610 1527 2640 a
1552 2597 1698 2641 Docto-

74 2665 188 2709 ribus
221 2668 368 2708 usitata
411 2666 462 2709 de
504 2666 665 2722 peculio
709 2667 957 2710 clericorum
998 2667 1228 2712 beneticiali
1268 2673 1305 2711 et
1339 2669 1563 2724 superfluo.
1600 2668 1695 2711 ltem

73 2735 298 2793 approbata
333 2735 427 2779 hinc
462 2741 597 2780 manet
631 2750 773 2780 eorum
808 2740 1008 2781 sententia
1045 2739 1363 2795 praedominans
1397 2740 1434 2780 in
1472 2740 1558 2781 iure
1584 2751 1698 2794 prae-

195 2844 205 2864 1
233 2842 324 2886 Cap.
357 2844 400 2877 10
428 2854 446 2874 <4
466 2841 512 2876 de
539 2842 623 2876 vita
649 2848 688 2876 et
713 2842 923 2877 honestate
961 2844 1193 2878 clericorum
1215 2860 1227 2873 »
1261 2844 1333 2887 ΠΙ7
1363 2846 1395 2877 l.
1426 2864 1464 2869 —
1496 2843 1508 2864 Ξ
1537 2843 1626 2888 Cap.
1657 2844 1703 2875 3⁴»

84 2906 97 2920 α
118 2890 162 2925 de
190 2889 424 2934 praebendis
450 2896 491 2923 et
517 2889 785 2935 dignitatibus
803 2903 821 2923 >
849 2891 921 2932 111,
950 2892 983 2925 5.

159 2968 256 2997 BLAT
279 2984 297 2990 -
324 2967 448 2995 Comm.
478 2967 562 2995 Teoel.
590 2968 668 2996 Cocl.
692 2967 765 2996 Ima
791 2967 872 2996 Can.
1579 2968 1618 2995 30
