1965 3240
248 132 332 166 Tl'r.
361 131 512 166 XXIII.
539 152 551 157 —
578 131 633 166 De
654 134 818 176 praevia
843 141 1007 165 censura
1035 130 1223 164 librorum
1250 141 1459 174 eorumque
1482 131 1630 174 prohib.
1681 130 1750 164 359

127 255 222 296 tima
247 252 515 308 Superiorum
541 250 750 294 Ecclesiae
784 249 946 293 lieentia
972 265 1010 289 ».
1045 246 1189 300 Quoad
1215 248 1315 291 alias
1341 262 1436 291 vero
1460 250 1628 291 canonis
1663 260 1753 304 par-

130 323 290 379 ticulas,
326 322 389 365 liic
430 338 448 362 «
475 336 522 364 ex
561 324 737 378 receptis
770 320 878 377 apud
915 318 1108 376 probatos
1131 324 1321 362 auctores
1346 318 1754 375 interpretationibus

127 399 186 438 est
220 393 543 437 aestimandus»
583 392 691 449 (ean.
728 393 766 447 (5,
800 405 838 434 n.
874 391 950 441 ⁶2⁰).

248 464 420 507 Decreta
457 462 667 519 generalia
702 465 759 506 sie
792 476 835 505 se
870 461 1019 505 liabent
1056 463 1092 503 in
1128 474 1166 505 n.
1207 476 1225 501 «
1254 461 1318 503 tl.
1355 460 1610 503 l')amnantur
1646 460 1749 503 libri.

129 538 166 579 in
201 534 352 593 quibus
386 534 483 589 Deo,
519 537 587 577 aut
620 534 765 577 lleatae
802 532 958 589 Virgini
994 532 1158 580 Mariae,
1198 532 1259 575 vel
1295 532 1468 581 Sani-tis,
1503 536 1570 574 aut
1605 530 1750 573 11111110-

129 607 231 650 licae
265 605 474 650 Ecclesiae
509 608 680 662 eiusque
704 603 854 657 Cultui,
881 603 943 647 vet
968 604 1261 655 sacramentis,
1280 608 1347 645 aut
1373 602 1634 658 Apostolicae
1658 603 1750 645 50111

128 677 370 722 detrahitur.
396 676 539 719 Eidem
567 675 868 732 reprobationis
892 675 1044 718 iudicio
1067 673 1282 717 subiacent
1305 687 1350 717 ea
1376 687 1513 730 opera,
1541 676 1577 715 in
1603 673 1753 730 quibus

130 749 409 805 inspirationis
441 749 591 790 Sacrae
625 748 862 802 Scripturae
894 749 1119 801 conceptus
1153 747 1417 801 pervertitur,
1452 749 1520 787 aut
1561 746 1649 787 eius
1681 758 1751 787 ex-

129 821 258 863 tensio
280 821 402 861 010115
420 822 655 861 coarctatur
674 834 710 858 ».
746 816 883 860 Canon
919 829 1040 874 quem
1066 819 1399 859 commentamur
1424 817 1460 857 in
1485 814 1751 872 subsequenti

129 904 302 934 numero
341 905 361 930 1(
386 903 434 932 ex
472 893 585 945 parte
610 893 766 931 tantum
791 901 885 931 cum
915 889 1041 930 veteri
1068 889 1156 930 iure
1179 886 1308 943 (nune
1333 886 1479 943 relato)
1503 887 1691 942 congruit
1713 902 1751 938 »,

131 961 264 1020 quoad
301 960 423 1004 aliam
458 965 618 1016 partem
659 958 795 1002 verbis
828 964 945 1001 utens
982 957 1156 1000 multum
1190 957 1366 1000 diversis
1396 970 1561 1000 sensum
1589 956 1748 1000 Decret.

128 1046 268 1090 gener.
304 1045 381 1075 non
416 1030 748 1084 excludentibus,
784 1030 878 1073 binc
910 1031 1064 1086 optime
1097 1028 1340 1085 applicanda
1366 1028 1551 1071 eiusdem
1577 1027 1753 1084 explica-

130 1106 226 1147 tioni
253 1115 397 1146 norma
421 1108 528 1146 ean.⁸
562 1102 599 1143 tii
636 1101 678 1144 30
718 1117 737 1141 «
761 1114 841 1159 qua
866 1102 1069 1156 congruit,
1095 1113 1144 1142 ex
1170 1101 1257 1142 iure
1282 1102 1450 1156 antiquo
1473 1098 1755 1142 aestimandus

128 1180 202 1225 est,
236 1187 315 1232 qua
350 1174 572 1229 discrepat,
596 1177 653 1216 est
678 1186 726 1215 ex
753 1184 824 1215 sua
850 1173 979 1227 ipsius
1001 1173 1202 1213 sententia
1238 1170 1587 1213 diiudicandus».
1615 1169 1753 1227 ltaque

128 1248 177 1289 sit
210 1259 354 1289 sensus
388 1246 557 1288 canonis
589 1243 665 1287 sub
700 1242 758 1285 n.⁰
791 1244 847 1299 (1⁴⁰,
877 1241 1004 1296 Libri,
1030 1246 1072 1285 ut
1107 1243 1221 1284 initio
1245 1245 1339 1284 sunt
1362 1240 1574 1295 declarati,
1609 1240 1648 1297 a)
1683 1241 1755 1299 qui

130 1315 339 1375 quodlibet
373 1330 424 1358 esc
457 1314 677 1358 catholicis
701 1313 963 1371 (lemmatibus
986 1316 1044 1356 sie
1069 1313 1202 1365 dietis,
1227 1317 1430 1370 quatenus
1459 1327 1477 1353 c(
1499 1312 1578 1355 tide
1613 1312 1753 1355 divina

129 1393 169 1432 et
192 1387 394 1443 catholiea
419 1386 698 1439 credendis»,
719 1388 770 1429 ita
797 1390 931 1428 tamen
957 1389 999 1428 ut
1028 1383 1274 1427 «declarata
1299 1396 1369 1426 seu
1395 1383 1562 1426 delinita
1587 1383 1755 1439 dogma-

130 1461 211 1503 tice
246 1472 310 1502 res
343 1458 454 1501 nulla
490 1457 757 1513 intelligatur,
791 1458 865 1499 nisi
893 1457 929 1499 id
957 1456 1172 1498 manifeste
1195 1456 1425 1498 constiterit
1448 1470 1467 1495 ›)
1497 1454 1604 1511 (can.
1632 1454 1753 1504 1323,

128 1532 181 1584 {g
218 1530 253 1583 l,
289 1529 346 1587 3),
381 1528 475 1571 111110
509 1541 673 1585 quoque
712 1529 1036 1584 «inspirationis
1058 1526 1207 1569 Sacrae
1230 1526 1468 1581 Scripturae
1493 1530 1752 1580 conceptum.

128 1604 300 1658 eiusque
334 1602 616 1643 extensionem
644 1614 663 1639 1)
703 1601 814 1641 iuxta
850 1597 1151 1641 declarationes
1184 1610 1231 1640 ae
1265 1596 1526 1639 delinitiones
1559 1595 1756 1637 Concilio-

131 1685 219 1716 rum
254 1671 365 1714 'l'rid.
400 1675 439 1714 et
476 1669 675 1723 Vaticani,
714 1683 791 1712 non
835 1669 967 1712 solum
1013 1668 1232 1724 denegant,
1277 1667 1346 1710 sed
1392 1667 1643 1709 disiunctixe
1687 1671 1754 1709 aut

132 1745 294 1801 proprie
328 1742 578 1800 impiiqiiaiil
612 1743 769 1784 ratione
803 1740 954 1797 aliqua,
992 1739 1052 1782 1·οί
1084 1741 1247 1795 satyris,
1284 1743 1537 1793 contemptu,
1573 1737 1757 1780 dicteriis

130 1819 207 1858 010.
240 1812 448 1866 derident,
481 1817 522 1855 et
554 1814 764 1855 enuntiata
798 1810 874 1854 sub
909 1824 946 1854 11.
975 1811 1018 1853 11
1053 1809 1213 1853 1)01·.1·01.
1239 1809 1496 1865 generalium
1534 1808 1611 1851 buc
1646 1822 1756 1851 com-

131 1884 444 1942 prehenduntur
477 1896 556 1940 qua
591 1887 685 1926 sunt
718 1883 768 1926 de
809 1884 906 1938 ipsis
948 1881 1150 1925 catholiea
1195 1881 1402 1936 dogmata,
1442 1894 1476 1922 r.
1513 1894 1572 1936 gr.
1609 1880 1756 1923 Divina

134 1955 383 2007 Maternitas,
419 1955 459 1998 B.
496 1953 647 1997 Mariae
684 1953 906 2010 Virginitas
940 1956 1154 2010 perpetua,
1188 1952 1327 1994 divina
1374 1950 1583 1994 Ecelesiae
1626 1953 1757 2007 origo,

133 2031 210 2071 etc.
256 2053 308 2057 -—
353 2028 591 2083 Sequuntur
630 2024 810 2068 «libri»
850 2037 897 2067 ex
935 2037 1047 2066 1111111.
1086 2023 1135 2065 14
1184 2022 1374 2065 Deci-01³2
1408 2028 1580 2077 gener.m
1615 2021 1656 2074 b)
1686 2022 1757 2079 qui

130 2111 296 2141 errores
331 2097 392 2140 vel
430 2098 729 2153 propositiones
763 2095 907 2138 saltem
944 2097 998 2138 uti
1023 2107 1218 2137 erroneas
1242 2093 1290 2135 ab
1314 2092 1553 2150 Apostolieu
1580 2092 1683 2135 Sede
1705 2093 1753 2136 ad

132 2182 317 2212 normam
355 2181 445 2212 ean.
470 2168 508 2222 7,
550 2167 673 2224 (quae
713 2166 920 2223 praesidet
961 2171 1031 2209 aut
1064 2166 1281 2209 contii-mat
1326 2164 1507 2207 Concilia
1551 2161 1755 2208 Oecume-

134 2239 258 2296 niea),
282 2241 404 2283 etiam
426 2238 634 2282 mediante
668 2237 807 2295 aliquo
831 2236 980 2281 Curiae
1003 2236 1213 2280 Romanae
1237 2235 1471 2288 ‹ltcasterio,
1499 2237 1753 2290 potissimum

133 2310 357 2367 81101131.ο
388 2311 428 2354 S.
462 2307 613 2357 Officii,
645 2308 908 2366 proscriptos
940 2311 1034 2362 <non
1079 2310 1159 2351 iam
1203 2306 1254 2350 ab
1296 2306 1434 2363 aliquo
1473 2303 1756 2349 Oecumenico

131 2380 326 2435 Concilio,
359 2384 455 2439 quia
490 2385 586 2424 tunc
620 2385 727 2424 esset
749 2379 952 2424 catholica
976 2379 1170 2436 dogmata
1197 2381 1457 2435 impugnare,
1477 2390 1569 2421 nam
1597 2382 1637 2419 ut
1663 2376 1755 2419 bae-

132 2454 282 2496 reticos
313 2452 512 2495 damnare
545 2451 677 2495 solent
711 2453 797 2507 ipsa
830 2448 1012 2494 Concilia
1047 2453 1224 2502 errores)
1249 2454 1431 2491 laminir.
1456 2447 1543 2491 Non
1569 2447 1756 2491 aliterue

134 2525 211 2566 fert
245 2524 455 2579 responsio
503 2522 541 2565 S,
577 2520 745 2578 Congi·.⁵
778 2521 930 2565 lndicis
953 2522 964 2543 1
1000 2521 1049 2564 ad
1086 2522 1342 2578 quaesitum:
1373 2534 1392 2559 «
1417 2519 1477 2561 An
1504 2531 1626 2574 opera
1652 2532 1757 2575 quae

133 2592 336 2650 permulta
370 2598 464 2636 sunt
497 2592 710 2636 erroribus
744 2594 890 2635 inlecta
925 2604 946 2635 a
980 2591 1148 2649 Syllaba
1181 2591 1401 2645 damnatis,
1436 2588 1572 2632 verbis
1604 2594 1678 2632 art.
1708 2589 1752 2631 it

134 2664 338 2722 prohibita
373 2668 634 2715 censeantur,
669 2668 872 2720 quatenus
895 2676 1058 2706 errores
1081 2662 1132 2705 ab
1155 2661 1391 2718 Apostolica
1415 2660 1520 2704 Sede
1543 2660 1760 2703 danmatos

69 2742 71 2745 ’
134 2737 450 2780 continentia».
487 2734 710 2791 Respondit
751 2733 1015 2790 praelaudata
1054 2732 1228 2789 Congr.:
1269 2748 1286 2772 (1
1312 2732 1586 2784 Attirmative,
1619 2732 1650 2772 si
1687 2730 1759 2772 lios

252 2878 262 2899 ¹
289 2877 334 2911 23
360 2876 453 2911 Maii
483 2876 585 2910 1898.
