1965 3240
187 145 254 179 184
558 141 646 175 Lm.
673 140 742 174 III.
770 159 782 164 —
809 140 919 174 PARS
945 139 1015 175 ΠΙ.
1043 160 1054 165 -
1081 139 1138 174 De
1163 139 1273 173 cultu
1299 138 1432 172 divino

185 262 307 321 ferri,
342 264 454 304 iuxta
488 273 572 315 reg.
597 259 650 302 4⁶2
686 260 786 302 iuris
818 261 857 301 in
884 259 949 301 6⁰:
980 258 1308 301 «Aeeessorium
1342 261 1530 299 naturam
1565 257 1679 313 sequi
1714 269 1809 299 eon-

185 335 295 390 gruit
328 330 625 389 principalis»,
648 329 738 372 sine
770 328 1036 386 Apostolieae
1071 326 1189 371 Sedis
1220 326 1441 384 permissu.
1475 326 1662 370 Scilicet:
1697 329 1808 370 eirca

186 402 381 459 reliquias
430 400 604 457 petenda
648 404 755 442 esset
803 399 966 442 lieentia
1010 401 1159 442 Sacrae
1206 396 1332 453 Cong.
1367 396 1548 451 Rituum,
1590 399 1686 454 quia
1724 412 1744 437 ((
1762 409 1810 440 ea

185 475 322 516 omnia
355 474 452 528 agit,
487 484 591 529 quae
639 471 688 514 ad
733 482 872 514 sacras
917 469 1110 526 reliquias
1153 481 1319 525 quoquo
1364 467 1486 510 modo
1530 468 1806 510 referuntur»

185 542 294 599 (ean.
330 542 425 597 253,
460 544 484 595 ξ
518 541 575 598 3),
609 541 680 584 sed
725 554 798 597 pro
839 539 1132 583 transferendis
1179 538 1239 581 vel
1285 538 1513 581 alienandis
1547 537 1810 594 imaginibus,

185 616 260 657 etsi
299 629 317 654 (c
339 625 486 669 magna
521 612 659 669 populi
696 613 1000 654 veneratione»
1029 609 1320 666 gaudentibus,
1346 622 1423 651 non
1458 614 1564 652 esset
1595 609 1633 652 S.
1659 607 1809 664 Congr.

184 683 388 736 adeunda,
413 685 507 740 quia
547 684 648 725 «ius
681 694 760 724 non
795 680 918 724 habet
954 680 1119 723 videndi
1155 684 1194 723 et
1226 679 1431 722 statuendi
1465 691 1571 735 quae
1605 678 1725 722 latius
1757 679 1807 722 ad

184 766 323 797 saeros
356 756 457 797 ritus
491 754 782 805 reseruntur»,
819 752 926 808 (ean.
964 751 1061 805 ⁶253,
1094 753 1118 804 ἓ
1156 750 1209 807 1),
1243 750 1313 794 sed
1348 751 1386 794 S.
1421 748 1570 806 Congr.
1604 749 1727 794 Cone.
1762 763 1811 793 eo

184 825 293 882 quod
333 827 501 880 «ipsius
533 828 593 867 est
626 823 831 865 moderari
867 834 972 880 quae
1008 821 1111 865 bona
1142 821 1433 874 ecclesiastiea,
1468 819 1635 864 mobilia
1667 825 1707 863 et
1739 822 1812 863 im-

185 895 352 939 mobilia
385 897 630 951 attingunt»
669 893 777 951 (ean.
811 893 908 946 250,
943 896 967 947 ἓ
1002 892 1061 949 ⁶2).

302 967 382 1009 Ait.
407 964 530 1009 Cone.
554 965 688 1007 Trid:
719 980 739 1004 ((
757 965 1001 1008 Sanctorum
1032 977 1126 1007 eum
1150 961 1311 1007 Christo
1335 965 1596 1019 regnantium
1620 974 1810 1019 corpora7

184 1049 289 1094 quae
325 1039 420 1079 viva
455 1035 641 1079 membra
686 1036 851 1078 fuerunt
881 1033 1045 1084 Christi,
1079 1039 1118 1077 et
1162 1033 1361 1089 templum
1395 1033 1571 1089 Spiritus
1613 1034 1808 1087 δῃοῦν..

186 1108 423 1151 veneranda
456 1120 601 1150 esse».
628 1105 732 1149 Hine
755 1107 943 1162 sequitur
976 1118 1044 1148 eas
1076 1117 1297 1161 corporum
1325 1109 1459 1160 partes
1484 1105 1629 1160 potiori
1653 1106 1812 1147 ratione

176 1179 443 1222 'venerandas
466 1191 554 1221 esse
591 1191 664 1233 per
686 1189 789 1234 quas
824 1178 1043 1233 praecipue
1066 1177 1293 1219 sanctitatis
1325 1174 1655 1231 supernaturalia
1685 1187 1810 1230 opera

184 1251 365 1292 exercita
399 1253 506 1302 sunt,
535 1248 596 1291 vel
621 1250 718 1305 quia
748 1250 879 1303 magis
906 1246 1103 1290 voluntati
1127 1246 1306 1299 subdita,
1334 1245 1395 1288 vel
1420 1247 1516 1302 quia
1540 1248 1810 1301 praecipuum

184 1319 336 1363 habent
371 1320 572 1362 inssuxum
607 1321 644 1361 in
669 1317 926 1374 singulorum
963 1317 1191 1360 naturalem
1230 1319 1369 1359 vitam.
1396 1315 1537 1359 Merito
1572 1318 1697 1372 igitur
1729 1316 1810 1358 duo

183 1390 220 1433 S.
256 1389 301 1433 R.
336 1388 378 1433 C.
412 1389 578 1432 decreta
610 1388 621 1411 ¹
656 1388 936 1444 complectens
969 1380 1093 1431 edicit
1126 1387 1153 1444 ἓ
1185 1389 1228 1430 ’2.
1262 1385 1467 1444 InsiyrieS,
1501 1386 1550 1429 ad
1588 1391 1739 1442 praec.s
1769 1385 1810 1443 §³

184 1462 484 1516 praescriptum
519 1464 558 1502 et
591 1459 802 1514 liturgioas
837 1458 947 1515 leges
983 1458 1091 1515 quod
1126 1460 1284 1512 attinet,
1319 1457 1567 1501 Sanctorum
1604 1456 1667 1499 vel
1707 1455 1809 1498 Bea-

186 1536 321 1573 torum
356 1532 534 1587 proprie,
575 1545 593 1570 ((
618 1543 721 1587 quos
758 1529 870 1572 oultu
920 1529 1085 1585 publico
1132 1531 1319 1571 venerari
1370 1528 1501 1571 lieet»
1540 1528 1645 1585 (ean.
1685 1527 1811 1581 1277,

182 1602 210 1659 ξ
246 1601 303 1658 1),
336 1600 544 1658 reliquiae
585 1606 682 1643 sunt
715 1600 754 1657 a)
788 1614 951 1657 σον-ρας,
988 1605 1029 1643 ut
1075 1604 1195 1655 patet,
1233 1599 1276 1654 b)
1310 1604 1447 1656 caput,
1482 1603 1675 1656 tanquam
1720 1611 1813 1641 een-

183 1678 293 1716 trum
327 1671 483 1715 habens
517 1676 701 1715 motuum
737 1684 784 1714 ao
817 1685 1027 1726 sensuum,
1061 1672 1098 1726 e)
1137 1669 1354 1713 braeltiwn
1389 1672 1552 1726 proprie
1584 1673 1809 1725 sumptum⁷

184 1743 251 1787 vel
269 1745 393 1786 etiam
412 1745 552 1786 stricte
576 1742 627 1786 ob
646 1747 883 1786 contextum
915 1754 1021 1798 «pro
1047 1746 1161 1797 parte
1180 1740 1288 1784 illius
1305 1742 1547 1796 superiori»
1570 1740 1598 1794 ²,
1619 1755 1639 1780 ((
1658 1740 1699 1792 d)
1717 1752 1812 1795 pars

184 1816 365 1857 anterior
400 1813 569 1867 brachii,
595 1825 700 1870 quae
735 1811 1046 1855 cmlibraclziecm
1079 1812 1244 1861 dieitur,
1268 1810 1319 1854 ab
1352 1811 1430 1854 alia
1465 1815 1579 1867 parte
1605 1812 1807 1866 superiori

184 1885 371 1929 eiusdem
407 1884 564 1928 brachii
598 1888 826 1939 separata»
855 1883 950 1939 (loe.
976 1885 1041 1926 eii.
1068 1882 1118 1926 ad
1154 1882 1200 1940 1),
1225 1882 1264 1939 e)
1288 1895 1371 1938 eor,
1396 1885 1535 1938 utpote
1561 1883 1808 1937 principium

187 1958 294 1999 vitae
326 1955 566 2011 corporalis,
593 1954 625 2011 f)
649 1944 812 2011 linqua,
835 1966 940 2011 quae
979 1969 999 1994 ((
1025 1953 1231 1996 modicum
1266 1953 1433 2009 quidem
1470 1951 1703 1995 membrum
1736 1958 1810 2005 est,

184 2032 222 2071 et
256 2040 405 2083 magna
438 2026 602 2070 exaltat.
640 2026 680 2069 Si
714 2028 806 2083 quis
840 2028 877 2068 in
917 2025 1041 2068 verbo
1077 2038 1153 2068 non
1189 2024 1370 2079 offendit,
1412 2023 1476 2067 hio
1511 2024 1717 2080 perfectus
1750 2028 1810 2066 est

184 2099 262 2141 vir.
296 2097 336 2140 ln
373 2099 458 2153 ipsa
503 2097 669 2139 demum
707 2096 997 2140 benediximus
1032 2095 1159 2138 Deum
1196 2100 1235 2138 et
1268 2094 1473 2138 Patrem»
1504 2095 1533 2148 3,
1567 2093 1610 2150 g)
1646 2107 1809 2145 manus,

184 2180 289 2225 quae
329 2181 568 2224 «organum
603 2180 893 2223 organorum»
931 2179 951 2209 a
987 2165 1033 2210 D.
1068 2165 1223 2208 Thoma
1256 2179 1349 2208 oum
1384 2164 1602 2208 Aristotele
1639 2169 1811 2207 vocatur

185 2238 236 2282 ob
270 2238 391 2281 huius
426 2237 601 2281 membri
636 2240 945 2293 perfectionem,
971 2237 1071 2280 liaeo
1106 2238 1230 2292 igitur
1264 2238 1338 2279 tria
1363 2235 1524 2292 singula
1553 2237 1623 2278 «si
1658 2248 1707 2278 ex
1735 2237 1807 2277 mi-

184 2309 324 2353 raculo
359 2312 510 2352 intaeta
543 2313 844 2352 conservantur
868 2307 1010 2351 baberi
1044 2307 1195 2351 debent
1219 2310 1274 2350 uti
1312 2307 1510 2363 reliquiae
1535 2308 1715 2366 insignes
1734 2321 1754 2347 »
1779 2306 1808 2360 4,

185 2379 227 2436 b)
258 2393 353 2422 erus
388 2382 424 2422 in
461 2379 620 2422 duabus
652 2381 737 2422 suis
772 2378 969 2434 partibus,
1003 2392 1096 2421 eum
1133 2381 1383 2434 interrogata
1413 2393 1432 2417 ((
1453 2377 1475 2419 ‘2
1511 2376 1572 2419 An
1608 2376 1722 2420 vihta
1756 2379 1807 2420 sit

184 2450 357 2508 reliquia
392 2450 593 2506 Insignis?
617 2450 655 2493 S.
681 2449 725 2492 R.
751 2450 791 2492 (j.
813 2451 826 2471 ³*
852 2450 1083 2505 respondit:
1110 2449 1171 2491 Ad
1208 2448 1231 2491 ⁶2
1266 2451 1418 2504 pariter
1451 2447 1665 2503 Negative,
1698 2449 1809 2490 iuxta

185 2521 385 2564 Rubrieas
419 2523 457 2562 in
492 2519 641 2563 Missali
674 2524 713 2563 et
751 2519 959 2562 Breviario
994 2519 1178 2562 Romano
1212 2521 1495 2575 impressas»,
1530 2522 1569 2560 et
1601 2517 1649 2561 ad
1684 2530 1807 2574 quae-

184 2594 331 2635 situm:
362 2591 462 2634 «An
498 2593 603 2633 inter
636 2593 820 2647 eorporis
854 2592 1075 2646 praecipua
1111 2589 1296 2633 membra
1331 2588 1611 2632 enumeranda
1645 2591 1724 2630 sint
1758 2589 1807 2631 fe-

187 2664 311 2705 moris
344 2675 446 2716 ossa,
483 2666 525 2704 ut
571 2661 694 2704 veluti
742 2661 912 2718 reliquia
958 2663 1128 2716 insignis
1172 2659 1409 2704 habeatur»
1447 2660 1570 2702 Sacra
1604 2658 1805 2714 Congreg.

304 2793 313 2813 1
344 2791 483 2826 Urbis:
511 2792 533 2824 8
559 2790 651 2835 Apr.
683 2791 785 2832 1628,
812 2790 845 2823 3.
877 2802 912 2824 n.
942 2790 1010 2823 460
1047 2795 1086 2823 et
1120 2789 1239 2824 Urbis
1275 2793 1315 2823 et
1350 2788 1480 2823 Orbis:
1507 2789 1552 2822 27
1586 2788 1674 2822 Iun.
1706 2787 1807 2827 1899,

186 2850 224 2873 n.
253 2840 356 2872 4041.
386 2859 425 2863 —-
454 2839 466 2860 2
494 2838 570 2872 eit.
600 2838 700 2872 (196.υ
726 2849 764 2871 n.
794 2838 884 2871 4041
913 2837 959 2870 ad
986 2837 1035 2870 Π.
1079 2857 1121 2861 --
1159 2837 1173 2858 3
1204 2837 1279 2871 Iac.
1308 2836 1381 2877 ΙΙΙ,
1410 2837 1441 2877 5,
1467 2837 1502 2877 2,
1531 2836 1564 2869 9.
1606 2856 1648 2860 ——
1686 2835 1700 2856 4
1727 2834 1803 2868 Cit.

186 2886 297 2920 Deos*
323 2898 361 2920 n.
390 2887 480 2919 4041
508 2885 554 2919 ad
581 2885 651 2918 III.
682 2905 723 2909 —
753 2886 765 2905 ὖ
791 2885 812 2918 3
838 2884 927 2918 Iun.
954 2885 1057 2924 1662,
1086 2895 1124 2917 n.
1156 2883 1258 2917 1234.
