1965 3240
162 162 231 197 484
290 161 375 194 Lm.
404 159 475 192 111.
504 178 516 183 -
544 158 653 192 PARS
679 157 723 191 V.
749 178 763 182 -
791 157 848 192 De
872 156 995 199 benef.
1023 159 1058 191 et
1084 157 1210 190 instit.
1239 156 1366 208 eccles.
1394 165 1475 189 uon
1501 155 1630 199 colleq.

162 281 316 324 siastici
349 277 425 321 sub
456 276 544 335 §L
564 281 671 320 can.⁶
693 281 859 332 praec.⁸,
885 275 982 333 pius
1014 273 1233 332 fundator,
1266 275 1326 316 sic
1361 272 1497 316 dictus
1529 276 1668 329 utpote
1699 286 1791 328 sup-

164 350 352 408 peditans
396 349 580 391 instituto
624 349 872 401 necessaria,
903 349 1100 388 accurate
1131 342 1341 387 describat
1373 342 1424 386 ob
1459 342 1582 386 huius
1622 344 1792 386 canonis

166 421 466 477 praescriptum
501 417 542 474 a)
577 421 707 460 totam
739 404 930 459 iustituti
962 413 1472 471 constitutionem,quoad
1512 415 1600 457 eius
1642 418 1792 470 partes,

166 490 287 548 finem
327 491 499 533 instituti
545 489 774 544 proprium,
807 486 1065 530 dotationem
1108 498 1180 528 seu
1224 483 1330 528 bona
1375 482 1543 528 mobilia
1576 488 1616 527 et
1648 485 1792 526 immo-

166 561 279 615 bilia,
312 572 418 616 quae
453 561 527 616 ipsi
563 557 764 612 attribuit,
797 555 1224 610 admiuistrationem,
1244 567 1415 611 nempe:
1459 567 1533 610 per
1567 565 1670 611 quas
1704 566 1793 610 per-

165 643 286 675 sonas
318 634 357 674 et
389 642 470 687 quo
509 628 631 672 modo
664 630 716 671 sit
747 627 942 684 gerenda,
973 631 1012 669 el
1046 626 1241 681 idipsum,
1274 624 1409 682 quoad
1443 623 1642 681 reyimeu,
1676 637 1795 666 usum

166 700 379 744 redituum
411 701 578 743 forsitan
616 712 690 755 pro
725 698 905 741 (liversis
937 710 1083 740 eorum
1121 694 1318 752 partibus,
1353 699 1392 737 et
1423 693 1721 737 successionem
1753 687 1797 737 in

168 770 273 815 bona
307 772 426 822 dotis,
459 784 532 814 seu
573 772 638 813 cui
686 769 879 812 adveniet
924 780 1068 811 eornm
1109 767 1341 810 dominium
1375 779 1474 808 casu
1507 763 1800 808 eoestiuctiouis

170 845 300 886 iustae
335 841 399 885 vel
436 843 611 884 iniustae
644 839 780 898 ipsius
814 837 1017 883 instituti.

287 915 311 967 ἓ
349 915 391 955 2.
438 899 713 955 Huiusmodi⁸
741 909 909 953 tabulae
954 922 1025 952 seu
1075 910 1307 964 scripturae
1358 906 1519 964 duplici
1569 905 1800 964 exemplari

169 983 407 1027 authentico
443 981 724 1038 conficiendae
756 986 853 1023 suut
886 994 935 1023 ex
977 981 1147 1023 canonis
1192 979 1462 1034 praescripto,
1495 990 1671 1035 quorum
1703 975 1805 1019 alte-

169 1067 261 1096 rum
296 1053 340 1096 iu
375 1051 547 1095 archivo
581 1051 785 1106 instituti,
818 1051 914 1093 binc
949 1050 1252 1106 praesuppositi
1296 1048 1431 1105 quoad
1475 1049 1803 1096 coexistentiam,

171 1124 352 1168 alterum
399 1124 441 1166 iu
490 1122 660 1166 archivo
717 1122 872 1166 Curiae
917 1134 988 1164 sen
1041 1120 1334 1163 «dioecesano
1358 1135 1378 1160 ›)
1432 1118 1540 1176 (can.
1590 1117 1692 1174 375)
1739 1132 1803 1161 re-

171 1200 372 1253 ponatur.

291 1266 389 1310 400.
427 1267 499 1312 De
543 1267 827 1311 visitatione
870 1266 1042 1310 horum
1086 1260 1419 1308 institutorum
1463 1261 1652 1304 decrevit
1684 1259 1806 1305 Conc.

174 1336 288 1380 Trid.
308 1338 347 1381 ¹:
386 1335 668 1392 «Episcopi...
702 1334 881 1378 habeant
905 1337 967 1377 ius
995 1333 1186 1377 visitandi
1223 1332 1455 1389 hospitalia,
1481 1332 1654 1388 collegia
1688 1344 1810 1389 quae-

176 1421 356 1465 cumque
390 1420 438 1450 ac
473 1407 834 1450 confraternitates
858 1405 1073 1459 laicorum,
1098 1406 1220 1447 etiam
1257 1415 1360 1459 quas
1392 1402 1569 1454 scholas,
1592 1405 1681 1446 sive
1714 1415 1810 1459 quo-

176 1492 356 1536 cumque
391 1478 470 1521 alio
503 1479 670 1520 nomine
707 1480 877 1529 vocant;
912 1489 992 1519 non
1033 1480 1168 1519 tamen
1213 1486 1320 1532 quae
1362 1473 1438 1517 sub
1481 1467 1627 1530 regum
1670 1475 1812 1516 imme-

177 1550 287 1593 diata
323 1550 578 1606 protectione
611 1551 720 1603 sunt,
754 1549 842 1590 sine
876 1559 1019 1590 eorum
1054 1545 1218 1589 licentia
1253 1547 1373 1601 (qnae
1417 1546 1620 1601 exceptio,
1646 1546 1701 1587 uti
1736 1545 1814 1600 pri-

179 1619 379 1676 vilegium
429 1619 569 1676 regale
618 1620 731 1674 viget
774 1617 825 1661 ad
869 1629 1057 1660 normam
1101 1629 1191 1660 can.
1227 1616 1291 1670 4):
1327 1615 1617 1672 eleemosynas
1663 1616 1814 1657 montis

181 1693 358 1748 pietatis,
381 1693 470 1734 sive
504 1689 729 1744 charitatis,
756 1693 796 1732 et.
830 1690 893 1744 pia
929 1687 1016 1731 loca
1051 1689 1202 1739 omnia,
1228 1686 1622 1744 quomodocumque
1656 1698 1812 1728 nuncu-

181 1766 343 1819 pentur,
378 1763 501 1804 etiam
539 1763 572 1803 si
608 1759 917 1815 praedictorum
967 1758 1152 1801 locorum
1203 1769 1302 1800 cura
1337 1756 1386 1800 ad
1422 1756 1548 1800 laicos
1598 1758 1812 1812 pertineat,

181 1837 304 1889 atque
336 1833 482 1875 eadem
508 1833 573 1887 pia
597 1830 686 1873 loca
710 1831 988 1885 exemptionis
1021 1827 1242 1884 privilegio
1275 1829 1352 1870 sint
1389 1828 1569 1880 munita;
1607 1839 1655 1869 ac
1678 1827 1815 1869 omnia

180 1915 286 1960 quae
319 1903 369 1945 ad
405 1901 478 1945 Dei
512 1901 684 1953 cultum,
718 1905 788 1943 aut
821 1901 1054 1943 animarum
1088 1898 1277 1953 salutem,
1312 1911 1383 1941 seu
1420 1910 1622 1954 pauperes
1663 1901 1818 1940 susten-

180 1974 327 2017 tandos
361 1975 544 2016 instituta
577 1976 693 2026 sunt,
728 1973 802 2028 ipsi
838 1984 887 2014 ex
922 1971 1057 2014 officio
1089 1983 1177 2025 suo,
1218 1972 1332 2012 iuxta
1364 1981 1577 2012 sacrorum
1611 1979 1814 2011 canonum

184 2048 348 2098 statuta,
395 2048 662 2100 cognoscant,
695 2047 733 2086 et
768 2046 1071 2099 exsequantur,
1112 2053 1192 2083 non
1247 2038 1525 2094 obstantibus,
1557 2050 1821 2096 quacumque
1883 2095 1885 2099 Ι

185 2115 487 2159 consuetudine
521 2116 645 2157 etiam
678 2111 1015 2163 immemorabili,
1051 2111 1285 2168 privilegio,
1317 2114 1387 2154 aut
1419 2114 1631 2153 statuto».

305 2185 392 2229 Hoc
431 2201 451 2227 ((
476 2187 539 2228 ius
575 2189 692 2228 vetus
730 2197 779 2227 ex
825 2185 986 2239 integro
1031 2183 1199 2226 refert»
1245 2181 1356 2237 (can.
1390 2181 1428 2237 6,
1464 2180 1526 2237 2⁰)
1563 2194 1653 2223 cau.
1687 2178 1820 2223 1491.
1863 2159 1897 2240 'J
1937 2192 1940 2245 j

186 2258 211 2310 ἓ
244 2254 412 2306 111οοὶ
449 2254 709 2299 Ordiuarius
751 2253 860 2310 (can.
896 2254 994 2308 198,
1026 2255 1051 2307 ᾖ
1085 2252 1128 2310 2)
1163 2251 1304 2295 onmia
1350 2250 1590 2294 huiusmodi
1631 2264 1703 2294 seu
1746 2249 1822 2293 sub

184 2329 210 2381 g
244 2327 286 2369 10
319 2326 531 2379 instituta,
570 2325 633 2369 vel
686 2324 819 2368 solum
870 2323 1098 2381 approbata
1149 2326 1261 2366 iuxta
1294 2322 1322 2381 ξ
1359 2322 1382 2365 2
1433 2327 1541 2365 can.⁸
1583 2321 1709 2373 1489,
1753 2325 1823 2367 aut

186 2397 314 2440 etiam
346 2397 388 2440 iu
422 2410 646 2454 personam
678 2395 877 2438 moralem
906 2410 927 2436 ((
955 2408 1027 2451 per
1049 2394 1168 2454 illiusv
1192 2393 1363 2436 tormale
1404 2393 1664 2436 decretum»
1687 2396 1824 2434 erecta
1938 2404 1941 2446 3

187 2470 270 2510 imo
303 2472 342 2510 et
376 2467 519 2525 quovis
550 2465 669 2510 modo
704 2468 742 2508 in
781 2468 927 2521 seipsis
969 2470 1160 2523 eoeempla
1192 2463 1244 2507 ab
1282 2463 1391 2507 illius
1441 2463 1740 2516 iurisdictione,
1772 2461 1826 2505 vi-

186 2538 320 2581 sitare
351 2542 490 2596 potest
522 2542 560 2580 et
593 2535 724 2591 debet,
757 2539 834 2579 nisi
867 2537 1075 2592 exemptio
1118 2535 1168 2579 ad
1208 2534 1342 2597 alium
1390 2533 1624 2577 Praelatum
1668 2533 1826 2576 deserat

187 2622 383 2665 expresse
418 2608 654 2652 huiusmodi
691 2609 980 2650 visitationem.

305 2682 330 2733 ἓ
361 2681 405 2724 2.
441 2677 525 2722 lmo
559 2678 655 2721 licet
678 2677 719 2731 a)
743 2677 785 2720 iu
818 2691 1042 2735 personam
1080 2675 1281 2719 moralem
1306 2689 1388 2719 uou
1423 2675 1510 2718 siut
1549 2673 1825 2731 erec-ta,quod
1955 2665 1960 2674 ¹

190 2750 406 2793 contirmat
450 2750 559 2793 dicta
594 2752 632 2792 in
668 2750 967 2792 commentario
1002 2752 1109 2791 can.·
1144 2747 1269 2801 1489,
1302 2746 1329 2804 ἓ
1362 2746 1399 2799 2,
1434 2750 1472 2788 et
1512 2744 1551 2800 b)
1597 2744 1738 2787 domui
1768 2756 1828 2786 re.-
1875 2747 1879 2763 ³

310 2902 319 2922 ¹
351 2900 452 2935 Sess.
481 2901 597 2934 XXII
624 2900 669 2934 de
695 2899 780 2934 Res.
810 2911 889 2944 cap.
915 2900 949 2933 8.
