1965 3240
133 121 203 156 332
230 144 237 156 1
394 122 477 157 LIB.
504 122 577 156 ΙΙΙ.
605 142 618 148 -
645 122 756 157 PARS
781 123 848 158 IV.
877 141 890 148 -
915 123 973 157 De
998 126 1224 167 magisterio
1251 124 1504 158 ecclesiastico

134 255 238 285 cem.
275 241 339 285 vel
389 246 480 298 post
528 241 680 285 librum
730 244 863 298 ipsum
899 245 1043 286 eiusve
1086 247 1237 299 partes,
1268 248 1307 285 et
1349 244 1651 287 commentaria
1692 258 1765 289 seu

132 311 444 369 explanationes
477 325 571 356 cum
607 312 699 356 aliis
731 313 866 356 forsan
902 312 1254 356 adiunctionibus.

251 384 262 405 ¹
297 383 345 425 9⁰
379 381 498 425 Libri
545 396 668 426 sensu
718 384 896 427 iuridico
928 384 977 426 ad
1027 396 1214 426 normam
1260 396 1349 428 can.
1385 384 1513 439 1384,
1558 387 1583 439 ἓ
1627 386 1665 442 ⁶2,
1698 386 1771 444 qai

135 457 396 510 «spectant»
436 455 603 504 ratione
642 454 855 498 doctrinae
901 456 1083 510 ipsorum
1124 453 1164 511 a)
1199 453 1366 497 divinas
1399 455 1648 513 Scripturas
1690 456 1767 500 sub

130 523 188 566 n.⁰
224 523 266 566 1Ο
299 523 543 579 (1661313135,
578 524 705 568 1(1651;
755 527 823 581 qui
858 529 987 581 agunt
1035 525 1086 568 de
1133 538 1276 568 earum
1310 528 1496 582 exegesi,
1541 526 1594 570 de
1638 527 1766 570 intro-

131 595 324 638 ductione
358 597 396 637 in
431 607 500 638 eas
532 595 715 651 generali
750 600 819 639 aut
853 595 1023 651 speciali
1058 597 1096 638 in
1132 595 1317 652 singulos
1361 596 1502 651 libros,
1536 599 1606 654 qui
1640 600 1766 641 conti-

130 671 227 709 nent
261 665 553 722 prolegomena
587 668 785 722 ipsarum,
816 666 878 709 vel
903 666 954 709 de
987 670 1102 709 textu
1138 669 1383 723 primigenio
1408 673 1475 711 aut
1503 668 1766 712 versionibus

129 736 166 781 S.
201 737 440 793 Scripturae
464 741 604 792 agunt,
632 736 672 793 11)
697 750 864 779 sacram
898 735 1168 794 tlieoloyiam,
1193 736 1269 780 1106
1293 742 1375 781 651;
1406 737 1498 782 libri
1532 738 1762 795 theologiae

129 807 466 861 fundamentalis,
499 812 569 850 aut.
602 807 876 863 dogmaticae,
911 812 980 851 aut
1014 807 1196 862 moralis,
1228 813 1297 851 aut
1329 811 1547 865 asceticae,
1573 815 1643 853 aut
1676 823 1764 866 my-

129 881 269 929 sticae,
303 883 371 921 aut
403 878 556 934 singuli
602 883 801 922 tractatus
847 881 1053 934 ipsarum,
1088 878 1128 936 c)
1163 878 1387 922 historiam
1419 879 1761 932 ecclesiasticam,

133 949 195 993 vel
229 949 484 1006 generalem,
516 949 579 992 vel
616 949 909 1006 particularem
940 950 991 992 de
1013 947 1221 1002 Conciliis‚
1243 950 1294 993 de
1317 951 1383 995 SS.
1407 951 1685 1005 Pontificibus,
1710 952 1761 995 de

128 1021 167 1065 S.
201 1020 247 1064 R.
281 1020 326 1063 E.
360 1019 664 1067 Cardinalibus,
698 1020 748 1063 de
781 1020 1011 1077 Episcopis,
1046 1021 1096 1063 de
1139 1020 1394 1075 haeresibus,
1428 1022 1479 1065 (16
1511 1025 1676 1072 53116115,
1710 1022 1761 1066 (16

127 1090 343 1150 ordinibus
378 1086 595 1147 religiosis,
629 1096 730 1145 etc.;
766 1091 807 1138 df
845 1091 911 1134 ias
943 1092 1204 1148 canonicum,
1238 1091 1315 1135 1166
1348 1097 1430 1135 651;
1467 1092 1558 1136 libri
1597 1093 1646 1136 de
1679 1094 1763 1136 fon-

127 1161 236 1205 tibus
284 1163 424 1217 ipsius,
457 1162 509 1205 de
558 1175 610 1205 55.
645 1161 887 1215 canonibus,
922 1162 972 1205 de
1006 1175 1148 1205 eorum
1198 1165 1378 1218 exegesi,
1412 1165 1533 1206 etiam
1579 1164 1629 1207 de
1673 1167 1761 1208 iure

128 1231 293 1288 publico
327 1231 626 1283 ecclesiastico,
662 1237 732 1276 aut
773 1233 979 1275 criminali
1027 1232 1246 1289 poenalive
1294 1232 1520 1286 Ecclesiae,
1554 1236 1636 1277 imo
1679 1239 1759 1278 tra-

127 1308 260 1347 ctatus
304 1303 598 1359 particulares:
635 1303 675 1360 e)
710 1302 963 1361 tlieoloyiam
1009 1303 1264 1357 naturalem,
1298 1317 1470 1361 nempe:
1517 1305 1759 1349 rationalem

129 1373 429 1430 philosophiam
462 1374 514 1417 (16
548 1373 659 1425 1)60;
695 1375 728 1431 f)
763 1373 940 1428 etliiceii,
976 1374 1190 1418 videlicet:
1232 1374 1532 1432 philosophiam
1578 1376 1630 1419 de
1676 1390 1758 1419 mo-

129 1443 254 1490 ribus.
280 1445 330 1488 de
366 1447 452 1488 iure
487 1445 734 1488 individuali
770 1457 818 1489 36
843 1445 998 1499 sociali,
1023 1445 1273 1502 additurque
1303 1445 1508 1498 clausula;
1534 1446 1576 1503 g)
1601 1447 1764 1490 aliasve

129 1514 368 1558 huiusmodi
402 1515 626 1572 reliyiosas
659 1530 708 1558 ac
742 1515 921 1559 morales
954 1515 1207 1573 disciplinas
1239 1522 1443 1574 spectant,
1468 1530 1548 1574 qua
1582 1517 1761 1574 comple-

127 1579 294 1629 ctuntur
323 1586 414 1629 libri
451 1589 608 1629 ratione
632 1586 782 1630 obiecti
817 1587 965 1630 affines
998 1587 1221 1643 praedictis
1257 1588 1435 1644 exempli
1471 1601 1593 1631 causa
1621 1602 1759 1632 recen—

126 1659 226 1707 sitis,
260 1660 378 1700 sicuti
415 1656 530 1712 liber,
566 1660 636 1714 qui
670 1671 718 1700 ex
755 1658 835 1701 tine
869 1657 1061 1714 religioso
1095 1664 1163 1701 aut
1198 1658 1357 1712 morali,
1381 1672 1459 1701 non
1495 1673 1606 1703 mere
1641 1673 1760 1703 oeco—

127 1731 288 1771 nomico
331 1727 393 1771 vel
430 1728 598 1784 politico
642 1733 789 1772 tractat
824 1729 874 1772 de
913 1731 1082 1772 scientia
1116 1730 1271 1785 sociali,
1307 1734 1403 1786 puta
1438 1731 1758 1774 commentando

131 1797 343 1842 «Not-mas
376 1799 705 1843 fundamentales
737 1802 910 1843 actionis
957 1800 1167 1857 popularis
1200 1800 1492 1844 christianae»
1542 1801 1672 1844 editas
1721 1803 1758 1844 in

127 1868 234 1912 Motu
271 1883 331 1925 pr.
369 1870 424 1912 Pii
458 1871 499 1911 X
524 1869 551 1912 ².

243 1941 439 1997 Sequitur
470 1940 547 1983 sub
582 1954 617 1983 11.
676 1940 742 1983 20:
778 1940 877 1983 libri
909 1944 1050 1984 stricto
1083 1954 1219 1994 sensu,
1242 1954 1335 1985 nam
1360 1942 1573 1986 adduntur
1593 1943 1756 1986 «solum-

127 2011 248 2054 modo
283 2010 416 2054 libelli
449 2011 500 2055 ob
534 2014 785 2068 parvitatem
821 2009 1059 2055 consuetam
1110 2015 1146 2055 in
1192 2012 1254 2055 his
1288 2012 1328 2069 a)
1359 2027 1543 2070 precam,
1577 2016 1673 2071 quia
1706 2015 1756 2057 ad

124 2081 438 2138 deprecationes
470 2083 676 2137 destinati,
711 2082 866 2140 aliique
900 2083 1020 2126 utiles
1053 2097 1127 2140 pro
1172 2083 1368 2127 fidelibus
1400 2084 1670 2141 spiritualiter
1703 2085 1759 2127 so-

128 2152 284 2204 16111115Ὶ
318 2165 365 2195 36
402 2158 603 2196 vocantur
638 2152 680 2210 11)
713 2153 961 2205 devotionis,
997 2153 1057 2196 rel
1099 2156 1366 2209 instruemlis,
1402 2155 1579 2211 proinde
1619 2155 1759 2212 appel-

124 2222 191 2265 lati
226 2221 447 2265 doctrinae
479 2235 527 2266 36
561 2229 728 2280 propter
763 2224 931 2267 modum
968 2224 1350 2282 institutionisque,
1373 2227 1480 2268 sicut
1505 2230 1671 2281 propter
1695 2238 1759 2281 pe—

121 2292 319 2336 culiarem
354 2292 563 2337 obiectum
598 2299 797 2338 tractatus
829 2297 866 2347 6)
900 2294 1144 2352 reliyiosae.
1171 2295 1215 2352 d)
1242 2295 1415 2338 moralis
1438 2295 1573 2353 quoad
1599 2295 1754 2339 licitum

123 2376 170 2407 ac
202 2363 390 2407 illicitum
432 2366 468 2406 in
514 2364 761 2420 actionibus,
797 2365 836 2422 e)
872 2365 1094 2420 asceticae,
1129 2379 1201 2409 seu
1234 2366 1284 2409 ad
1320 2367 1585 2422 perfectionis
1617 2368 1757 2422 acqui-

122 2436 311 2477 sitionem
348 2448 420 2490 per
454 2437 642 2483 virtutes,
677 2435 706 2492 1)
742 2435 946 2494 vmysticae
990 2436 1041 2479 de
1092 2436 1270 2479 ‹lix-ersis
1313 2438 1509 2480 0131101115
1546 2436 1758 2493 gradibus,

122 2507 161 2559 g)
194 2504 354 2562 aliique
380 2504 634 2557 huiusmodi,
660 2519 737 2548 non
766 2505 857 2550 libri
883 2508 994 2550 circa
1018 2507 1187 2550 easdem
1218 2509 1387 2564 spiritus
1412 2509 1605 2550 materias
1627 2509 1759 2550 scien-

124 2576 231 2619 111166
266 2580 474 2631 tractatas,
500 2589 575 2620 1166
610 2576 666 2619 1111
695 2579 939 2620 eximuntur
972 2590 994 2620 a
1028 2590 1228 2632 censura,
1252 2578 1439 2635 quatieris
1462 2577 1518 2621 acl
1538 2576 1759 2635 soz-emtam

117 2646 315 2704 pietatem
351 2651 464 2690 certo
498 2646 734 2690 conducere
767 2647 1006 2692 videantur.

240 2716 414 2759 Demum
439 2717 629 2761 additur:
665 2732 714 2760 ac
743 2718 1014 2775 yeneraliter
1045 2719 1221 2776 scripta,
1243 2722 1331 2763 sine
1354 2719 1633 2772 distinctione,
1657 2733 1753 2763 num

626 1940 640 1961 Ο

241 2823 251 2844 1
279 2822 370 2856 Dec.
400 2834 489 2867 gen.
519 2824 641 2857 num.i
675 2824 732 2862 41,
769 2824 826 2864 ⁶20,
866 2825 920 2858 15.
959 2845 1001 2848 —
1037 2824 1050 2846 ‘3
1092 2825 1132 2858 18
1166 2825 1256 2859 Dec.
1296 2825 1404 2865 1903,
1434 2824 1534 2858 Acta
1561 2824 1598 2858 S.
1629 2824 1752 2868 Sedis,

123 2868 310 2912 XXXVI,
339 2869 422 2903 339.
