1965 3240
561 189 644 224 Trr.
674 189 801 224 XXX.
830 210 843 215 -
869 189 926 225 De
946 192 1030 235 piis
1054 189 1362 233 fundationibus
1706 193 1776 228 579

150 316 317 368 petuum
353 313 542 367 imposita
589 315 696 362 sunt,
730 309 968 353 sacerdotes
1001 311 1039 352 in
1089 312 1160 363 eis,
1196 315 1239 353 ut
1273 323 1346 367 par
1393 316 1467 365 est,
1500 311 1778 368 adimplendis

148 382 371 439 tepidiores
403 394 450 425 ac
483 383 696 438 segniores
730 380 968 434 reddantur,
992 381 1102 437 quod
1137 393 1262 424 onera
1286 380 1522 425 huiusmodi
1547 396 1640 426 cum
1667 383 1776 427 nulla

149 457 219 496 aut
252 465 380 508 parva
413 454 493 495 sint
527 452 703 495 utilitate
726 453 960 505 coniuncta,
984 453 1125 494 statuit
1148 456 1271 508 atque
1294 452 1481 496 decernit
1504 469 1542 507 n,
1577 453 1776 510 quemad-

149 523 316 566 modum
351 537 443 567 ean.
480 525 612 565 1547.
648 548 700 552 —
738 521 919 564 Pecunia
954 523 992 563 in
1028 524 1209 565 nummis
1246 522 1306 565 vel
1344 525 1524 579 papyris,
1565 537 1643 567 non
1678 538 1777 568 vero

147 593 400 650 syngrapha,
424 599 464 636 et
497 593 601 636 bona
633 598 792 636 tantum
829 591 1011 647 mobilia,
1037 591 1270 635 dotationis
1303 594 1470 636 nomine
1505 597 1593 650 piae
1632 596 1776 639 funda-

146 666 245 707 tioni
290 665 526 721 assiqmzta,
559 668 598 707 et
646 676 666 707 a
713 676 885 720 persona
931 662 1075 706 morali
1119 664 1390 720 acquirenda,
1422 665 1565 707 statim
1606 679 1671 709 «a
1710 666 1776 710 die

147 734 270 778 realis
302 736 631 792 acquisitionis»
670 734 714 777 in
752 733 840 777 loco
875 739 962 777 tuto
989 747 1026 778 v.
1050 747 1111 790 gr.
1140 747 1305 790 «penes
1338 735 1482 779 aedem
1507 749 1682 791 sacram,
1711 737 1776 781 vel

147 818 364 862 personam
400 805 481 849 fide
514 810 553 848 et
586 804 852 849 facultatibus
887 804 1122 848 idoneam»
1161 804 1210 847 ab
1244 804 1383 849 eodem
1417 805 1650 851 Ordinario
1684 821 1777 851 con-

145 890 311 920 sensum
347 877 471 920 dante
504 875 778 933 (Iesiynanclo,
798 875 1067 933 deponantur
1103 891 1124 916 c(
1147 875 1199 919 ab
1233 878 1281 919 iis
1313 877 1363 920 ad
1399 890 1502 934 quos
1536 880 1776 934 pertinet»,

146 947 202 991 ad
233 961 325 990 enm
357 947 476 1004 finem
509 959 668 990 canone
703 949 1019 1004 praescriptum,
1048 952 1093 989 nt
1127 949 1290 990 interim
1326 947 1467 991 eadem
1499 949 1681 1006 pecnnia
1713 949 1777 993 vel

145 1017 343 1062 bonorum
376 1017 605 1072 mobilium,
639 1031 746 1075 quae
781 1020 1010 1074 prescripto
1044 1020 1145 1061 iuris
1179 1018 1378 1075 implicito
1415 1020 1632 1064 vendenda
1667 1025 1777 1075 sunt,

143 1089 325 1147 pretinm
361 1087 659 1132 custodiantur
696 1093 735 1131 et
779 1088 1089 1146 qnamprimmn
1123 1094 1245 1131 caute
1278 1103 1351 1145 pro
1385 1093 1704 1134 conservatione
1738 1091 1780 1134 il-

146 1159 278 1203 lorum
313 1159 553 1202 et-ntiliter
595 1159 731 1217 quoad
777 1159 935 1202 reditus
976 1171 1136 1203 annuos
1170 1160 1265 1203 inde
1309 1162 1613 1218 percipiendOS,
1647 1161 1687 1219 a)
1721 1176 1779 1205 se-

147 1230 326 1274 cundnm
354 1229 547 1289 prudens
581 1231 708 1274 idest:
736 1232 848 1273 iuxta
884 1230 1049 1287 regulas
1082 1230 1204 1274 huius
1240 1233 1404 1275 virtutis
1438 1235 1631 1289 propriae
1659 1232 1780 1276 Ordi-

142 1301 261 1345 narii
293 1302 497 1345 directum
532 1300 771 1352 arbitrium,
796 1303 860 1345 cui
898 1301 1126 1358 parendum
1161 1307 1233 1357 est,
1259 1301 1302 1359 b)
1326 1302 1488 1346 auditis
1511 1304 1561 1347 ad
1588 1317 1775 1348 normam

145 1385 234 1417 can.
272 1373 371 1426 105,
406 1372 447 1415 1Ο
483 1386 554 1429 pro
601 1372 813 1415 validitate
845 1371 976 1416 solum
1017 1372 1268 1416 «arbitrii»
1306 1387 1356 1417 ex
1390 1379 1604 1429 contextu,
1641 1380 1680 1418 et
1723 1375 1777 1418 iis

145 1457 320 1502 qnorum
354 1444 530 1487 interest
564 1457 736 1500 nempe:
762 1443 980 1487 fundatore
1013 1448 1137 1501 atque
1163 1457 1337 1500 persona
1372 1445 1517 1489 morali
1546 1447 1776 1489 secundum

145 1517 233 1558 eius
266 1527 433 1558 normas
487 1514 548 1558 vel
594 1515 930 1558 administratore
964 1516 1103 1571 ipsius,
1139 1520 1178 1557 et
1220 1514 1467 1559 dioecesano
1501 1515 1777 1560 administra-

146 1585 274 1629 tionis
311 1585 513 1639 Consilio,
548 1585 656 1642 quod
707 1592 766 1628 est
802 1585 1061 1629 moderatum
1100 1599 1171 1642 per
1204 1599 1294 1630 can.
1333 1587 1459 1639 1590,
1495 1587 1621 1641 1521,
1657 1587 1779 1631 eollo-

145 1662 306 1710 eentnr,
332 1656 396 1699 vel
418 1656 678 1700 investiendo
706 1659 965 1713 «pecuniam
985 1661 1024 1700 et
1043 1659 1220 1714 pretium
1240 1673 1261 1698 ))
1291 1660 1329 1701 in
1356 1657 1473 1702 bonis
1496 1658 1779 1703 immobilibus

145 1728 381 1783 fructiferis,
430 1729 550 1770 sicuti
595 1729 799 1783 expressit
842 1730 911 1771 cit.
955 1727 1050 1772 Dec.
1086 1728 1123 1771 S.
1166 1727 1208 1772 C.
1243 1727 1301 1780 C.,
1338 1728 1401 1772 vel
1447 1731 1484 1772 in
1527 1730 1778 1787 syngraphis

144 1797 271 1842 debiti
308 1797 474 1854 publici,
508 1798 655 1841 aliisve
688 1811 794 1855 quae
829 1799 1022 1854 praefatis
1054 1799 1172 1842 bonis
1217 1801 1305 1843 iure
1338 1800 1632 1857 aequipollent,
1656 1801 1698 1858 a)
1733 1801 1778 1844 in

144 1868 401 1912 commodum
433 1867 704 1926 fundationis
747 1869 995 1912 serviendae
1032 1871 1188 1913 ratione
1232 1870 1441 1913 fructuum
1487 1883 1535 1914 ac
1569 1871 1777 1914 redituum

146 1940 273 1983 veluti
308 1953 357 1983 ex
394 1953 436 1983 re
471 1941 637 1996 propria
682 1952 882 1996 personae
916 1940 1085 1983 moralis
1119 1940 1196 1984 hoc
1238 1940 1316 1985 sub
1348 1942 1484 1997 modo,
1521 1942 1778 1999 proindeque

145 2024 236 2053 cnm
269 2024 468 2067 expressa
502 2013 540 2053 in
565 2012 650 2067 ipsa
675 2010 947 2054 collocatione
972 2010 1036 2053 vel
1061 2010 1185 2054 huius
1208 2011 1459 2055 documento
1482 2017 1521 2055 et
1554 2011 1778 2056 individua

143 2094 217 2125 seu
249 2081 504 2124 sufficienter
536 2081 812 2124 determinata
846 2081 1056 2124 mentione
1077 2081 1219 2124 oneris
1254 2095 1326 2138 per
1360 2082 1468 2126 illius
1491 2082 1585 2127 boui
1622 2083 1778 2127 reditus

143 2151 414 2209 adimplendi.
440 2151 547 2195 Hinc
579 2154 768 2209 sequitur
791 2151 992 2208 implicito
1023 2155 1278 2209 praescripto
1302 2154 1410 2210 quod
1436 2153 1604 2197 additur
1627 2156 1665 2197 in
1689 2153 1777 2198 cit.⁰

146 2222 257 2267 Dec.1
291 2223 448 2267 num.“:
488 2223 592 2266 «Ac
625 2225 656 2266 si
691 2223 836 2266 eadem
873 2222 1086 2280 (utsupra
1120 2224 1313 2267 distincta
1347 2224 1459 2282 sunt)
1496 2224 1602 2269 bona
1636 2227 1776 2268 immo·

145 2293 243 2338 bilia
276 2296 522 2338 auctoritate
564 2293 801 2350 Apostolica
850 2296 1033 2347 (omnino
1076 2295 1328 2352 necessaria)
1370 2295 1567 2352 deinceps
1604 2295 1775 2339 alienari

145 2366 379 2421 contigerit,
421 2365 663 2408 eorumdem
709 2366 931 2421 pretium...
967 2365 1132 2421 deponi,
1167 2370 1290 2423 atque
1324 2368 1362 2409 in
1412 2366 1502 2409 aliis
1545 2365 1663 2410 bonis
1701 2371 1776 2409 sta-

145 2431 297 2477 bilibus
330 2434 393 2492 (ut
415 2433 553 2491 antea)
589 2434 729 2478 itidem
766 2435 992 2477 fructiferis
1020 2448 1115 2478 cum
1151 2435 1336 2479 eiusdem
1372 2438 1508 2480 oneris
1532 2437 1777 2492 repetitione

145 2507 268 2560 atque
301 2507 532 2549 annexione
566 2507 753 2549 converti
787 2503 966 2548 debet».
1027 2543 1035 2552 ,

263 2574 360 2619 466.
396 2577 715 2621 Fundationis
747 2577 860 2632 piae
892 2578 1187 2622 documenta
1209 2576 1262 2620 ob
1296 2579 1352 2620 rei
1379 2581 1631 2620 momentum
1660 2588 1774 2632 prae-

145 2643 289 2687 scribit
310 2659 401 2688 can.
426 2648 557 2690 1548.
583 2645 601 2702 ξ
624 2648 657 2688 1.
684 2643 986 2697 Fundationes,
1010 2649 1124 2690 iuxta
1155 2647 1259 2690 tituli
1296 2649 1621 2704 inscriptionem,
1648 2646 1775 2689 etiam

147 2714 237 2756 viva
270 2728 365 2758 voce
394 2714 536 2773 factae
568 2716 704 2773 quoad
739 2727 882 2758 earum
916 2717 1176 2760 conditiones
1209 2730 1256 2760 ac
1287 2730 1425 2770 onera,
1459 2722 1499 2760 et
1530 2719 1775 2773 supponitur

146 2786 199 2828 ita
233 2785 323 2827 lieri
368 2798 499 2842 posse,
533 2791 577 2829 ut
626 2785 804 2837 valeant,
839 2785 996 2844 scripto
1040 2787 1340 2844 consiqnentnr
1370 2788 1563 2845 equidem
1600 2788 1774 2836 faciente

144 2854 271 2898 fidem
305 2857 344 2898 in
380 2861 620 2912 perpetuam
655 2857 714 2898 rei
749 2858 1008 2908 memoriam,
1033 2857 1160 2902 idest:
1185 2871 1206 2901 a
1235 2857 1484 2901 cancellario
1517 2870 1588 2901 seu
1614 2859 1773 2900 notario

145 2925 375 2969 secundum
411 2939 500 2970 can.
537 2926 635 2979 37⁶2,
668 2925 696 2983 ξ
729 2925 768 2982 3,
803 2926 901 2979 373,
936 2928 961 2980 ἐς
1002 2928 1035 2972 l.
