1965 3240
440 144 522 178 Ti‘r.
549 143 677 177 XXV·
704 163 715 168 -
743 142 800 177 De
825 142 1016 186 beneficiis
1042 143 1308 177 ecelesiasticis
1618 143 1686 177 451

59 262 335 322 qualitatibus
368 261 556 306 omnibus
579 264 738 315 aetatis,
761 262 971 315 scientiae,
995 260 1153 303 ordinis
1177 263 1345 317 recepti,
1370 266 1446 305 etc.
1468 260 1684 319 praedita,

58 348 164 392 quae
196 334 289 377 iure
337 337 421 376 tum
471 335 626 389 scripto
675 336 760 375 tum
804 331 1170 375 consuetudinario
1204 345 1277 373 sea
1325 331 1547 386 communi,
1583 332 1686 375 idest

58 407 222 462 proprie
255 403 438 460 generali
474 403 578 460 lege,
612 417 684 445 sea
715 401 927 460 peculiari
970 414 1042 458 pro
1086 401 1335 458 quibusdam
1372 402 1471 445 locis
1507 405 1686 459 vigente,

57 488 163 534 quae
199 474 325 518 verba
359 479 494 517 tamen
532 479 696 536 possent
728 475 860 529 accipi
901 475 1155 516 «communi
1185 488 1205 513 »
1235 472 1427 516 omnibus
1462 473 1685 527 beneficiis,

64 562 84 588 ((
107 560 178 590 seu
214 544 457 602 peculiari»
511 558 583 601 pro
634 544 846 588 beneliciis
893 542 1079 586 eiusdem
1132 545 1300 599 speciei,
1350 544 1420 586 sed
1458 546 1595 587 verior
1628 549 1688 587 est

61 620 191 674 prima
241 618 538 672 interpretatio,
590 614 650 657 vel
701 614 804 672 leqe,
853 613 978 657 idest:
1013 613 1065 656 ol)
1106 633 1120 651 «
1148 614 1408 657 conditiones
1456 614 1581 657 semel
1616 615 1687 657 ad-

63 689 206 731 missas
229 703 248 728 ›
288 689 326 729 in
363 686 503 729 limine
535 684 817 743 fundationis,
853 689 922 728 aut
955 683 1006 728 ab
1040 686 1226 739 erigente
1251 684 1498 728 beneficium
1524 685 1688 728 condita

63 772 135 814 pro
168 757 314 801 eodem
347 756 548 813 singulari
585 756 799 800 beneficio.

180 828 276 871 368.
313 829 599 874 idoneitatis
632 829 860 872 iudicium
892 830 1081 883 spectare
1115 826 1165 869 ad
1200 824 1472 869 ordinarium
1499 828 1586 869 iure
1610 826 1688 869 De-

61 899 274 943 cretalium
311 899 465 956 pluries
497 903 666 942 cautum
702 899 848 952 suerat,
883 902 926 940 ut
960 901 1071 954 patet
1104 910 1152 940 ex
1188 899 1324 941 citatis
1370 897 1564 941 textibus.
1606 897 1690 941 lmo

61 969 186 1015 Cone.
218 970 329 1014 Trid.
363 970 551 1013 decrevit
586 969 622 1011 ²:
663 984 683 1009 «
707 968 794 1012 Non
844 969 966 1012 liceat
1015 973 1229 1024 praeterea
1280 972 1465 1025 patrone,
1504 970 1690 1012 cuiusvis

62 1042 268 1099 privilegii
303 1045 536 1099 praetextu,
571 1041 751 1098 aliquem
786 1040 836 1083 ad
873 1039 1074 1083 beneficia
1107 1041 1168 1082 sui
1195 1044 1448 1096 patronatus,
1484 1042 1560 1083 nisi
1595 1040 1689 1096 Epi-

60 1127 185 1170 scopo
218 1113 296 1157 loci
329 1111 569 1166 Ordinario,
603 1112 653 1156 ad
688 1125 811 1169 quem
861 1113 1056 1168 provisio,
1106 1124 1178 1154 seu
1224 1113 1424 1154 institutio
1459 1113 1586 1168 ipsius
1622 1111 1690 1155 be-

62 1185 210 1239 neticii,
245 1188 432 1227 cessante
467 1181 702 1239 privilegio,
738 1184 825 1225 iure
860 1183 1102 1238 pertineret,
1136 1194 1303 1238 quoquo
1337 1181 1461 1225 modo
1495 1194 1689 1238 praesen-

61 1262 166 1299 tare:
201 1256 302 1299 alias
336 1256 626 1310 praesentatio,
670 1266 717 1296 ac
752 1254 968 1307 institutio,
1013 1253 1147 1295 forsan
1193 1256 1376 1307 secutae,
1419 1251 1558 1296 nullae
1596 1255 1690 1305 sint,

63 1332 101 1370 et
133 1340 222 1370 esse
257 1325 602 1381 intelligantur».
646 1324 759 1368 ltlem
802 1326 864 1367 ius
908 1325 1057 1366 retinet
1090 1337 1179 1365 ean.
1217 1324 1356 1368 1464.
1394 1322 1690 1367 Praesencalio

63 1398 111 1441 ad
147 1409 333 1440 normam
380 1397 718 1452 praecedentium
762 1408 967 1438 canonum
1010 1394 1104 1450 fieri
1146 1393 1261 1437 (lebet
1298 1397 1337 1436 vi
1371 1408 1536 1452 quoque
1570 1394 1692 1439 liuius

64 1470 233 1512 canonis
266 1467 346 1510 loci
383 1466 630 1518 Orclimvrio,
677 1468 860 1523 itemque
905 1467 1208 1521 praescriptum
1248 1470 1330 1508 est:
1375 1465 1494 1508 euius
1536 1471 1597 1508 est
1630 1466 1691 1508 iu-

64 1538 208 1582 dicare
240 1540 530 1582 auctoritative
566 1542 706 1579 ulrum
740 1535 890 1579 idonea
914 1535 969 1578 sit
992 1535 1042 1578 ad
1070 1547 1257 1579 normam
1283 1547 1372 1580 can.
1407 1536 1695 1592 praecedentis

61 1623 242 1667 persona
273 1614 563 1667 praesentata.

181 1679 326 1723 Modus
360 1679 610 1735 procedendi
644 1676 869 1722 Ortlinario
905 1678 1203 1735 praescribitur
1236 1680 1275 1720 in
1308 1678 1336 1736 ξ
1367 1680 1411 1721 2.
1435 1678 1694 1722 Ordinarias

64 1751 115 1794 tle
147 1763 228 1808 quo
263 1752 300 1793 in
335 1751 362 1807 ξ
399 1749 438 1792 1⁰
472 1762 543 1792 seu
583 1765 603 1790 (c
628 1749 705 1792 loci
731 1766 770 1803 ›),
805 1748 861 1791 acl
893 1763 1011 1791 suam
1045 1748 1554 1806 formsmclwniudicium,
1578 1749 1693 1792 (lebet

64 1820 119 1864 ad
152 1834 340 1864 normam
390 1835 480 1863 ean.
533 1823 631 1875 149,
677 1820 835 1864 scilicet
869 1823 906 1862 in
941 1833 1022 1877 quo
1071 1819 1322 1876 generaliter
1355 1820 1406 1863 ‹le
1437 1820 1581 1864 officiis
1613 1826 1692 1863 sla-

65 1895 213 1936 tuitur:
253 1908 272 1933 (
295 1894 418 1936 etiam
455 1905 527 1949 per
560 1904 751 1946 examen,
784 1894 816 1935 si
852 1891 891 1934 id
927 1893 990 1934 ius
1026 1891 1090 1934 vel
1125 1891 1249 1934 officii
1287 1893 1389 1934 ratio
1424 1891 1602 1947 postulet
1625 1897 1694 1935 aut

65 1961 314 2008 Ordinarius
346 1968 623 2020 opportunum
659 1963 974 2017 iudicaverit»,
1008 1962 1058 2020 d?
1088 1976 1284 2020 persona,
1325 1974 1430 2019 quae
1465 1976 1537 2019 pro
1572 1962 1693 2006 bene-

67 2030 161 2078 ticio
195 2034 257 2078 vel
292 2034 466 2078 ecclesia
501 2035 768 2091 adipiscenda
793 2036 867 2077 fuit
893 2036 981 2077 iure
1002 2038 1279 2092 praesentata
1311 2033 1553 2091 a'z'liyenler,
1575 2040 1695 2091 prout.

66 2117 186 2148 casus
219 2106 407 2161 postulat,
428 2104 645 2162 inquirere
677 2107 813 2148 active
847 2110 885 2147 el
918 2110 1178 2162 opporthas
1201 2104 1250 2147 ad
1277 2117 1363 2147 rem
1389 2104 1566 2147 notitias
1599 2118 1695 2162 qua-

69 2176 228 2219 litatum
263 2178 462 2228 omnium‚
497 2176 547 2219 tle
580 2175 731 2233 quibus
764 2178 801 2218 in
837 2188 928 2219 can.
971 2176 1094 2232 1463,
1127 2178 1217 2218 sive
1250 2175 1421 2231 delatas,
1454 2178 1544 2219 sive
1568 2189 1693 2233 quae-

67 2249 179 2299 sitas,
212 2247 339 2289 etiam
372 2252 555 2289 secretas
588 2260 660 2290 seu
694 2246 771 2290 sul]
802 2251 962 2290 secreto
1006 2247 1312 2301 custodiendas,
1347 2247 1385 2289 si
1416 2260 1519 2305 opus
1561 2248 1694 2302 feceri(

70 2322 235 2374 propter
266 2320 613 2372 circumstantias,
647 2331 871 2360 asszmzere.
911 2318 993 2361 lmo
1026 2320 1186 2361 etiamsi
1212 2330 1292 2360 non
1316 2319 1396 2360 sint
1418 2317 1512 2361 illae
1534 2322 1694 2362 secreto

70 2389 332 2444 premendae,
366 2391 421 2432 ait
454 2389 482 2446 g
512 2390 554 2432 3.
595 2387 855 2431 Orclimzrius
894 2404 914 2429 ((
939 2388 1015 2432 loci
1040 2405 1060 2430 J)
1100 2389 1209 2431 idem
1243 2390 1313 2443 qui
1347 2387 1424 2431 sub
1460 2389 1501 2431 1Ο
1525 2402 1606 2431 non
1629 2403 1692 2431 co-

64 2458 487 2517 ·qe'tarlegepatrono
522 2461 798 2515 praesentanti
831 2459 1076 2517 patefacere
1108 2459 1471 2517 qualitercumque
1504 2460 1693 2502 rationes

67 2529 260 2587 equidem
293 2530 345 2574 ol)
377 2542 466 2574 can.
509 2530 616 2573 1463
642 2544 716 2572 ear
731 2543 954 2587 personam
975 2530 1451 2588 clericipraesentatam
1471 2529 1695 2572 admittere

67 2600 116 2643 all
152 2602 253 2644 iuris
285 2605 526 2657 patronatus
561 2600 807 2644 beneticium
833 2600 1103 2644 obtinendum
1128 2600 1190 2643 vel
1216 2599 1435 2643 ecclesiam
1460 2613 1538 2642 aon
1558 2599 1695 2657 possi!

68 2684 117 2713 ex
153 2672 317 2727 propria
351 2673 617 2715 conscientia.
653 2670 766 2714 lllam
793 2672 1100 2728 inquisitionem
1127 2675 1164 2714 et
1191 2671 1428 2713 notitiarum
1454 2671 1695 2725 assumptio-

187 2824 196 2845 ¹
227 2822 317 2867 Cap.
350 2823 405 2863 13,
434 2834 527 2857 sess.
556 2822 648 2856 XIV
677 2822 722 2856 de
749 2821 833 2856 Ref.
