1965 3240
667 163 750 197 TIT.
776 162 887 198 XXI.
915 181 926 188 -

956 162 1012 197 De
1037 162 1140 197 Semi
1145 166 1272 197 nar-iis
1710 163 1779 197 281

154 281 313 318 tradendi
354 281 469 326 pueris
505 280 627 316 aliisve
663 279 928 324 catechismum,

153 328 318 365 audiendi
352 327 600 365 confessiones
635 327 798 363 visitandi
836 326 931 361 intir-

155 386 242 417 moS,
269 374 454 411 assistendi
484 374 713 410 moribundis.

199 423 284 460 ctu.
313 420 415 457 1366.
439 442 455 447 -
476 425 495 463 ξ
525 422 554 456 1.
578 422 629 457 Ad
650 420 838 465 magisterii
860 432 933 455 mu-

155 481 221 506 nus
255 470 291 505 in
326 468 525 515 disciplinis
553 468 812 514 philosophicis,
838 468 932 504 theo—

153 517 272 563 logicis
298 521 331 552 et
357 515 526 558 iuridicis,
555 515 590 557 ii,
616 515 739 551 ceteris
774 515 929 561 paribus,

152 564 280 600 iudicio
308 563 464 610 Episcopi
491 567 524 598 et
548 563 793 609 deputatorum
821 561 931 598 Semi-

412 724 454 730 —
482 704 535 739 ius
563 703 734 740 Ecclesiae

1006 279 1107 320 narii,
1128 280 1378 325 praeferantur.
1396 280 1453 325 qui
1474 280 1590 315 laurea
1615 280 1778 316 doctorali

1007 326 1103 372 potiti
1124 326 1193 360 sint
1214 327 1247 360 in
1268 326 1498 362 [niversitate
1516 327 1708 362 studiorum
1729 328 1779 363 vel

1007 373 1178 408 Facultate
1198 384 1217 408 a
1236 373 1363 408 Sancta
1382 374 1468 409 Sede
1495 375 1690 418 recognitis,
1704 379 1776 418 aut,

1004 420 1031 455 si
1058 425 1182 465 agatur
1207 421 1248 455 de
1275 421 1526 466 religiosis,qui
1547 421 1660 456 simile
1687 422 1779 457 testi—

1006 468 1162 502 monium
1190 479 1210 502 a
1236 468 1307 502 suis
1323 468 1565 513 Superioribus
1593 469 1780 504 maioribus

1006 515 1170 550 habeant.

1053 565 1072 604 ξ
1098 562 1131 596 2.
1163 561 1403 607 Philosophiae
1421 562 1601 597 rationalis
1625 574 1664 597 ac
1692 562 1781 597 theo-

1572 702 1657 737 Can.
1687 701 1777 737 1352

414 817 452 823 -
483 797 621 844 praevia
647 796 874 833 Sacerdotum
901 808 1006 844 opera

933 914 974 918 —
1000 893 1043 928 ad
1075 892 1232 937 singulas
1266 892 1440 928 dioeceses
1476 891 1567 937 quod

1619 811 1634 828 1)

1691 795 1779 831 1353

859 988 865 994 .
952 940 1077 975 attinet
1619 953 1632 970 »
1689 936 1777 973 1354

664 1010 714 1017 ›—
756 992 889 1023 consti-

693 1035 832 1071 tuendis
870 1056 911 1060 —
931 1055 973 1060 ——
1002 1034 1158 1080 Episcopi
1184 1038 1333 1080 potestas
1620 1047 1635 1065 1>
1693 1031 1781 1067 1355

923 1143 973 1155 ⁴—
1002 1139 1061 1175 per
1086 1128 1271 1168 tributum,
1291 1132 1461 1173 quantum
1490 1131 1524 1163 et
1549 1138 1569 1162 a

410 1200 453 1232 -J
492 1179 529 1232 in
571 1190 628 1214 se·
952 1176 1080 1223 quibus
1105 1175 1309 1211 solvendum
1619 1188 1633 1206 »
1692 1172 1779 1209 1356

433 1237 520 1273 'pm
932 1291 974 1297 —
1003 1281 1062 1317 per
1088 1281 1228 1306 normas
1253 1270 1408 1305 diversas
1618 1282 1632 1301 »
1689 1262 1777 1303 1357

149 1365 385 1449 TitulBsXXl.
825 1414 831 1420 ·
867 1413 871 1419 k
930 1387 973 1391 —
1001 1376 1059 1412 per
1085 1364 1316 1400 determinata
1341 1363 1454 1399 officia
1618 1376 1633 1395 »
1690 1360 1779 1397 1358

161 1424 378 1497 Semineariis.
671 1414 891 1497 -εῐτῗέιῐὲἰιεῃὲῖ
934 1480 971 1484 -
1001 1458 1146 1494 consilio
1171 1457 1301 1504 duplici
1326 1462 1444 1493 coetus
1462 1457 1569 1503 depu-

693 1508 912 1554 regendis-
952 1511 1102 1542 tatorum
1616 1518 1630 1535 »
1690 1501 1777 1538 1359

929 1622 972 1628 —-
1001 1611 1058 1647 per
1083 1600 1278 1636 sacerdotes
1305 1603 1520 1645 praestantes
1620 1612 1634 1630 »
1693 1598 1780 1633 13611

930 1717 972 1722 -
987 1695 1158 1730 adiutorio
1170 1693 1403 1729 conscientiae
1419 1704 1478 1739 per
1491 1704 1572 1728 con-

955 1742 1114 1778 ressarios
1138 1741 1432 1778 extraordinarios
1620 1754 1635 1772 »
1693 1737 1775 1774 1361

669 1859 711 1866 —
755 1839 888 1874 admit·
930 1857 974 1863 —
1001 1847 1042 1872 ex
1070 1835 1240 1872 reditibus
1267 1835 1389 1881 legatis
1622 1847 1637 1866 »
1693 1831 1781 1868 1362

691 1886 814 1922 tendos
871 1864 925 1950 —‹

928 1955 973 1959 —
1010 1944 1089 1968 eum
1130 1931 1360 1978 qualitatihus
1396 1942 1436 1966 ac
1474 1930 1569 1966 testi-

953 1981 1080 2016 moniis
1615 1991 1629 2009 »
1686 1975 1774 2011 1363

753 2123 760 2130 ι
931 2096 972 2100 -
1001 2075 1035 2109 in
1064 2073 1287 2110 inferioribus
1314 2073 1441 2108 scholis
1619 2085 1633 2103 r>
1690 2067 1778 2105 1364

674 2144 712 2148 —
752 2128 889 2158 instru-

692 2171 800 2206 endos
870 2191 914 2196 —
931 2191 973 2195 —
993 2169 1029 2204 in
1051 2168 1299 2216 philosophicis
1312 2179 1351 2203 ac
1367 2166 1568 2211 theologicis

412 2238 450 2242 —
467 2218 581 2264 quoad
599 2228 632 2253 a·
952 2216 1151 2263 disciplinis
1620 2227 1634 2243 »
1692 2210 1779 2246 1365

432 2264 574 2300 lumnos
608 2286 654 2290 —

931 2333 973 2337 -—
1003 2322 1062 2358 per
1088 2311 1271 2356 magistros
1300 2309 1508 2355 praeelectos
1533 2312 1565 2343 et

954 2359 1076 2404 Angel.
1101 2358 1198 2412 ¹Doct.
1224 2357 1455 2403 obsequentes
1618 2369 1633 2386 »
1692 2351 1778 2388 1366

928 2474 958 2479 —
999 2454 1034 2488 in
1062 2451 1306 2499 spiritualibus
1620 2462 1634 2479 »
1692 2446 1777 2482 1367

668 2501 898 2536 —efforman-

690 2548 752 2584 dos
868 2569 909 2573 —-
933 2567 970 2574 —
997 2547 1062 2583 sub
1091 2545 1276 2592 parochiali
1304 2555 1383 2580 eura
1412 2543 1554 2579 rectoris
1617 2556 1632 2575 ›>
1689 2540 1777 2576 1368

929 2663 970 2667 -
998 2641 1031 2676 in
1065 2640 1266 2686 disciplina,
1302 2637 1502 2674 urbanitate
1536 2641 1569 2672 et

949 2689 1061 2735 quoad
1095 2688 1280 2734 hygienem
1619 2697 1634 2714 »
1690 2680 1778 2716 1369

668 2804 710 2809 -—
738 2787 913 2819 morantes
939 2787 1035 2818 extra
1063 2782 1121 2817 illa
1613 2791 1627 2807 »
1686 2772 1774 2809 1370

670 2898 710 2902 —
737 2877 967 2913 dimittendos
1616 2884 1630 2901 ι)
1688 2868 1770 2903 1371
