1965 3240
185 118 257 153 352
447 118 531 151 Lus.
558 117 629 152 III.
658 138 671 143 -
698 118 808 153 PARS
834 119 900 153 IV.
930 139 942 144 -
968 119 1025 154 De
1050 122 1274 164 mayisterio
1299 121 1551 155 ecclesiastico

184 236 449 292 prudentium
474 239 689 293 sententia,
715 237 863 281 borum
887 239 1010 281 etiam
1035 237 1235 281 librorum
1259 237 1438 294 aliquem
1469 240 1508 281 in
1532 251 1605 283 sua
1629 239 1806 284 dioecesi

182 307 409 350 notandum
433 310 655 363 censuerit,
680 312 922 364 potestatem
947 308 1053 351 ultro
1078 308 1250 351 facimus
1274 310 1399 352 immo
1422 313 1463 352 et
1486 310 1666 353 officium
1691 322 1804 354 man-

180 377 341 421 damus.
361 377 440 422 Res
463 380 604 436 utique
628 378 824 425 decenter
847 380 930 434 liat,
955 378 1289 436 prohibitionem,
1308 381 1340 422 si
1364 380 1554 434 sufficiat,
1573 381 1622 424 ad
1648 380 1804 425 clerum

181 461 309 491 unum
343 449 596 503 coercendo3
632 451 791 506 integro
822 454 963 493 tamen
996 449 1313 505 bibliopolarum
1346 450 1648 494 catholicorum
1671 452 1806 495 officio

179 517 307 562 libros
340 518 391 563 ab
423 519 627 576 Episcopo
660 524 820 563 notatos
853 522 1023 562 minime
1058 519 1225 563 venales
1257 519 1495 564 habendi».

297 590 500 645 Quamvis
533 595 691 633 remota
725 591 800 633 fuit
822 592 1007 648 quaestio
1032 603 1130 633 num
1163 593 1345 647 exempti
1369 590 1643 635 subiIciantur
1667 592 1803 648 prohi-

182 661 324 705 bitioni
348 660 549 705 librorum
573 674 645 717 per
667 660 892 718 Episcopos
914 665 1079 712 statuta,
1103 665 1272 717 propter
1298 660 1423 705 verba
1445 661 1473 720 ξ
1497 662 1665 718 praec.is
1692 676 1805 720 «pro

178 734 264 776 suis
295 731 526 784 subditis»,
550 736 729 775 attamen
764 736 908 775 auctor
941 730 1033 775 libri
1070 730 1135 775 vel
1158 730 1225 774 alii
1252 737 1421 788 possunt
1445 734 1622 776 rationes
1655 733 1804 777 afferre

178 807 321 846 contra
355 802 674 859 prohibitionem
706 804 854 846 factam
889 804 978 845 sive
1016 814 1076 845 «a
1100 801 1293 846 Conciliis
1326 802 1647 859 particularibus
1668 806 1758 847 sive
1781 817 1802 847 a

180 873 364 916 locorum
399 870 633 917 Ordinariis
650 889 691 916 )).
713 873 764 917 Ut
797 886 895 929 ergo
919 874 1117 930 aequitati
1139 875 1191 916 sit
1213 872 1460 928 consultum,
1484 873 1609 918 edicit
1629 874 1657 932 ἓ
1678 877 1720 917 2.
1744 875 1803 917 Ab

178 943 257 986 hac
283 943 569 1002 prohibitione
604 957 676 1000 per
707 942 889 988 Concilia
924 943 1188 999 particularia
1226 943 1289 986 vel
1338 943 1521 987 locorum
1557 942 1803 989 Ordinarios

178 1015 343 1058 decreta
378 1013 507 1057 datur
539 1013 595 1057 ad
628 1014 825 1057 Sanctam
859 1013 1003 1057 Sectam
1036 1019 1143 1066 (can.
1178 1014 1220 1069 7)
1254 1027 1402 1070 nempe
1435 1015 1486 1057 ad
1520 1015 1559 1060 S.
1589 1013 1737 1072 Congr.
1762 1016 1802 1059 S.

176 1082 328 1137 Officii,
351 1098 561 1137 recursus,
584 1098 666 1127 mm
702 1090 836 1127 lamen
867 1084 911 1127 in
933 1084 1176 1142 suspensivo
1200 1084 1363 1141 ellectu,
1386 1085 1514 1129 idest:
1540 1084 1802 1129 observanda

178 1160 238 1198 est
286 1158 447 1198 interim
484 1154 720 1212 probibitio,
765 1168 979 1212 usquequo
1013 1155 1051 1199 S.
1095 1155 1222 1199 Sedes
1265 1155 1315 1198 de
1359 1155 1503 1199 eadem
1549 1169 1803 1212 cognoscens

169 1227 313 1269 *forsan
349 1231 516 1269 revocet
549 1238 638 1269 eam
673 1228 711 1269 in
748 1228 923 1269 irritum„

291 1297 319 1355 ἓ
349 1298 392 1341 3.
427 1296 571 1340 Elium
606 1297 732 1341 idest:
782 1297 832 1340 ad
867 1296 1181 1340 similitudinem
1215 1294 1428 1341 Ordinarii
1471 1296 1548 1340 loci
1594 1310 1643 1340 ex
1676 1297 1722 1355 ἕο
1758 1298 1801 1340 '1²‘

175 1366 310 1410 Abbas
341 1367 382 1423 a)
412 1367 661 1410 monasterii
682 1367 750 1409 sui
782 1367 889 1409 iuris
922 1380 1001 1425 qua
1039 1367 1143 1418 talis,
1168 1369 1236 1424 qui
1271 1368 1332 1410 es‘t
1358 1367 1593 1424 «Superior
1627 1369 1795 1410 maior»

174 1439 282 1494 (can.
319 1438 415 1492 488,
450 1437 528 1495 8⁰),
562 1451 657 1482 cum
695 1437 874 1482 «Abbas
907 1438 1097 1481 nullius»
1134 1437 1210 1481 sub
1237 1437 1282 1496 §⁰
1311 1439 1353 1480 1²
1375 1440 1426 1481 sit
1459 1437 1795 1494 comprehensus,

177 1509 217 1563 b)
251 1514 289 1552 et
321 1523 541 1566 supremus
571 1508 793 1566 reliyz'ortr's
827 1508 1038 1552 clericalis
1071 1515 1288 1567 etremptae
1320 1508 1580 1566 Moderator,
1604 1511 1673 1567 qui
1712 1526 1734 1550 «
1757 1511 1795 1552 in

175 1583 263 1623 iure
298 1582 461 1623 nomine
494 1577 707 1624 Ordinarii
752 1580 1037 1636 intelligitur»
1075 1579 1183 1636 (can.
1221 1580 1317 1634 198,
1350 1580 1377 1638 ἓ
1412 1580 1463 1636 1),
1499 1585 1673 1637 uterque
1707 1594 1793 1623 cum

171 1664 245 1694 suo
283 1649 478 1708 Capitale
501 1651 543 1708 a)
575 1650 856 1703 conventuali,
879 1650 920 1707 b)
944 1650 1127 1707 generali
1162 1650 1224 1693 vel
1261 1649 1446 1694 Consilio
1476 1650 1518 1708 a)
1544 1653 1794 1701 monasterii,

176 1720 217 1778 b)
250 1735 458 1778 supremo,
489 1726 626 1779 potest
659 1734 753 1764 cum
788 1721 1067 1765 ecclesiastica
1101 1721 1395 1775 iurisdictione,
1432 1734 1523 1764 nam
1559 1723 1685 1765 ceteri
1723 1722 1796 1765 Su-

175 1795 358 1849 periores
390 1795 513 1836 etiam
547 1791 925 1849 Congregationum
958 1806 1037 1835 non
1072 1797 1358 1848 exemptarum
1395 1797 1563 1849 possunt
1601 1805 1651 1835 ex
1686 1797 1797 1849 pote-

173 1868 276 1907 state
300 1863 571 1918 dominativa‚
595 1862 723 1906 libros
746 1864 796 1906 ad
822 1876 1010 1906 normam
1044 1876 1133 1907 can.
1160 1863 1288 1918 1384,
1310 1863 1338 1921 ξ
1362 1863 1384 1906 2
1409 1875 1431 1906 a
1454 1862 1706 1920 quibuslibet
1731 1877 1799 1920 pu-

174 1934 357 1988 blicatos,
392 1948 443 1976 ea}
475 1934 588 1976 iusla
623 1947 751 1976 eausa
785 1939 829 1977 ut
859 1946 984 1990 supra
1019 1936 1056 1976 in
1099 1934 1144 1991 §⁰
1190 1934 1233 1976 1a
1267 1933 1354 1976 suis
1387 1933 1565 1976 subditis
1604 1936 1642 1976 vi
1677 1935 1795 1977 iuris-

174 2005 378 2058 dictionis,
412 2007 535 2048 eiiam
581 2007 762 2059 novitiis,
793 2004 1016 2062 prohibere
1059 2018 1132 2061 per
1164 2004 1377 2048 decretum
1412 2004 1619 2060 omnibus,
1651 2004 1795 2047 saltem

171 2075 348 2118 alicuius
382 2076 624 2119 Provinciae
677 2075 738 2118 vel
774 2075 1051 2132 quorumdam
1085 2075 1415 2128 Provinciarum‚
1449 2079 1542 2131 etc,
1576 2079 1645 2118 aut
1678 2087 1794 2131 prae-

173 2151 291 2202 cepto
325 2146 604 2189 ecclesiastico
628 2146 803 2202 singulis
836 2148 1040 2202 imposito,
1063 2145 1265 2203 idemque,
1289 2159 1388 2202 ergo
1422 2148 1544 2188 «suis
1576 2144 1790 2189 subditis»

173 2220 216 2258 ut
249 2215 501 2258 declaratum
537 2220 611 2270 est,
635 2215 711 2259 sub
743 2216 999 2259 conditione:
1024 2216 1062 2258 si
1090 2215 1326 2274 periculum
1359 2228 1489 2272 grave
1521 2215 1577 2258 sit
1609 2215 1653 2257 ira
1676 2228 1792 2258 mora

172 2286 419 2342 expectandi
454 2285 773 2341 prohibitionem
807 2289 990 2342 supremi
1024 2286 1308 2338 Moderatmis,
1337 2290 1515 2344 possunt
1558 2285 1638 2328 aliz·
1670 2285 1794 2342 Supe-

170 2356 306 2399 riores
339 2356 521 2399 maiores
556 2359 747 2399 recensiti
791 2369 880 2400 can.
916 2357 1014 2413 488,
1049 2357 1106 2411 8⁰,
1141 2370 1231 2399 cum
1266 2356 1442 2414 proprio
1466 2357 1791 2413 uniuscuiusque

175 2426 373 2481 Consilio,
408 2427 516 2484 quod
548 2426 863 2483 intelligendum
887 2432 947 2470 est
970 2429 1092 2471 etiam
1117 2439 1241 2484 supra
1265 2440 1359 2470 cum
1389 2431 1480 2470 voto
1504 2426 1791 2481 deliberativo,

171 2512 219 2540 ea
269 2503 403 2539 [auten
454 2497 543 2554 lesse
588 2496 664 2540 sub
711 2500 829 2553 gravi
877 2498 1083 2541 servanda
1135 2498 1346 2555 (quamvis
1393 2503 1487 2541 aute
1535 2499 1624 2540 eius
1661 2497 1791 2540 adim-

173 2568 392 2624 pletionem
430 2570 565 2624 vigeat
599 2568 819 2624 probibitio
843 2568 1048 2626 intimata)
1082 2574 1127 2611 ‘ut
1149 2582 1234 2611 rem
1260 2568 1508 2626 quantocius
1539 2567 1698 2611 sublata
1722 2581 1790 2611 ne·

167 2639 363 2696 gligontia
405 2637 599 2696 deferam
642 2639 973 2694 cognoscendam
1016 2653 1111 2683 cum
1154 2639 1409 2683 subiectione
1442 2638 1497 2681 ad
1539 2638 1787 2696 Schremwn

171 2709 493 2765 moderatorem,
526 2712 594 2766 qui
638 2714 770 2765 potest
803 2722 892 2753 eam
938 2710 1186 2767 relinquere,
1219 2710 1467 2753 contirnlare
1513 2708 1576 2752 vel
1609 2708 1788 2753 abolere.

168 2780 308 2823 Canon
345 2780 526 2837 loquitur
574 2779 625 2822 de
669 2778 1015 2836 prohibitionibus
1059 2793 1131 2836 per
1176 2780 1389 2823 decretum
1431 2778 1576 2822 saltent
1611 2778 1789 2822 familiae
