1965 3240
538 147 621 182 TIT.
648 148 774 182 XVII.
802 169 813 174 -
841 149 897 184 De
922 152 1046 183 saci-is
1068 154 1379 194 process-ionilms
1705 153 1773 187 193

145 278 220 308 usu
254 264 553 321 appellativum
593 279 885 310 «sacrarum»
924 270 1056 310 omitti
1090 269 1521 326 solet,saysnisieantm·
1553 271 1772 315 sollemnes

144 335 281 392 quoad
315 340 559 391 apparatum
585 350 815 391 cereorum,
838 340 1079 394 imaginum,
1100 339 1410 392 emblematum,
1430 342 1774 399 ,ςιψμΙίωιΙιὐηρκ,

102 439 106 444 .
143 407 253 463 quod
288 411 349 450 est
382 408 420 449 in
454 409 513 450 eis
547 408 731 456 formale,
765 421 813 452 ac
846 421 915 452 eas
955 410 1050 452 facit
1094 424 1233 453 sacras
1277 417 1442 468 propter
1486 427 1628 469 preces
1669 426 1774 470 quae

144 477 387 531 funduntur,
421 491 528 534 quae
561 477 773 536 tamquam
818 478 869 522 ab
914 491 1057 522 earum
1102 480 1287 524 subiecto
1322 497 1345 523 a
1377 483 1531 540 pabulo
1565 483 1691 539 fideli,
1725 498 1773 527 ex

145 547 272 602 laicis,
298 549 433 591 torsan
462 561 483 591 e
518 548 682 592 clericis
714 562 761 593 ac
796 550 1015 606 religiosis,
1049 551 1294 599 coadunato,
1323 553 1391 595 sed
1427 553 1530 595 ‹lem›
1561 554 1670 596 elei-0
1706 568 1776 610 per

146 631 275 661 unum
314 618 460 662 saltem
497 618 568 662 Dei
604 622 854 674 ministrum,
888 622 1007 677 fiunt,
1042 634 1088 664 ac
1123 625 1311 679 sequitur
1355 623 1604 667 elementum
1651 630 1774 667 matc-

146 688 247 732 riale
272 691 309 731 in
334 692 393 733 eis
417 703 497 747 qua
531 689 704 735 talibus:
740 691 875 734 eundo
908 691 1156 745 ordinatim,
1181 698 1297 749 prout
1324 693 1389 737 liic
1416 695 1560 737 modus
1586 694 1775 737 tumultui

146 758 209 802 vel
244 761 477 803 confusioni
511 763 725 817 oppositus
748 767 821 816 cst,
845 762 896 805 (Ie
919 762 1006 806 loco
1030 776 1151 806 sacro
1175 763 1230 806 ad
1254 763 1384 807 los-une
1410 778 1574 807 sacrum
1600 766 1775 808 cundem

149 829 211 873 vel
251 830 480 886 diversum,
514 832 586 875 sed
632 835 798 889 proprie
842 834 999 877 dictum
1043 834 1092 877 ad
1138 847 1325 878 normam
1371 848 1459 879 can.
1497 836 1622 887 1154,
1656 841 1779 893 atquc

145 901 294 957 triplex
322 895 484 945 illarum
511 904 604 946 linis
625 903 886 947 subnectitur
908 918 1085 962 quorum
1111 905 1286 962 quilibet
1313 907 1522 949 sulliciens
1554 911 1635 949 cst:
1661 906 1701 962 a)
1726 905 1780 948 nd

147 971 418 1015 eoecitandam
451 972 638 1029 fidelium
668 974 884 1032 pietatem,
919 975 961 1032 b)
996 975 1051 1018 acl
1084 976 1445 1019 commemoranda
1478 976 1557 1019 nez·
1586 976 1780 1033 beneficia

146 1044 376 1098 spiritualia
412 1044 476 1087 vel
512 1045 770 1101 temporalia,
805 1046 924 1103 eique
953 1062 972 1087 ((
992 1046 1076 1089 Deo
1096 1063 1115 1087 ))
1143 1047 1264 1090 simul
1297 1048 1466 1104 yralias
1499 1047 1697 1105 ayemlas.
1733 1061 1780 1091 eo

148 1113 257 1169 quod
282 1119 326 1157 ut
350 1116 482 1172 inquit
504 1114 552 1158 D.
571 1115 750 1160 Thomas
769 1117 805 1160 ¹:
831 1133 851 1157 ((
870 1116 1088 1161 Gratitudo
1114 1120 1246 1161 virtus
1269 1117 1393 1162 habet
1417 1119 1605 1161 diversos
1627 1118 1781 1174 gradus

147 1185 378 1228 secundum
413 1186 600 1230 ordinem
646 1200 804 1243 eorum,
839 1200 945 1246 quae
979 1188 1029 1232 ad
1065 1189 1361 1245 gratitudinem
1406 1191 1695 1246 requiruntur:
1742 1191 1778 1231 in

147 1267 229 1312 qua
262 1258 443 1312 primum
477 1262 538 1300 est
570 1258 679 1315 quod
716 1258 838 1302 homo
872 1263 1088 1316 acceptum
1114 1259 1362 1303 beneticium
1397 1264 1688 1316 recognoscat;
1723 1273 1778 1303 se-

146 1326 330 1369 cundum
364 1333 424 1371 est
456 1329 564 1386 quod
602 1328 741 1373 laudet
773 1335 813 1373 et
845 1332 1000 1386 gratias
1043 1335 1159 1387 agat,
1204 1333 1370 1379 tertium
1416 1335 1475 1374 est
1518 1330 1625 1387 quod
1662 1333 1778 1373 retri—

148 1395 248 1440 buat
270 1411 344 1454 pro
368 1398 458 1442 loco
481 1404 521 1443 et
542 1404 730 1457 tempore
752 1401 983 1445 secundum
1007 1413 1123 1444 suam
1148 1401 1385 1445 facultatem
1407 1417 1444 1442 )).
1469 1401 1630 1444 Tertius
1653 1416 1673 1442 «
1693 1415 1781 1458 pro-

146 1470 380 1512 cessionum
415 1483 669 1514 sacrarum»
712 1485 862 1528 scopus
895 1477 978 1515 est:
1013 1471 1054 1529 c)
1078 1471 1134 1515 ad
1166 1471 1352 1515 devinam
1389 1471 1597 1515 amilium
1638 1471 1780 1529 implo-

146 1539 331 1582 randum
365 1543 404 1584 in
438 1547 704 1602 quacumque
753 1543 919 1600 publica
953 1546 1198 1587 necessitate
1233 1545 1369 1587 forsan
1405 1543 1634 1599 temporali,
1670 1555 1782 1599 prae-

146 1612 290 1653 sertim
325 1613 363 1654 in
399 1617 526 1668 peste,
559 1614 667 1657 tame
699 1618 738 1657 et
774 1613 894 1658 bello.

266 1681 325 1725 Ex
361 1682 440 1726 Rit.
463 1683 581 1728 Rom.
603 1685 618 1707 ²
645 1684 898 1729 verbotenus
930 1686 1147 1730 derivatur
1169 1688 1194 1740 ἓ
1216 1688 1258 1728 ’2.
1283 1701 1302 1726 ((
1324 1685 1609 1729 Processiones
1642 1689 1779 1728 autem

147 1753 396 1809 quaedam»
439 1753 701 1811 Orclz'nariae
732 1762 844 1807 sunt,
878 1761 921 1800 ut
953 1770 1103 1800 nomen
1138 1757 1305 1812 indicat,
1341 1771 1446 1814 quae
1478 1756 1606 1801 statis
1639 1755 1780 1799 (liebus

146 1835 225 1879 per
256 1837 414 1868 mmmm
445 1826 551 1882 fiunt
589 1832 672 1871 «ut
704 1830 742 1870 in
778 1829 881 1871 sesto
916 1828 1218 1871 Puriticationis
1250 1828 1291 1871 B.
1317 1827 1469 1871 Mariae
1503 1840 1667 1883 semper
1694 1826 1779 1871 vii·-

147 1895 269 1949 ginis,
302 1899 342 1938 et
375 1898 414 1939 in
447 1896 664 1942 Dominica
700 1898 948 1953 Palmarum,
983 1904 1021 1942 et
1055 1901 1094 1942 in
1129 1900 1231 1942 sesto
1262 1898 1456 1955 Corporis
1473 1898 1680 1952 Christi»,
1701 1911 1780 1941 uno
1835 1917 1841 1924 =

149 1963 278 2008 verbo
312 1965 368 2009 ad
401 1981 588 2011 normam
623 1968 664 2026 a)
689 1968 893 2013 librorum
926 1969 1222 2027 lilm‘yieorwn
1257 1983 1294 2012 Υ.
1316 1983 1377 2026 gr.
1397 1969 1569 2013 Missalis
1592 1969 1780 2022 Romani,

150 2039 192 2078 ut
224 2037 331 2080 duae
364 2041 537 2094 priores,
564 2040 627 2083 vel
662 2039 987 2085 Coei-emonialis
1017 2040 1331 2098 Episcoporum,
1351 2043 1455 2083 sicut
1492 2044 1695 2097 postrema
1730 2053 1779 2082 ex

146 2105 283 2162 dictis,
301 2109 391 2152 sive
415 2111 453 2152 in
481 2116 746 2168 praeceptum
781 2111 1093 2168 adimplendum
1129 2112 1242 2166 fiant,
1266 2114 1355 2155 sive
1378 2111 1429 2154 ob
1454 2113 1779 2167 permissionem,

150 2174 194 2233 b)
227 2177 291 2221 vel
322 2180 661 2225 consuetudinem
685 2196 756 2226 seu
783 2185 942 2239 praxim
968 2182 1237 2225 ecelesiarum
1263 2184 1385 2225 etiam
1419 2181 1706 2237 singularium.
1728 2206 1779 2210 —

154 2247 410 2302 «Quaedam
447 2265 546 2295 vero
579 2257 674 2296 sunt
691 2269 712 2294 ))
736 2252 1127 2309 eoelraordinariae,
1152 2267 1258 2311 quae
1283 2255 1320 2295 ri
1348 2255 1461 2295 vocis
1493 2264 1657 2309 quoque
1681 2250 1781 2293 aliis

151 2320 292 2375 variis,
326 2321 396 2364 sed
433 2321 614 2378 publicis
647 2322 697 2366 de
730 2326 884 2379 causis,
918 2336 1025 2381 quae
1068 2331 1205 2367 tamen
1252 2325 1327 2379 ipsi
1367 2322 1662 2365 «Ecclesiae»
1701 2334 1778 2363 non

150 2393 245 2432 sunt
277 2391 437 2436 alienae
470 2396 652 2446 omnino,
673 2394 715 2437 in
751 2394 859 2438 alios
891 2394 981 2438 dies
1014 2408 1093 2437 non
1127 2399 1301 2437 statutos
1324 2398 1364 2436 ut
1389 2395 1516 2450 prius,
1536 2391 1782 2435 imlicunlm·

147 2459 201 2503 ab
234 2461 411 2507 habente
445 2461 552 2508 lianc
585 2467 873 2509 auctoritatem
909 2468 1022 2509 iuxta
1057 2478 1235 2509 canones
1273 2464 1534 2507 1292-1‘294.

88 2534 92 2538 ’
272 2533 369 2576 161.
407 2536 760 2583 Processiones
777 2539 1147 2593 theophoricae.
1165 2534 1265 2579 Cum
1287 2535 1337 2578 de
1363 2533 1693 2590 processionilnis
1716 2546 1778 2575 or-

151 2603 324 2647 dinariis
356 2607 455 2648 satis
488 2608 702 2662 provisum
737 2609 787 2656 sit
821 2606 982 2663 legibus
1016 2606 1219 2663 liturgicis
1251 2605 1385 2663 quoad
1421 2610 1583 2660 tempus
1606 2616 1653 2647 ac
1679 2603 1777 2649 loca.

150 2673 374 2731 specialem
408 2681 662 2734 consequuta
696 2681 755 2720 est
789 2680 1039 2721 mentionem
1076 2679 1113 2719 in
1147 2676 1297 2721 Codice
1343 2675 1422 2727 illa,
1456 2688 1578 2731 quani
1626 2687 1777 2717 memo-

150 2749 295 2788 rantur
326 2745 448 2790 Conc.
474 2746 584 2790 Trid.
608 2746 750 2791 Patres
774 2748 788 2770 ³
822 2747 1089 2791 definientes:
1130 2763 1147 2787 a
1168 2748 1206 2790 Si
1241 2749 1333 2803 quis
1366 2746 1528 2798 dixerit,
1567 2747 1602 2786 in
1638 2748 1778 2787 sancto

267 2852 279 2873 ¹
305 2852 416 2893 II-JI,
445 2865 479 2898 q.
505 2852 623 2895 CVII,
649 2865 683 2887 a.
712 2855 746 2897 ⁶2,
776 2866 807 2887 c.
850 2873 893 2879 —
932 2854 944 2875 Ξ
984 2853 1062 2886 Tit.
1104 2852 1177 2895 IX,
1215 2852 1304 2896 Cap.
1333 2851 1363 2886 Ι,
1393 2858 1513 2884 num.S
1540 2850 1562 2884 S
1589 2856 1627 2883 et
1655 2853 1687 2883 t).
1735 2869 1778 2872 —

148 2899 164 2920 3
191 2897 294 2933 Sess.
322 2899 435 2942 XIII,
465 2912 549 2934 can.
578 2901 599 2934 6
625 2905 667 2935 et
692 2912 772 2946 cap.
799 2902 831 2937 5.

233 2978 331 3007 BLAT
353 2994 372 3000 -
400 2977 522 3007 Comm.
550 2980 634 3008 Text.
661 2978 736 3008 Cod.
762 2979 833 3007 Iar.
860 2980 941 3007 Can.
1658 2973 1694 3001 13
