1965 3240
234 135 279 168 50
467 134 552 167 Lm.
581 133 652 167 111.
681 152 694 157 -
721 132 830 166 PARS
855 132 906 166 II.
936 153 948 157 -
974 132 1032 166 De
1049 133 1143 166 locis
1173 134 1207 166 et
1236 132 1473 175 temporibus
1491 133 1617 166 saeris

235 253 419 307 ingressu
455 250 676 307 prohiberi,
697 252 855 294 etiamsi
880 250 929 293 ad
955 249 1032 293 hoe
1065 251 1239 292 transire
1271 248 1470 292 deberent
1503 262 1576 304 per
1608 251 1757 293 atrium
1782 255 1853 294 aut

237 323 343 364 viam
380 323 528 377 privati
562 321 748 375 dominii,
781 322 972 377 quamvis
1006 322 1117 362 iuxta
1151 319 1226 363 S.²³e
1259 317 1301 363 C.
1335 317 1377 363 C.
1411 318 1682 362 resolutiones
1715 322 1753 362 iu
1786 333 1853 364 ca-

233 391 345 434 sibus
378 393 614 447 exigeretur
650 391 757 434 illius
789 391 959 434 dominii
993 389 1213 444 abdicatio,
1246 388 1390 432 saltem
1424 391 1628 445 scriptura
1663 391 1787 434 fideli.

351 461 540 505 Invenire
574 467 709 505 tamen
745 461 837 505 licet
871 463 1048 504 oratoria
1083 472 1188 517 quae
1220 464 1441 503 censentur
1469 459 1631 516 publica
1655 463 1742 504 sine
1777 461 1853 505 liac

232 535 351 576 tertia
385 533 633 583 conditione,
667 534 784 575 cuius
819 532 952 575 locum
988 535 1096 574 tenet
1130 530 1375 574 beneficium
1411 535 1654 587 perpetuum
1691 533 1729 574 in
1763 544 1854 575 ora-

234 605 337 646 torio
379 605 660 657 constitutum,
694 602 764 645 sed
809 607 991 645 erectum
1035 600 1157 644 debet
1201 614 1288 644 esse
1331 606 1424 645 ante
1461 613 1612 644 annum
1649 601 1760 645 1616
1796 602 1854 659 (in

233 676 350 717 cuius
383 673 448 716 die
484 673 535 716 23
571 673 659 716 lulii
686 675 723 715 in
748 671 983 728 Eugubina)
1008 672 1045 715 S.
1070 670 1111 715 C.
1137 670 1178 715 C.
1199 685 1248 714 ne
1281 672 1477 728 deinceps
1510 672 1628 715 tieret
1660 672 1853 729 idipsum,

233 746 385 788 statuit.
420 744 531 787 Haec
577 748 882 800 prosequuntur
920 743 1102 799 gaudere
1148 745 1324 799 propriis
1365 742 1524 786 iuribus
1566 745 1762 800 quaesitis
1804 743 1854 787 ad

234 827 419 857 normam
456 827 546 858 can.
571 815 593 856 4
629 818 795 870 propter
828 813 1040 870 physicam
1079 812 1142 856 vel
1176 813 1375 856 moralem
1412 826 1627 870 personam
1657 814 1706 857 ad
1731 826 1853 872 quam

236 887 478 942 pertineant.

352 955 546 999 Normam
582 958 619 998 in
654 960 864 1012 posterum
897 955 1163 1009 servandam,
1198 960 1386 1011 respectu
1430 955 1570 999 habito
1603 956 1653 999 ad
1693 971 1712 996 «
1733 958 1854 1012 potis-

235 1029 385 1069 simum
425 1026 681 1082 singulorum
718 1028 990 1069 oratoriorum
1027 1027 1149 1068 tinem
1172 1041 1210 1080 »,
1245 1026 1369 1069 tradit
1401 1026 1429 1084 ἓ
1459 1028 1501 1069 2.
1536 1026 1613 1070 Est
1645 1040 1740 1069 cero
1762 1040 1857 1069 ora-

237 1097 413 1140 {orimus
433 1123 484 1127 —
506 1100 546 1139 1⁰
575 1095 798 1147 Publieum,
817 1096 854 1138 si
874 1096 1102 1154 praecipue
1134 1102 1315 1139 ereelmn
1334 1096 1394 1139 'sit
1417 1097 1493 1140 hac
1517 1099 1740 1140 intentione
1765 1110 1854 1154 pra-

235 1170 353 1221 ctica,
378 1181 547 1223 nempe:
582 1167 621 1209 iu
658 1166 910 1210 commodum
945 1167 1158 1223 spirituale
1192 1166 1376 1209 alieuius
1409 1166 1575 1224 colleyiz'
1609 1168 1734 1211 idest:
1770 1181 1858 1224 per-

234 1250 357 1280 sonae
391 1237 558 1280 moralis
591 1243 664 1279 (1111
698 1237 824 1279 etiam
860 1242 1016 1280 tantum
1048 1237 1310 1294 privatorum
1345 1251 1416 1280 seu
1451 1250 1720 1294 personarum
1754 1237 1856 1294 phy—

235 1310 428 1362 sicarum,
463 1312 717 1365 quapropter
751 1312 808 1351 est
844 1310 1085 1361 oratorium,
1122 1308 1181 1351 ila
1207 1313 1343 1351 lamen
1369 1313 1413 1351 ul
1435 1308 1623 1351 euntibus
1654 1307 1858 1365 fidelibm,

237 1392 314 1422 non
348 1392 466 1422 secus
499 1391 545 1422 ac
580 1378 767 1433 ecclesia,
803 1384 985 1436 (empore
1016 1379 1214 1436 «molinet,
1249 1384 1319 1422 aut
1351 1379 1498 1422 sallem
1533 1378 1770 1422 (livv'normiz
1799 1378 1858 1437 of-

235 1450 438 1505 liciorum,
459 1463 633 1507 quorum
659 1451 824 1491 nomine
848 1448 899 1492 ol)
922 1449 1151 1506 analogiam
1177 1462 1265 1493 can.
1288 1450 1413 1505 2256,
1442 1450 1483 1492 1⁰
1507 1452 1629 1493 etiam
1670 1449 1736 1493 hie
1760 1465 1779 1490 «
1799 1452 1857 1492 in-

236 1520 476 1576 telliguntur
508 1521 737 1562 functiones
770 1522 981 1575 potestatis
1013 1520 1181 1574 ordinis,
1206 1533 1310 1577 quae
1335 1520 1384 1562 (le
1409 1523 1592 1563 instituto
1616 1519 1764 1564 Christi
1792 1520 1854 1563 vel

236 1590 445 1633 Ecclesiae
488 1590 538 1633 ad
583 1590 771 1632 divinum
815 1590 969 1633 cultum
1019 1591 1274 1637 ordinantur,
1309 1595 1346 1633 et
1380 1603 1401 1633 a
1435 1591 1532 1633 solis
1573 1591 1736 1634 clericis
1769 1592 1856 1634 fieri

236 1665 390 1718 queunt
410 1660 564 1713 )>,(lum
590 1674 688 1717 ergo
723 1660 825 1703 haec
859 1662 958 1703 liunt
993 1662 1030 1702 in
1066 1663 1244 1703 oratorio
1279 1660 1442 1716 publico
1466 1661 1531 1703 ius
1563 1661 1620 1703 sit
1652 1661 1856 1716 fidelibus,

237 1731 409 1788 proinde
443 1744 520 1773 non
558 1731 844 1786 impediendis„
878 1731 1063 1787 legittime
1096 1731 1221 1773 idest:
1255 1731 1304 1774 ad
1339 1737 1525 1774 normam
1565 1745 1618 1774 ss.
1652 1743 1857 1774 canonum

238 1801 542 1859 comprobatum
567 1815 637 1844 seu
674 1802 902 1854 lumlatum,
926 1800 1034 1843 'illud
1056 1803 1281 1844 oratorium
1307 1800 1433 1844 libere
1456 1800 1665 1851 ademvdzss
1683 1827 1738 1832 —
1755 1802 1858 1845 Cum

238 1871 339 1915 haec
363 1874 485 1926 notio7
512 1872 770 1915 considerato
794 1877 906 1916 cauf,
926 1872 941 1914 1
961 1872 1050 1918 191,
1072 1884 1165 1914 cum
1192 1873 1280 1914 iure
1306 1874 1433 1914 veteri
1470 1871 1586 1927 plene
1619 1872 1856 1927 concordet,

239 1942 457 1985 dicendum
504 1947 561 1985 est
611 1944 648 1984 vi
690 1955 779 1985 ean.
816 1944 852 1984 (5.
894 1956 929 1984 n.
972 1943 1014 1984 ⁶2⁰
1058 1942 1177 1998 pleno
1222 1944 1309 1985 iure
1353 1942 1505 1998 pollere
1549 1944 1858 1998 responsionem

239 2013 277 2056 S.
310 2013 352 2057 (2.
386 2012 429 2055 R.
467 2015 503 2054 in
542 2011 711 2055 vit-onst
748 2013 796 2055 ad
834 2012 1010 2055 Dubium
1035 2028 1054 2052 α
1077 2011 1119 2053 V.
1154 2012 1298 2056 Utrum
1332 2011 1552 2068 Cappellae
1586 2015 1753 2055 narium
1789 2017 1858 2055 aut

240 2082 394 2125 Altaria
431 2085 467 2124 iu
503 2085 600 2138 ipsis
634 2082 810 2126 navibus
843 2088 976 2126 erecta
1015 2096 1085 2139 pro
1119 2083 1243 2126 Sacro
1278 2082 1430 2125 litando
1464 2082 1639 2126 debeant
1672 2083 1857 2126 conside-

242 2155 321 2195 rari
358 2157 397 2195 ut
432 2150 622 2197 Oratoria
659 2156 819 2207 privata
857 2153 917 2196 vel
954 2153 1148 2209 publicai)
1183 2152 1228 2195 Et
1262 2153 1385 2196 Sacra
1430 2154 1572 2196 eadem
1612 2154 1760 2210 Cougr.
1796 2166 1858 2196 re-

240 2223 506 2266 scribendum
541 2226 712 2267 censuit.
738 2224 798 2266 Ad
829 2222 871 2267 V.
891 2226 928 2267 Si
954 2223 1147 2279 (lappella
1172 2223 1304 2266 locum
1331 2224 1457 2266 lixum
1494 2224 1639 2267 haheat
1674 2226 1711 2267 in
1746 2226 1855 2272 navi,

241 2297 296 2337 uti
333 2294 495 2350 publica
530 2294 718 2337 habenda
753 2300 834 2337 est:
870 2308 988 2338 secus
1027 2307 1158 2351 neque
1201 2294 1363 2350 publica
1409 2300 1481 2349 est,
1516 2308 1650 2352 neque
1685 2297 1858 2351 privata,

240 2366 309 2408 sed
345 2364 518 2407 liabetur
554 2367 607 2407 uti
643 2365 783 2408 Altare
817 2367 1061 2422 portatile».

365 2435 480 2479 «Leo
516 2436 647 2478 Xlll...
684 2439 721 2478 in
757 2439 824 2479 cit.
850 2436 965 2479 Βος.υ
999 2436 1074 2479 sul)
1105 2437 1150 2493 ξω
1184 2437 1230 2479 ‘1³
1262 2440 1402 2480 statuit
1434 2442 1471 2480 et
1505 2437 1735 2481 declaravit
1768 2448 1857 2479 ora—

241 2508 342 2549 toria
377 2506 660 2562 semi-publica
696 2520 740 2549 ea
776 2520 876 2560 esse,
902 2519 1020 2563 quae,
1045 2509 1116 2549 etsi
1151 2509 1188 2549 in
1226 2507 1312 2549 loco
1346 2508 1651 2564 quodammodo
1683 2508 1857 2563 privato,

244 2576 305 2619 rel
343 2590 418 2618 nou
453 2576 637 2619 absolute
671 2576 850 2633 publico,
873 2579 1114 2619 auctoritate
1139 2575 1347 2621 Ordinarii
1378 2583 1512 2621 erecta
1547 2582 1856 2632 sunt‚--com-

234 2647 363 2689 niodo
399 2651 532 2689 tamen
569 2660 645 2689 uon
681 2647 862 2689 [idolium
897 2650 1094 2702 omnium,
1129 2661 1203 2690 nec
1238 2650 1422 2704 priratae
1462 2654 1618 2692 tautum
1664 2659 1859 2703 personae

243 2722 308 2760 aut
345 2717 534 2771 l'amiliae7
572 2743 623 2747 —
658 2717 727 2760 sed
762 2717 936 2760 alicuius
969 2721 1275 2761 communitatis
1311 2719 1373 2761 vel
1411 2731 1678 2775 personarum
1718 2722 1859 2760 coetus

361 2871 369 2891 ¹
398 2871 418 2902 4
446 2870 559 2904 Mart.
589 2870 691 2911 1901,
720 2882 756 2903 n.
787 2870 890 2903 40155).
