1965 3240
513 171 597 205 Trr.
622 171 714 205 XX.
742 191 754 196 -
782 171 839 206 De
867 172 965 205 verbi
992 172 1119 206 divini
1143 173 1431 215 praedii-atione
1716 175 1785 208 255

96 284 100 289 ’
165 291 264 335 «Ea
298 289 675 347 (confraternitate)
711 289 895 346 parochi,
936 292 1178 345 praesertim
1206 290 1272 333 uhi
1297 292 1558 334 sacerdotum
1586 306 1783 336 numerus

160 365 211 406 sit
242 363 432 418 exiguus,
466 360 676 404 adiutores
710 363 747 403 in
782 359 988 403 catechesi
1024 360 1221 403 tradenda
1260 360 1383 403 laicos
1408 361 1631 416 habebunt,
1654 365 1784 420 quise

163 434 258 477 huic
290 432 442 476 dedent
476 433 714 487 magisterio
749 436 833 474 tum
867 431 1004 474 studio
1037 430 1194 486 gloriae
1229 430 1314 479 Dei,
1351 438 1434 474 tum
1470 433 1518 475 ad
1554 447 1692 476 sacras
1726 434 1783 477 lu-

162 502 338 547 crandas
355 501 649 558 indulgentias,
673 514 776 558 quas
799 500 972 544 Romani
999 500 1217 543 Pontilices
1242 500 1471 557 largissime
1496 503 1784 546 tribuerunt».

163 572 274 617 Haec
307 574 444 616 omnia
477 574 535 615 sic
571 572 783 615 moderata
827 575 922 614 sunt
966 573 1003 613 in
1048 570 1218 615 Codice:
1267 570 1477 614 Par-eclim-
1515 574 1563 615 ad
1601 588 1783 617 normam

161 657 250 688 can.
287 643 385 696 451,
419 642 463 685 in
500 641 704 699 reliyiosa
726 655 954 700 puerorum
978 641 1247 684 inslilulione
1269 642 1319 684 ad
1345 642 1645 686 excludendam
1671 645 1784 687 adul-

162 719 298 758 torum
332 715 645 756 instructionem
681 712 995 766 catecheticam,
1027 724 1133 768 quae
1174 711 1318 755 saltem
1354 712 1404 755 oh
1444 714 1715 770 frequentiam
1750 719 1787 757 et

163 785 331 828 modum
366 788 425 827 est
459 785 625 840 proprie
662 782 774 826 verhi
811 782 882 826 Dei
917 782 1183 839 praedicatio,
1213 787 1362 839 polest,
1398 785 1492 839 quia
1528 783 1633 826 lii-ita
1661 784 1786 832 laicis,

164 855 243 898 imo
275 859 592 912 consequenter,
626 853 663 895 si
697 853 883 911 leyitime
914 866 985 896 seu
1021 855 1133 895 iuxta
1169 852 1280 908 leges
1312 852 1367 895 sil
1400 853 1637 910 impeditas,
1667 868 1702 898 v.
1726 868 1785 910 gr.

161 924 213 968 oh
247 936 444 980 magnum
470 936 693 980 puerorum
721 936 958 977 numerum,
982 927 1079 965 tunc
1104 924 1142 964 in
1167 928 1287 965 can.¹n
1307 924 1641 979 praecedentium
1663 924 1788 967 adim-

162 995 414 1052 plementum
449 993 562 1038 debet
595 1008 766 1052 operam
799 994 992 1050 equidem
1027 993 1104 1037 sub
1138 995 1226 1037 eius
1249 994 1477 1037 directione
1496 993 1694 1036 ailla'bere
1711 993 1787 1036 cle-

160 1067 358 1118 ricoram,
392 1070 532 1122 utpote
571 1081 591 1106 ((
614 1068 744 1109 sacris
779 1066 1019 1108 ministeriis
1052 1064 1312 1108 addictorum
1340 1078 1411 1120 per
1435 1067 1608 1121 primam
1644 1064 1786 1107 saltem

162 1144 370 1181 tonsuram
397 1152 417 1178 ›>
457 1136 564 1194 (can.
605 1137 699 1192 108,
732 1138 759 1193 ξ
796 1136 851 1192 1),
875 1136 919 1179 iii
940 1135 1168 1193 paroeciae
1191 1135 1410 1178 territorio
1433 1134 1684 1192 (leqeiiliaiii,
1707 1149 1788 1192 quo

161 1220 257 1252 casu
294 1221 365 1264 per
398 1220 598 1251 canonem
634 1206 730 1251 huic
765 1209 926 1250 muneri
961 1206 1226 1261 addicuntur,
1263 1211 1335 1248 aa!
1369 1206 1493 1248 etiam
1519 1220 1611 1249 cum
1640 1206 1700 1248 his
1725 1205 1786 1248 vel

161 1281 199 1322 in
233 1279 381 1322 horum
415 1278 594 1333 defectu,
629 1278 667 1320 si
699 1291 863 1321 necesse
894 1277 965 1328 sit,
1001 1277 1170 1334 piorum
1194 1276 1414 1331 laicoraiii,
1438 1291 1485 1320 eo
1508 1277 1617 1334 quod
1643 1281 1789 1333 agatur

160 1350 211 1394 de
245 1351 407 1407 pietatis
441 1362 626 1399 munere,
657 1348 940 1406 potissimum,
973 1350 1068 1405 quia
1106 1350 1184 1390 iam
1221 1349 1258 1390 in
1295 1347 1372 1391 hoc
1408 1350 1691 1404 magisterium
1720 1361 1787 1389 vo-

162 1421 336 1464 luntaria
373 1422 646 1477 propensione
681 1419 979 1476 praeditorum,
1013 1432 1183 1475 nempe:
1221 1417 1390 1461 illoram
1424 1419 1495 1475 qui
1519 1418 1559 1461 iii
1583 1418 1699 1476 piam
1726 1432 1788 1461 so-

161 1491 360 1535 dalitium
408 1490 628 1534 doctrinae
675 1489 950 1541 christianae,
999 1490 1107 1548 quod
1160 1495 1220 1533 est
1259 1490 1352 1532 «ad
1399 1490 1565 1541 modum
1605 1492 1787 1546 organici

161 1565 347 1619 corporis
379 1564 600 1606 constituta
644 1563 861 1605 associatio
906 1560 1089 1604 lidelium
1125 1562 1174 1604 ad
1210 1563 1455 1604 exercitium
1501 1560 1622 1603 huius
1655 1563 1790 1617 operis

163 1636 325 1690 pietatis
348 1649 368 1674 ))
405 1633 515 1689 (can.
549 1633 649 1687 707,
681 1633 709 1691 ἓ
743 1633 796 1685 l),
831 1631 1000 1675 aliaclrc
1022 1631 1161 1674 simile
1185 1636 1352 1688 propter
1376 1632 1497 1674 linem
1523 1631 1567 1674 iii
1588 1631 1787 1688 paroecia

160 1718 240 1763 qua
274 1704 447 1749 ecclesia
482 1709 678 1753 erectam,
713 1702 922 1761 adscripti
954 1703 1054 1758 sint,
1079 1705 1175 1760 quia
1199 1702 1509 1760 quodammodo
1532 1707 1624 1745 sunt
1650 1704 1687 1744 in
1713 1701 1788 1744 hoc

163 1789 311 1819 munus
345 1775 529 1832 deputati
565 1789 638 1832 per
663 1774 940 1818 voluntariam
965 1774 1287 1830 adscriptionem
1314 1776 1352 1816 in
1378 1773 1444 1817 tali
1470 1772 1695 1830 approbata
1720 1786 1790 1829 per

160 1845 389 1890 Ecclesiam
428 1848 716 1889 associatione.

280 1916 588 1974 Obligationem
612 1930 712 1961 vero
735 1917 1008 1975 sequentihus
1031 1916 1294 1960 solummodo
1319 1918 1491 1973 imponit
1513 1916 1598 1974 ἐξ).
1621 1914 1789 1973 Presby-

162 1988 253 2042 teri,
288 1992 456 2045 propter
504 2000 666 2031 sacram
715 2001 858 2031 eorum
909 1988 1212 2031 ordinationem
1250 1986 1409 2044 aliique
1455 1986 1599 2029 clerici
1633 1989 1787 2029 ratione

159 2059 392 2111 clericatus,
425 2058 542 2102 millo
576 2057 763 2116 leqilimo
807 2072 880 2102 seu
920 2061 1031 2102 iuxta
1073 2073 1125 2101 ss.
1166 2071 1345 2101 canones
1395 2056 1687 2115 impedimento
1719 2056 1786 2099 de-

161 2129 281 2183 lenti,
308 2129 484 2188 proprio
515 2128 716 2187 parocho,
749 2132 845 2187 quia
888 2132 977 2173 eius
1022 2129 1223 2173 ecclesiae
1266 2129 1418 2172 addicti
1462 2128 1522 2171 vel
1557 2128 1701 2171 saltem
1736 2130 1783 2170 ad

161 2213 349 2244 normam
383 2213 472 2245 can.
508 2200 577 2251 94,
611 2200 654 2243 in
690 2199 764 2243 hoc
796 2200 1064 2243 sanctissimo
1109 2213 1245 2257 opere,
1289 2214 1335 2243 eo
1379 2199 1487 2256 quod
1523 2199 1679 2255 gloriae
1716 2198 1784 2241 l)ei

159 2271 364 2329 salutique
406 2274 640 2315 animarum
684 2277 745 2315 est
787 2284 1054 2328 summopere
1098 2272 1344 2327 proficuum,
1390 2269 1607 2312 adiutores
1650 2274 1785 2317 simle,

165 2341 380 2387 videlicet:
415 2342 653 2399 obligantur
687 2345 726 2385 vi
762 2345 931 2386 canonis
969 2342 1018 2385 ad
1061 2342 1314 2398 praedictam
1355 2354 1610 2397 «operam»
1650 2342 1783 2383 t'orsan

161 2415 401 2470 requisitam
436 2426 457 2456 a
492 2413 673 2470 parocho
709 2413 772 2457 vel
808 2418 976 2470 propter
1010 2415 1313 2463 necessitatem,
1348 2425 1453 2469 quae
1477 2411 1673 2467 obligatio
1696 2425 1785 2466 sup-

161 2485 326 2540 ponitur
358 2486 397 2526 in
431 2483 639 2527 clausula:
675 2484 802 2526 etiam
835 2483 908 2527 sab
939 2483 1087 2541 poenis
1120 2482 1169 2526 al}
1208 2482 1440 2525 Ordiiiario
1475 2480 1731 2538 infliaendig
1753 2483 1782 2522 si

159 2545 423 2612 quocumque
457 2559 673 2611 praetextu
709 2560 898 2598 renuant.

277 2624 373 2668 ⁶212.
409 2627 716 2672 Adiutorium
752 2628 1114 2682 religiosorum.
1158 2624 1299 2667 Novus
1337 2629 1395 2666 cst
1434 2638 1523 2665 can.
1561 2624 1690 2665 13:34.
1726 2623 1784 2673 St,

163 2694 389 2740 Ordinarii
422 2695 503 2739 loci
537 2709 615 2739 non
649 2696 781 2740 solum
818 2696 986 2753 parochi
1022 2695 1192 2747 iudicio,
1218 2697 1282 2738 cui
1310 2694 1479 2750 proinde
1514 2693 1779 2735 deserendum

158 2771 232 2820 est,
265 2765 562 2823 reliyiosorzmi
609 2769 743 2810 «sive
790 2766 999 2823 religionis
1042 2765 1260 2813 clericalis,
1304 2767 1391 2807 sive
1437 2764 1634 2807 laicalis»
1677 2766 1780 2816 (can.

159 2836 256 2891 488,
292 2836 354 2893 4⁰)
399 2836 624 2892 aemiliam,
669 2837 725 2880 acl
767 2836 1063 2880 catecheticaiii
1104 2835 1265 2894 populi,
1312 2848 1531 2892 puerorum
1579 2837 1702 2889 igitur
1744 2839 1779 2875 ct

158 2906 394 2951 adultorum
429 2907 739 2952 institutionem
771 2908 827 2950 sic
860 2907 1158 2958 necessariam,
1193 2920 1267 2950 nec
1300 2906 1448 2949 suflicit
1485 2905 1636 2948 utilitas
1658 2907 1778 2947 etiam
