1965 3240
144 132 214 166 248
404 130 489 165 Lm.
514 130 584 164 ΙΙΙ.
611 150 623 155 -
650 129 760 164 PARS
785 129 852 163 IV.
881 149 895 155 -
919 129 977 164 De
1001 131 1225 173 mayisterio
1250 128 1507 163 ecclesiastico

146 255 268 308 atque
302 254 344 294 ut
377 249 477 293 tales
510 251 585 305 ipsi
613 248 822 292 Ecclesiae
845 248 984 292 traditi
1006 252 1114 302 sunt,
1137 247 1214 290 hae
1241 260 1339 290 vero
1363 248 1490 303 ipsius
1517 244 1668 290 Christi
1691 259 1763 290 ore

146 325 215 364 aut
247 321 400 376 Spiritu
434 320 583 363 Sancto
617 319 798 362 dictante
821 317 872 361 ab
895 317 1102 374 Apostolis
1135 321 1329 373 acceptae
1363 317 1525 360 fuerunt
1548 332 1568 357 »
1598 317 1624 359 ¹.
1659 315 1763 361 Cum

147 396 285 434 autem
318 390 583 447 evangelium
620 389 682 433 vel
725 389 945 433 confirmet
989 388 1306 445 praecedentem
1352 387 1648 431 revelationem
1689 386 1764 430 Ve-

146 463 244 504 teris
276 460 543 514 Testamenti,
577 460 639 503 vel
675 461 961 516 posteriorem,
996 464 1081 501 tum
1116 458 1259 501 divino
1283 456 1434 501 Christi
1461 457 1687 500 ministerio
1710 458 1767 499 in-

146 536 305 588 ceptam
342 533 505 585 ret'erat,
540 544 588 574 eo
621 530 730 587 quod
765 529 1007 583 formaliter,
1032 541 1138 586 quae
1177 544 1197 569 ε(
1222 527 1330 571 Deus
1363 527 1524 571 locutus
1556 532 1617 570 est
1647 526 1766 570 nobis

147 604 186 645 in
206 602 306 645 Filio
329 618 349 643 J>
388 604 608 656 contineat,
643 606 728 644 tum
764 600 940 656 Spiritus
972 600 1109 643 Sancti
1134 601 1328 642 missione
1362 598 1650 655 complendam
1676 611 1767 654 pro-

149 675 294 729 mittat,
327 674 513 729 sequitur
546 673 856 727 inscriptionem
891 670 968 714 hoc
1001 683 1123 714 sensu
1157 671 1265 713 idem
1292 682 1380 713 esse
1411 681 1459 712 ac
1487 669 1537 712 de
1561 667 1768 724 evangelii

145 743 478 802 praedieatione.
516 769 566 772 —
602 741 783 785 Verbum
815 757 834 782 α
856 742 1108 798 praedicatio
1131 756 1151 782 ))
1180 740 1246 784 hic
1270 739 1583 796 intelligendum
1607 742 1667 782 est
1690 751 1768 781 non

148 828 221 872 pro
254 827 519 872 quacumque
551 813 737 856 doctrina
770 814 893 855 etiam
930 811 1093 868 publica
1120 813 1340 854 veritatum
1364 810 1608 853 salutarium
1631 809 1681 852 ad
1712 821 1772 851 re-

148 885 342 942 ligionem
384 886 691 941 pertinentium,
736 895 842 940 quae
886 885 923 925 in
965 881 1117 925 scholis
1155 895 1321 939 quoque
1361 880 1466 924 tradi
1511 884 1657 936 potest,
1699 879 1769 922 sed

148 959 289 1000 stricto
322 969 443 999 sensu
482 955 533 998 de
578 956 806 997 ministerio
854 955 1075 997 commisso
1123 965 1145 995 a
1193 952 1282 996 lesu
1315 950 1476 996 Christo
1510 950 1556 995 D.
1590 949 1637 995 N.
1673 952 1771 1006 ipsis

149 1027 367 1084 Apostolis,
417 1026 582 1083 quando
629 1027 708 1068 ait:
765 1040 784 1065 α
818 1024 931 1068 Sicut
980 1024 1090 1066 misit
1145 1036 1211 1066 me
1264 1022 1395 1076 Pater,
1445 1026 1484 1065 et
1531 1034 1608 1077 ego
1657 1023 1772 1063 mitto

152 1111 262 1141 vos»
287 1097 324 1140 ²:
364 1112 383 1137 (t
408 1096 509 1140 Data
552 1100 613 1139 est
647 1095 746 1138 mihi
780 1097 913 1138 omnis
938 1099 1117 1151 potestas
1165 1096 1203 1136 in
1253 1093 1368 1136 coelo
1410 1096 1449 1135 et
1492 1094 1531 1134 in
1575 1096 1727 1134 terra»
1756 1089 1772 1112 ³

155 1184 175 1209 c(
198 1172 343 1212 euntes
375 1180 474 1223 ergo
509 1169 547 1209 in
581 1166 781 1209 muudum
817 1168 1060 1209 universum
1088 1163 1335 1222 praedicate
1361 1161 1639 1219 Euanqelium
1662 1163 1771 1204 omni

115 1284 122 1297 ,v
149 1243 366 1283 creaturae
390 1253 409 1278 2>
439 1238 467 1278 ⁴.
502 1236 608 1280 Huic
642 1238 751 1279 enim
799 1235 874 1278 soli
924 1235 1046 1278 modo
1090 1234 1280 1278 tradendi
1325 1235 1522 1276 veritates
1560 1231 1773 1288 religionis

150 1314 343 1367 aptantur
377 1309 488 1365 leges
521 1307 829 1352 ecclesiasticae
862 1320 971 1350 nunc
1005 1306 1084 1349 hoc
1124 1308 1162 1348 in
1196 1305 1331 1348 Titulo
1364 1303 1657 1360 exponendae3
1692 1315 1771 1346 non

151 1394 250 1424 vero
284 1380 475 1424 conditae
507 1383 602 1422 sunt
634 1379 711 1422 hae
745 1378 857 1434 leges
890 1378 1025 1435 quoad
1062 1377 1230 1420 modum
1269 1376 1436 1419 easdem
1480 1377 1676 1418 veritates
1708 1374 1776 1417 do-

151 1451 268 1495 cendi
305 1453 342 1493 in
377 1449 542 1494 scholis.
575 1449 794 1504 Quomodo
827 1462 926 1505 ergo
962 1450 1188 1504 poterimus
1221 1446 1294 1490 hos
1327 1445 1504 1489 docendi
1538 1445 1682 1488 modos
1723 1443 1775 1487 ab

150 1524 330 1566 invicem
365 1521 712 1564 discernere‘?—
750 1520 916 1563 Atteuta
961 1518 1125 1561 illorum
1171 1519 1455 1574 perspectione
1506 1520 1615 1573 patet
1660 1514 1774 1558 verbi

151 1593 224 1637 Dei
250 1592 599 1648 praedicationem
626 1593 792 1647 proprie
815 1595 1021 1646 sumptam
1046 1590 1307 1645 significare:
1338 1603 1358 1628 c(
1380 1588 1625 1630 exercitium
1650 1586 1778 1629 adim-

153 1664 289 1721 plendi
325 1665 508 1706 muneris
542 1662 748 1718 Apostolis
782 1663 967 1715 iniuncti,
1002 1665 1126 1718 atque
1159 1660 1395 1703 ordinatum
1431 1658 1587 1701 directe
1620 1669 1667 1699 ac
1701 1658 1775 1698 im-

153 1735 331 1778 mediate
365 1734 413 1777 ad
448 1734 683 1777 animarum
718 1732 957 1786 salutem»,
991 1744 1096 1788 quae
1128 1732 1244 1787 sequi
1282 1731 1408 1786 possit
1439 1741 1511 1785 per
1533 1728 1777 1783 acceptatio-

152 1819 247 1849 nem
283 1807 504 1848 veritatum
537 1803 648 1855 fidei,
683 1816 754 1859 per
786 1815 970 1846 amorem
996 1803 1123 1858 ipsius
1147 1805 1464 1856 ceterarumque
1491 1800 1689 1841 virtutum
1713 1810 1777 1840 su-

153 1874 495 1933 pernaturalium,
528 1887 758 1931 earumque
791 1878 956 1916 actuum
993 1873 1253 1915 exercitium.
1287 1869 1318 1913 E
1351 1874 1493 1913 contra
1527 1868 1714 1911 doctrina
1739 1869 1776 1909 in

153 1947 304 1992 scholis
336 1946 486 1990 Sacrae
529 1947 652 1988 etiam
692 1945 946 2000 Scriptuiae,
984 1944 1022 1987 S.
1056 1942 1321 1998 Theologiae,
1352 1940 1612 1996 aliarumque
1656 1938 1777 1982 disci-

154 2019 358 2075 plinarum
395 2017 606 2072 religionis
637 2029 718 2058 non
752 2020 812 2058 est
846 2017 1012 2071 proprie
1046 2013 1257 2070 publicum
1293 2011 1401 2055 illius
1424 2012 1641 2053 ministerii
1665 2022 1779 2053 exer-

154 2091 313 2143 citium,
347 2092 486 2144 utpote
520 2087 676 2130 directe
710 2099 756 2129 ac
791 2085 1031 2128 immediate
1064 2084 1113 2128 ad
1150 2085 1298 2127 mentis
1330 2082 1504 2126 tendens
1541 2082 1777 2124 instructio-

154 2172 262 2214 nem,
298 2171 376 2201 non
412 2157 461 2200 ad
497 2170 658 2199 morum
709 2157 1045 2199 reformationem
1079 2154 1362 2210 devotumque
1395 2151 1491 2195 fidei
1524 2149 1777 2206 amplexum.

155 2227 358 2282 Quamvis
393 2228 651 2271 admittimus
685 2240 734 2269 ex
770 2225 848 2268 illis
870 2238 1035 2282 quoque
1059 2223 1240 2267 textibus
1264 2222 1448 2279 probari:
1482 2220 1563 2263 tale
1600 2219 1774 2263 docendi

157 2300 339 2343 officium
359 2297 505 2342 subiici
525 2297 817 2354 Apostolorum
836 2294 1159 2347 successoribus,
1175 2293 1296 2337 idest:
1317 2292 1531 2349 Episcopis
1548 2304 1596 2334 ac
1609 2291 1778 2334 Summo

158 2371 357 2414 Pontifici.
1495 2406 1498 2409 ⁴

274 2441 333 2484 De
365 2452 481 2483 sacra
527 2439 835 2495 praedicatione
879 2438 953 2480 fuit
997 2436 1152 2479 editum
1198 2437 1308 2478 iussu
1349 2433 1494 2477 Leonis
1526 2432 1618 2475 Xlll
1650 2432 1779 2475 docu-

158 2517 341 2556 mentum
362 2512 400 2555 S.
420 2510 585 2566 Cong1·.·
607 2509 906 2566 Episcoporum
931 2521 952 2551 e
970 2506 1237 2563 Regularium
1260 2507 1274 2527 ⁵
1299 2505 1348 2548 ad
1373 2502 1618 2549 Ordinarios
1639 2501 1780 2545 Italiae

158 2588 281 2641 atque
314 2582 364 2625 ad
400 2581 687 2637 religiosarum
723 2579 973 2622 familiarum
1008 2577 1471 2633 Congregationumque
1501 2573 1782 2618 Moderatores

158 2655 460 2703 transmissum,
494 2650 603 2708 quod
639 2650 762 2692 latine
798 2662 961 2692 versum
997 2648 1090 2691 Pius
1113 2646 1149 2689 X
1172 2645 1282 2689 Motu
1318 2647 1481 2701 proprio
1514 2644 1779 2687 «Sacrorum

276 2783 286 2803 1
316 2781 432 2815 Cone.
469 2780 558 2814 Vat.
595 2784 721 2813 const.
759 2778 804 2811 de
839 2777 913 2811 fide
950 2775 1158 2815 catholica,
1199 2785 1280 2818 cap.
1321 2773 1371 2807 II.
1411 2793 1453 2798 —-
1485 2772 1499 2794 2
1524 2771 1576 2806 Io.
1604 2770 1695 2811 XX,
1722 2771 1781 2804 ⁶21.

160 2830 254 2910 1—8‘21}
292 2828 431 2862 Matth.
462 2826 648 2867 XXVIII,
676 2825 719 2859 18
757 2830 798 2859 et:
837 2825 893 2858 19.
935 2844 978 2850 —-
1016 2825 1030 2845 ⁴
1068 2821 1204 2863 Marci,
1242 2820 1349 2862 XVI,
1391 2820 1446 2854 18.
1488 2839 1530 2844 -
1569 2819 1583 2840 ⁵
1607 2819 1651 2852 31
1689 2817 1785 2851 Iulii
