1965 3240
156 130 226 164 138
394 129 478 164 Lm.
504 128 574 163 111.
603 149 614 153 -
641 128 752 162 PARS
778 128 829 162 11.
859 148 872 153 -
898 128 955 163 De
983 129 1078 163 Iocis
1103 131 1138 163 ct
1163 129 1402 173 temporibus
1427 130 1551 163 sacris

163 266 183 291 ε(
206 251 276 305 qui
311 248 561 304 baptismum
596 251 885 303 receperunt»
923 247 973 290 ad
1009 259 1197 290 normam
1232 259 1320 290 can.
1359 247 1424 300 12,
1459 245 1508 289 ab
1537 246 1700 305 empleto
1734 247 1788 290 υί-

158 319 308 363 resimo
340 318 477 376 primo
511 317 666 361 aetatis
699 331 810 361 anno
858 322 901 361 ut
933 330 1059 374 supra
1108 317 1401 374 computando,
1452 317 1507 361 ad
1553 318 1789 376 incoeptum

156 390 476 447 seoeayesimmn,
510 389 618 446 quod
653 390 794 432 evenit
827 392 1067 432 recurrente
1103 393 1193 444 post
1216 390 1608 445 quinquagesimum
1634 401 1786 432 nonum

158 461 224 504 die
248 473 295 503 ac
319 459 418 503 hora
453 461 694 511 nativitatis,
726 461 785 502 sic
818 451 1093 502 determinato
1127 472 1177 502 ex
1212 457 1456 514 benigniore
1481 461 1569 502 iure
1594 461 1708 502 initio
1731 472 1791 502 se-

160 533 349 575 nectutis.

280 601 375 644 118.
397 603 565 647 Utrum
590 602 739 647 ceteri
763 614 933 646 omnes
950 602 1015 646 ad
1038 602 1218 646 ieiunia
1242 602 1492 647 Ecclesiae
1513 604 1791 647 teneantur.

160 671 265 716 Huic
289 684 412 729 quam
454 673 645 728 proponit
677 673 923 728 quaestioni,
953 671 1174 727 respondet
1206 684 1301 715 cum
1335 673 1675 715 communissima
1710 671 1789 714 Do-

151 748 318 787 ctorum
354 742 401 785 D.
435 742 669 786 Thomas&
711 746 904 785 «statuta
938 744 1176 785 communia
1221 746 1521 798 proponuntur,
1560 743 1790 786 secundum

154 814 270 872 »quod
307 813 560 857 multitudini
595 815 863 857 conveniunt.
913 813 960 856 Et
1000 813 1092 856 ideo
1126 813 1336 869 legislator
1380 815 1417 856 in
1463 816 1520 857 eis
1562 813 1792 857 statuendis

159 885 334 929 attendit
357 884 396 927 id
432 885 540 941 quod
576 886 854 927 communiter
888 884 1075 939 habetur,
1111 888 1150 927 et
1183 886 1220 926 in
1256 883 1444 940 pluribus
1466 884 1675 928 accidit».
1701 884 1793 927 Pro-

161 962 299 1014 pterea
335 969 484 1013 pueros
516 968 564 999 ac
597 969 716 999 senes
749 968 771 998 a
806 955 896 1012 lege
929 958 1070 998 ieiunii
1105 958 1274 999 exemit.
1313 971 1333 996 ((
1351 956 1391 1000 Si
1425 956 1523 1013 quid
1558 960 1695 999 autem
1741 969 1789 999 ex

159 1027 328 1085 speciali
363 1040 486 1071 causa
521 1029 559 1069 in
594 1026 733 1084 aliquo
758 1028 1009 1077 inveniatur,
1035 1027 1143 1084 quod
1178 1026 1469 1070 observantiae
1501 1029 1639 1070 statuti
1675 1040 1794 1083 repu-

160 1103 271 1155 gnet,
306 1111 384 1141 non
421 1098 595 1141 intendit
618 1096 741 1140 talem
777 1097 988 1154 legislator
1020 1098 1070 1141 ad
1095 1099 1235 1141 statuti
1260 1097 1569 1141 observantiam
1593 1097 1792 1154 obligare.

160 1170 201 1213 ln
236 1183 317 1227 quo
341 1174 477 1212 tamen
513 1174 573 1211 est
605 1169 800 1212 discretio
823 1168 1072 1212 adhibenda.
1107 1168 1211 1212 Nam
1234 1171 1267 1211 si
1291 1181 1415 1212 causa
1438 1170 1489 1211 sit
1512 1168 1699 1223 evidens,
1722 1181 1794 1224 per

159 1243 340 1297 seipsum
375 1240 485 1283 licite
520 1244 651 1296 potest
683 1239 806 1282 homo
839 1242 978 1283 statuti
1004 1239 1312 1283 observantiam
1339 1241 1578 1296 praeterire,
1609 1251 1793 1295 praeser-

161 1314 233 1355 tim
267 1311 566 1355 consuetudine
601 1312 904 1354 interveniente
939 1311 1068 1368 (circa
1103 1311 1279 1354 eandem
1304 1309 1506 1367 causam),
1546 1309 1609 1353 vel
1644 1310 1678 1353 si
1714 1323 1792 1353 non

161 1387 297 1440 posset
320 1382 372 1425 de
406 1381 524 1425 facile
558 1394 752 1425 recursus
789 1381 839 1424 ad
879 1384 1138 1438 superiorem
1173 1381 1315 1425 haberi
1340 1397 1380 1425 ».
1413 1380 1491 1424 Sed
1537 1383 1632 1438 quia
1677 1380 1795 1424 facile

163 1458 293 1510 potest
329 1455 365 1495 in
392 1452 459 1495 tali
495 1452 648 1495 iudicio
686 1454 778 1509 quis
811 1465 953 1495 errare
991 1452 1156 1495 fallente
1190 1453 1527 1508 concupiscentia
1560 1455 1600 1494 et
1629 1456 1796 1507 propter

161 1524 555 1580 impedimentorum
591 1524 880 1580 frequentiam,
914 1523 1098 1567 Ecclesia
1125 1523 1317 1579 providet
1340 1523 1390 1566 de
1415 1535 1586 1566 recursu
1611 1521 1719 1565 facili
1743 1521 1792 1565 ad

155 1596 483 1651 dispensantem.
519 1593 625 1636 hanc
659 1594 896 1637 facultatem
932 1594 1117 1638 tribuens
1159 1591 1394 1638 Ordinariis
1427 1605 1474 1636 ac
1508 1592 1700 1649 parochis
1723 1605 1796 1649 per

159 1678 251 1710 can.
292 1665 415 1719 1245,
448 1678 497 1707 eo
522 1666 654 1719 magis
687 1664 795 1721 quod
826 1666 900 1708 «si
936 1677 1059 1708 causa
1083 1667 1134 1707 sit
1157 1664 1282 1707 dubia
1306 1663 1429 1707 debet
1461 1663 1611 1721 aliquis
1647 1663 1697 1706 ad
1732 1670 1795 1706 su-

165 1739 370 1794 periorem
405 1748 637 1789 recurrere‚
661 1737 730 1792 qui
765 1734 891 1778 habet
915 1740 1156 1791 potestatem
1194 1737 1232 1777 in
1258 1726 1408 1778 talibus
1440 1734 1722 1790 dispensandi.
1745 1732 1795 1776 Et

165 1808 241 1851 hoc
264 1806 573 1850 observandum
598 1811 659 1848 est
683 1808 721 1848 in
747 1808 910 1849 ieiuniis
934 1806 991 1858 (et
1013 1805 1278 1861 abstinentia)
1302 1805 1353 1849 ab
1377 1804 1561 1848 Ecclesia
1586 1806 1793 1859 institutis,

161 1879 213 1922 ad
248 1890 354 1935 quae
392 1892 411 1917 «
432 1889 575 1920 omnes
593 1892 612 1918 ))
653 1876 715 1933 (ut
747 1878 804 1919 ait
826 1877 975 1932 canon)
998 1878 1276 1920 communiter
1299 1875 1548 1932 obligantur,
1573 1874 1650 1932 (sic
1674 1877 1795 1918 inter—

165 1946 365 2005 pretando
387 1946 602 2004 verbum):
630 1949 705 1990 nisi
726 1949 764 1989 in
789 1949 848 1990 eis
872 1948 995 1990 fuerit
1012 1947 1178 2005 aliquod
1198 1946 1376 2003 speciale
1395 1946 1794 2002 impedimentum».

163 2020 226 2063 Ad
261 2032 367 2076 quae
400 2017 651 2061 diudicanda
674 2017 889 2061 deservire
922 2022 1080 2075 queunt
1114 2020 1402 2074 responsiones
1434 2030 1483 2060 ex
1510 2016 1555 2059 D.
1590 2016 1661 2059 Th.
1696 2018 1796 2060 cita-

165 2097 244 2144 tae,
277 2102 370 2132 nam
402 2093 590 2132 «statuta
624 2087 835 2132 Ecclesiae
867 2092 962 2131 sunt
994 2089 1046 2132 de
1078 2088 1142 2131 his
1184 2101 1289 2145 quae
1313 2101 1392 2131 non
1427 2101 1499 2144 per
1531 2101 1573 2130 se
1616 2091 1711 2130 sunt
1743 2087 1794 2130 de

166 2163 409 2205 necessitate
431 2159 589 2214 salutiS,
613 2159 684 2203 sed
709 2159 842 2203 solum
877 2173 925 2202 ex
962 2161 1217 2202 institutione
1251 2159 1475 2203 Ecclesiae.
1510 2158 1559 2201 Et
1593 2158 1685 2201 ideo
1710 2171 1794 2214 pos-

164 2237 257 2275 sunt
296 2245 384 2275 esse
423 2230 560 2288 aliqua
595 2230 905 2286 impedimenta,
940 2234 1106 2287 propter
1143 2242 1249 2287 quae
1283 2230 1409 2287 aliqui
1449 2229 1498 2273 ad
1533 2228 1794 2272 observanda

165 2304 319 2346 ieiunia
353 2301 590 2344 huiusmodi
624 2314 702 2344 non
728 2306 921 2344 tenentur
948 2316 987 2341 )).

285 2445 295 2465 ¹
322 2443 414 2477 II-II
440 2455 476 2487 q.
506 2441 699 2483 CXLVII,
728 2454 762 2476 a.
783 2443 817 2486 4,
839 2454 871 2476 c.
893 2446 932 2476 et]
951 2442 999 2476 ad
1026 2443 1085 2476 1¹1³.
1116 2444 1178 2476 2¹1¹.
1207 2446 1247 2476 et
1273 2443 1335 2475 4¹1².
