1965 3240
588 175 674 210 Trr.
703 174 856 209 XXIX.
885 195 898 200 -
925 174 983 210 De
1011 176 1276 211 contractibus
1681 176 1749 211 547

109 297 226 351 gines
260 293 413 337 ibidem
447 294 687 338 declaratae
726 299 985 352 «nequeunt
1021 294 1157 337 valide
1196 294 1366 338 alienari
1404 309 1536 354 neque
1562 298 1598 339 in
1624 295 1745 339 aliam

109 365 327 409 ecclesiam
379 370 579 422 perpetuo
631 367 842 409 transferri
891 367 979 408 sine
1027 365 1290 422 Apostolicae
1329 367 1447 410 Sedis
1481 369 1747 423 permissu».

111 435 277 480 Praeter
311 436 387 479 boc
419 435 474 479 od
507 436 776 491 alienandos,
826 449 905 479 non
954 435 1086 479 solum
1138 437 1416 494 etymologice
1461 437 1666 494 loquendo
1699 438 1750 482 de

110 508 220 550 omni
257 511 374 563 pacto
428 520 547 563 «per
580 507 689 564 quod
743 509 924 564 ipsorum
976 506 1198 564 (bonorum
1252 507 1647 564 ecclesiasticorum)
1678 509 1748 551 do-

110 579 283 621 minium
318 579 568 621 transfertur
591 594 629 634 »,
666 580 722 621 uti
757 578 993 635 exponebat
1027 577 1178 621 Paulus
1203 578 1232 620 ll
1260 581 1296 620 in
1333 578 1503 622 Extrav.
1538 582 1748 623 communi

114 664 136 689 «
159 647 414 692 Ambitiosae
438 664 478 703 )>,
511 649 582 692 sed
619 651 784 705 proprie
807 662 856 692 ex
882 653 1077 692 contextu
1103 648 1225 692 liuius
1249 652 1419 692 canonis
1442 663 1535 692 eum
1560 653 1748 707 sequenti

115 733 135 759 «
158 719 207 762 ad
243 718 484 762 alienandas
507 734 546 772 ›>,
584 723 745 776 recepta
785 720 957 775 pecunia
993 722 1035 761 ut
1070 721 1215 775 pretio,
1250 733 1317 761 res
1350 719 1658 762 ecclesiasticos
1691 723 1749 764 sic

109 789 241 833 dictas
276 795 443 846 propter
475 789 648 833 dominii
682 789 915 834 subiectum
960 790 1009 833 ad
1046 802 1233 832 normam
1270 803 1360 834 can.
1400 791 1522 844 1497,
1547 794 1571 841 ξ
1606 792 1642 845 1,
1678 791 1749 834 im-

110 859 280 903 mobiles
317 874 352 903 v.
389 874 448 917 gr.
485 873 647 917 agrum,
699 862 991 917 possessiones,
1039 861 1252 914 eeclesias,
1302 866 1375 903 aul
1410 861 1580 904 mobiles
1615 876 1651 903 v.
1686 877 1746 919 gr.

110 930 274 985 calices,
324 935 508 987 patenas,
550 935 698 988 tapeta,
736 944 809 974 nec
843 931 1010 974 additur
1039 931 1089 974 de
1124 934 1309 988 utrisque
1331 931 1505 975 verbum
1534 935 1745 988 pretiosas,

110 1001 263 1045 dicitur
299 1014 420 1044 vero:
457 1015 564 1059 qliae
601 1001 807 1045 servando
844 1001 1007 1044 servari
1039 1007 1229 1059 possunt,
1271 1015 1363 1045 nam
1401 1005 1438 1045 in
1473 1005 1540 1046 cit.
1575 1003 1746 1047 Extrav.

111 1071 223 1115 Pauli
259 1071 289 1114 ll
325 1071 426 1115 baec
461 1071 612 1127 legitur
646 1074 860 1128 exceptio:
900 1087 920 1113 «
945 1077 1236 1129 praeterquam
1257 1072 1308 1115 de
1333 1072 1537 1116 fructibus
1556 1078 1593 1116 et
1615 1073 1746 1129 bonis,

109 1156 216 1201 quae
238 1143 448 1187 servando
471 1146 631 1186 servari
654 1157 730 1186 non
758 1148 927 1199 possunt
947 1157 1022 1199 pro
1044 1145 1233 1186 instantis
1254 1146 1450 1200 temporis
1469 1147 1676 1201 exigentia
1698 1162 1744 1199 »3

109 1215 159 1258 ad
194 1214 429 1258 declaratas
463 1217 589 1270 igitur
622 1214 906 1265 alienationes,
940 1217 1095 1257 monito
1130 1215 1239 1272 quod
1281 1228 1399 1257 «non
1436 1215 1531 1258 licet
1554 1218 1747 1273 episcopo

110 1285 174 1329 vel
211 1285 363 1341 abbati,
401 1291 553 1329 terram
591 1285 678 1343 (seu
716 1285 867 1329 bonum
903 1285 1253 1340 ecclesiasticum)
1288 1288 1410 1329 unius
1434 1287 1634 1331 ecclesiae
1659 1301 1748 1331 ver-

111 1361 199 1400 tere
232 1357 282 1400 ad
319 1357 459 1410 aliani,
508 1360 702 1414 quamvis
750 1356 897 1400 ambae
932 1359 970 1400 in
1006 1360 1094 1400 eius
1126 1360 1204 1400 sint
1242 1362 1486 1412 potestate»
1516 1358 1544 1411 ¹,
1581 1372 1746 1415 semper

110 1428 374 1486 requiritur:

228 1499 282 1542 1.⁰
315 1500 565 1542 Aeslimolio
600 1500 650 1543 de
685 1502 790 1543 iusto
827 1502 960 1555 pretio
993 1499 1058 1542 rei
1092 1500 1352 1555 alienandae,
1385 1501 1510 1558 quod,
1535 1506 1577 1544 ut
1604 1503 1743 1545 tritum

109 1575 181 1623 est,
217 1573 322 1614 inter
373 1574 602 1614 maximum
639 1576 679 1614 et
713 1573 929 1613 minimum
981 1571 1153 1614 limitem
1203 1574 1321 1627 sistit,
1366 1586 1390 1614 a
1417 1571 1560 1630 probis
1606 1573 1741 1630 quoad

109 1641 365 1685 honestatem
402 1645 439 1685 in
475 1643 601 1685 officii
636 1644 837 1685 exercitio
869 1641 1023 1699 peritis
1057 1643 1192 1700 quoad
1218 1642 1295 1687 hoc
1329 1657 1378 1686 ex
1416 1643 1638 1687 habilitatis
1671 1645 1743 1687 do-

107 1718 302 1756 cumento
339 1713 400 1755 vel
436 1715 647 1756 communi
683 1713 849 1768 iudicio,
885 1712 1044 1770 scripto
1077 1716 1290 1756 communi
1318 1714 1380 1757 vel
1406 1717 1592 1758 seiuncto
1610 1715 1743 1772 joela,

106 1788 231 1841 atque
270 1799 291 1824 ((
317 1783 490 1826 Pluralis
523 1783 676 1827 locutio
701 1784 878 1826 duorum
904 1783 1050 1827 saltem
1076 1797 1250 1827 numero
1274 1789 1334 1828 est
1357 1790 1549 1846 contenta
1572 1802 1590 1827 »
1621 1785 1740 1843 (lleg.

109 1854 161 1897 40
198 1857 299 1897 iuris
333 1857 371 1897 in
408 1853 501 1912 (i.⁰).
536 1854 592 1897 lta
628 1857 830 1911 scriptum
866 1859 953 1898 erat
988 1857 1026 1898 in
1061 1867 1150 1911 cap.
1190 1856 1207 1897 1
1250 1871 1270 1896 «
1294 1856 1345 1900 de
1394 1856 1456 1900 liis
1499 1869 1605 1914 quae
1640 1858 1743 1900 liunt

108 1938 129 1968 a
166 1925 362 1969 Praelatis
395 1927 483 1969 sine
517 1939 721 1969 consensu
756 1925 970 1982 capituli»
1010 1925 1105 1982 (ΙΙΙ,
1139 1926 1236 1983 10);
1277 1943 1299 1968 α
1323 1927 1440 1971 lrrita
1475 1931 1553 1970 erit
1586 1931 1742 1985 episco-

109 2009 253 2053 porum
288 1997 469 2046 donatio,
491 2001 530 2039 et
555 1996 751 2046 venditio,
774 1996 836 2040 vel
871 1999 1142 2040 commutatio
1162 2000 1220 2040 rei
1240 1997 1562 2053 ecclesiasticae,
1583 1999 1741 2057 absque

44 2069 46 2071 ’
108 2064 434 2123 collaudatione,
479 2071 518 2110 et
560 2067 865 2123 subscriptione
899 2067 1147 2112 clericorum
1174 2084 1211 2114 >),

224 2137 288 2180 20
323 2136 441 2181 Iussa
473 2152 617 2187 causa,
651 2137 759 2181 idest
794 2152 871 2181 non
908 2129 1130 2195 quaelibet,
1165 2139 1235 2182 sed
1271 2143 1309 2190 a)
1334 2153 1488 2197 umens
1511 2142 1739 2185 necessitas

108 2210 235 2265 ipsius
268 2221 467 2265 personae
503 2208 670 2252 moralis
703 2209 932 2252 dominium
969 2212 1026 2252 rei
1053 2209 1256 2265 habentis,
1279 2216 1349 2254 aut
1376 2212 1624 2255 venditionis
1649 2227 1739 2269 per-

108 2279 310 2323 ficiendae
342 2280 391 2323 ad
426 2282 598 2336 gravius
632 2279 786 2323 malum
832 2283 1054 2336 positivum
1105 2281 1336 2331 vitandum,
1382 2281 1421 2336 b)
1466 2282 1528 2325 vel
1570 2283 1738 2327 evidens

108 2349 275 2393 utililas
325 2350 392 2408 (ex
442 2353 530 2407 ipsa
564 2351 813 2395 alienatione
862 2351 927 2395 vel
980 2354 1107 2408 ipsius
1142 2352 1309 2409 intuitu)
1348 2352 1566 2397 Ecclesiae
1603 2370 1622 2395 <c
1648 2357 1736 2399 uni-

110 2433 254 2465 versae
287 2426 357 2465 aut
399 2421 517 2465 Sedis
563 2422 843 2478 Apostolicae,
888 2422 953 2466 vel
987 2425 1110 2466 etiam
1161 2425 1289 2480 ipsius
1323 2438 1523 2481 personae
1571 2426 1739 2470 moralis

107 2493 145 2534 in
180 2491 363 2536 Ecclesia
383 2508 404 2533 »
443 2492 551 2549 (can.
589 2493 734 2550 1498),
770 2493 810 2550 c)
844 2492 907 2536 vel
936 2493 1076 2551 pietas
1101 2493 1213 2551 (euni
1240 2498 1414 2551 pecunia
1439 2509 1545 2553 quae
1570 2511 1618 2540 ex
1644 2497 1738 2541 alie-

106 2564 271 2606 natione
305 2562 559 2620 obtineatur)
592 2565 840 2619 exercenda,
880 2578 916 2605 v.
950 2578 1012 2621 gr.
1039 2567 1076 2607 in
1103 2577 1252 2621 magna
1276 2579 1464 2610 annonae
1487 2568 1738 2621 deficientia,

106 2645 205 2690 erga
237 2633 405 2677 civilem
440 2637 696 2690 societatem,
731 2647 837 2692 quae
871 2639 914 2678 ut
946 2635 1060 2679 salva
1096 2638 1160 2685 sit,
1187 2639 1380 2680 maximis
1404 2638 1587 2695 indigeat
1609 2633 1737 2682 subsi-

105 2703 196 2758 diis,
231 2708 310 2748 etc.
343 2704 563 2759 Quaelibet
597 2718 648 2749 ex
683 2705 815 2749 tribus
848 2708 985 2749 causis
1017 2707 1169 2750 sufficit
1203 2713 1370 2764 propter
1395 2709 1638 2764 particulam
1677 2709 1737 2752 vel

104 2774 415 2827 disiunctivam,
450 2788 528 2819 non
564 2775 684 2819 aliter
716 2788 764 2820 ac
799 2778 836 2818 in
873 2779 962 2820 iure
997 2779 1126 2820 veteri
1163 2791 1406 2834 expressum
1442 2785 1516 2823 est.
1535 2781 1601 2824 Sic
1625 2782 1733 2823 enim

222 2929 233 2950 ¹
262 2928 368 2973 Cap(
385 2931 402 2962 1
437 2944 450 2958 «
470 2928 515 2963 de
540 2928 658 2963 rebus
682 2928 869 2963 ecclesiae
895 2929 1117 2964 alienandis
1145 2930 1206 2964 vel
1233 2942 1310 2966 non
1332 2947 1345 2961 »
1379 2932 1466 2975 (ΙΙΙ,
1485 2934 1542 2977 13)
1562 2933 1612 2967 X.
