1965 3240
153 119 222 151 422
295 118 378 152 Lus.
407 118 475 152 111.
503 139 514 143 -
542 118 652 154 PARS
678 120 723 154 V.
753 141 765 147 -
793 121 849 157 De
874 122 995 166 benef.
1024 126 1059 158 et
1085 126 1211 158 instit.
1239 125 1365 160 eccles.
1394 136 1473 159 non
1499 126 1629 170 eolley.

155 227 227 293 ris)
262 240 323 280 ius
357 240 394 280 in
431 240 516 294 ipso
552 238 764 293 beneficio,
801 246 842 284 ut
877 246 990 285 tuum
1026 242 1106 285 dici
1149 242 1297 298 valeat,
1329 257 1407 287 non
1433 247 1654 300 acquiras:
1691 248 1775 302 ipse

156 312 289 350 tamen
315 307 557 365 Episcopus,
598 310 658 353 vel
685 314 937 369 quicumque
970 312 1075 355 alius
1106 314 1157 356 de
1193 316 1278 370 ipso
1314 314 1529 370 beneficio,
1562 317 1661 373 (nisi
1684 330 1777 360 con-

152 380 305 421 sentire
340 380 522 436 recuses)
557 382 595 423 in
643 395 857 437 personam
903 383 1072 426 alterius
1111 385 1305 428 ordinare
1349 385 1547 443 nequibit.
1591 387 1709 441 Quod
1743 390 1776 430 si

154 450 310 504 fecerit,
353 453 442 494 eius
485 452 689 495 ordinatio
734 454 838 496 facta
872 455 924 497 de
960 453 1161 498 beneficio
1196 469 1273 498 non
1321 456 1463 511 libero,
1507 457 1663 501 viribus
1696 471 1776 501 non

153 518 360 565 subsistet.
394 522 472 565 Sed
507 524 539 565 si
572 522 800 580 Episcopus
833 524 1058 581 (notificata
1095 525 1166 569 tibi
1191 526 1423 581 collatione)
1444 528 1494 571 ad
1520 531 1776 572 consentien-

155 590 253 633 dum
287 594 508 636 terminum
546 597 846 650 competentem
881 598 1075 651 assignet,
1110 598 1184 639 nisi
1224 600 1496 651 consenseris,
1541 601 1689 654 poterit
1731 613 1778 642 eo

156 660 269 717 lapso
302 661 550 706 beneficium
588 664 715 708 libere
749 668 830 721 (cui
869 666 1017 709 viderit
1050 667 1266 725 expedire)
1301 669 1501 711 conterre.
1544 669 1777 726 Antequam

157 736 293 775 tamen
329 735 462 790 ipsum
497 735 732 791 contulerit,
767 741 881 779 tuum
919 739 1070 792 poteris
1103 744 1199 792 (non
1224 737 1411 782 obstante
1434 739 1543 797 quod
1569 740 1706 796 lapsus
1728 742 1779 783 sit

155 803 375 860 terminus)
410 810 620 860 praestare
653 819 914 859 consensum,
948 811 987 849 et
1018 820 1067 850 ex
1103 812 1199 851 tunc
1232 808 1282 851 de
1317 811 1403 865 ipso
1436 823 1514 852 non
1542 812 1689 866 poterit
1711 810 1780 853 ali-

158 877 219 915 ter
251 875 433 918 ordinari
457 891 496 916 ».

276 945 372 989 338.
409 948 669 994 Distinctio
702 951 828 995 inter
866 952 1150 996 collatorem
1174 955 1223 996 et
1245 954 1494 1008 provisum
1533 954 1777 998 servanda

158 1017 236 1058 iam
272 1016 512 1061 decernitur
536 1018 597 1062 bis
623 1019 761 1063 verbis
780 1023 817 1063 in
842 1033 930 1076 cap.
967 1021 990 1063 7
1021 1037 1042 1061 ((
1065 1021 1115 1064 de
1140 1020 1386 1078 praebendis
1410 1028 1449 1066 et
1467 1022 1776 1077 dignitatibus»

157 1085 240 1142 (ΙΙΙ,
275 1087 347 1144 7);
387 1088 533 1132 «Cum
567 1092 673 1133 inter
705 1091 869 1134 dantem
905 1096 942 1134 et
979 1094 1244 1148 recipientem
1280 1092 1428 1136 debeat
1461 1106 1550 1136 esse
1573 1093 1781 1136 distinctio

157 1158 446 1212 personalis».
483 1159 570 1203 Hoc
605 1163 853 1218 principium
889 1164 947 1205 sic
981 1162 1215 1218 applicatur
1248 1162 1299 1207 ab
1332 1163 1449 1206 Alex.
1486 1163 1535 1206 ΙΙΙ
1571 1166 1609 1206 in
1633 1176 1721 1219 cap.
1758 1163 1781 1206 ‚⁶2

161 1243 183 1267 c<
206 1227 257 1271 de
290 1229 531 1273 excessibus
566 1231 886 1287 praelatorum»
925 1231 988 1289 (V,
1024 1233 1125 1289 31):
1166 1250 1187 1274 α
1211 1233 1272 1277 Ad
1308 1247 1429 1277 aures
1463 1239 1622 1277 nostras
1640 1246 1784 1290 perve-

156 1300 216 1341 nit
248 1301 356 1357 quod
392 1302 560 1358 quidam
596 1301 889 1346 Archidiaconi
914 1306 971 1346 tui
1005 1317 1048 1347 se
1082 1304 1293 1358 ecclesias,
1324 1317 1430 1362 quae
1465 1307 1502 1347 in
1537 1307 1622 1348 suis
1652 1304 1782 1347 archi-

157 1370 445 1415 diaconatibus
492 1378 650 1427 vacant,
696 1377 941 1417 auctoritate
986 1378 1150 1431 propria
1196 1376 1408 1419 intrudere
1446 1389 1524 1418 non
1573 1380 1779 1418 verentur.
1826 1375 1829 1377 ’

157 1440 413 1497 Mandamus‚
448 1448 653 1500 quatenus
686 1458 768 1499 eos,
803 1448 873 1503 qui
908 1445 976 1488 tali
1012 1447 1135 1489 modo
1158 1446 1355 1490 ecclesias
1377 1450 1582 1502 occupant
1617 1446 1678 1489 vel
1713 1458 1780 1489 oc-

157 1517 328 1569 cupatas
359 1514 557 1569 detinent,
591 1515 641 1558 ad
677 1528 746 1559 eas
778 1516 1046 1560 dimittendas
1078 1530 1252 1560 censura
1287 1517 1566 1561 ecclesiastica
1600 1516 1779 1573 compel-

158 1583 243 1628 las:
279 1588 319 1627 et
351 1585 517 1628 easdem
550 1586 747 1630 ecclesias
780 1588 831 1630 de
866 1591 1050 1644 personis
1073 1589 1231 1631 idoneis
1255 1588 1463 1642 ordinans,v
1490 1589 1694 1645 praefatos
1716 1600 1779 1630 ar-

156 1654 423 1699 chidiaconos
457 1670 529 1713 pro
563 1662 673 1700 tanta
709 1661 1057 1715 praesumptione,
1091 1658 1227 1702 debita
1262 1673 1382 1702 cures
1419 1659 1782 1702 animadversione

160 1728 368 1782 punire».
419 1726 525 1770 Huic
575 1729 652 1771 iuri
702 1729 928 1772 concordat
959 1743 1049 1772 ean.
1096 1731 1211 1773 1437
1247 1730 1417 1773 dicens:
1453 1729 1594 1776 Nemo,
1628 1731 1697 1785 qui
1732 1730 1782 1771 sit

158 1786 344 1845 collator,
384 1803 521 1856 polest
567 1799 702 1843 valide
744 1799 983 1856 beneficium
1026 1813 1124 1843 suae
1167 1801 1447 1856 dispositionis
1480 1800 1559 1843 sibi
1589 1801 1783 1858 quamvis

159 1868 291 1912 electo
328 1870 389 1913 vel
425 1875 686 1926 praesentato
719 1871 810 1928 ipse
843 1884 915 1927 per
947 1884 989 1913 se
1017 1871 1077 1914 vel
1105 1884 1177 1927 per
1199 1871 1325 1914 alium
1350 1870 1544 1930 conferre
1565 1870 1783 1914 collatione

160 1939 301 1989 libera,
336 1942 651 1984 confirmatione
684 1946 755 1984 aut
788 1944 1057 1985 institutione.

278 2012 375 2054 339-
411 2013 695 2059 Subiectiva
731 2014 1083 2059 beneficiorum
1117 2016 1421 2070 perpetuitas
1453 2015 1512 2056 sic
1545 2014 1783 2056 decernitur

161 2084 198 2124 in
220 2095 309 2138 cap.
330 2083 353 2125 3
377 2099 399 2124 «
422 2084 473 2126 de
496 2082 788 2126 donationibus
810 2099 832 2123 »
872 2082 905 2126 X
930 2083 1014 2141 (ΙΙΙ,
1039 2083 1112 2140 34)
1133 2101 1140 2128 ;
1180 2083 1277 2126 «lta
1304 2084 1412 2141 quod
1441 2096 1653 2140 personae,
1676 2094 1782 2140 quae

161 2154 239 2195 iam
275 2154 406 2196 dictas
439 2153 637 2197 ecclesias
671 2153 892 2209 possident,
925 2156 1013 2197 sine
1047 2156 1227 2210 ipsorum
1252 2166 1436 2209 assensu⁷
1461 2155 1582 2197 eisin
1610 2155 1691 2195 vita
1710 2163 1783 2195 sua

162 2237 238 2266 non
283 2223 460 2267 debeant
501 2224 731 2280 spoliari»,
775 2237 847 2267 seu
891 2229 933 2267 ut
976 2225 1157 2281 explicat
1189 2224 1308 2269 Alex.
1346 2224 1393 2267 ΙΙΙ
1428 2227 1466 2267 in
1501 2236 1590 2280 cap.
1626 2223 1649 2266 3
1687 2239 1709 2264 «
1732 2222 1783 2266 de

159 2294 294 2337 officio
330 2296 472 2337 vicarii
497 2310 518 2335 »
558 2293 591 2336 X
626 2294 674 2350 (l,
710 2293 782 2351 ⁶28)
818 2294 989 2351 loquens
1012 2295 1062 2338 de
1100 2310 1121 2336 «
1147 2297 1315 2345 vicario,
1341 2308 1464 2352 quem
1489 2296 1528 2336 in
1553 2293 1700 2337 eadem
1722 2305 1785 2335 ec-

158 2363 282 2407 clesia
319 2367 492 2408 instituit
525 2365 807 2421 (personatum
842 2364 998 2408 babens
1031 2365 1141 2408 illius
1183 2364 1417 2421 ecclesiae),
1461 2364 1512 2408 de
1545 2377 1713 2407 assensu
1745 2366 1785 2405 et

159 2437 404 2478 auctoritate
437 2436 671 2479 dioecesani
706 2435 959 2492 Episcopi»,
993 2436 1102 2492 quod
1147 2448 1224 2478 non
1268 2440 1399 2492 potest
1430 2435 1482 2478 ab
1513 2434 1686 2478 ecclesia
1723 2446 1783 2476 re-

161 2508 320 2548 moveri
359 2521 380 2546 «
405 2508 479 2548 nisi
514 2505 669 2563 aliquid
704 2508 946 2555 committat,
981 2511 1148 2562 propter
1180 2506 1289 2563 quod
1316 2520 1388 2562 per
1411 2505 1590 2548 iudicem
1615 2506 1653 2547 in
1682 2505 1787 2547 vica-

163 2578 218 2620 ria
253 2579 303 2620 sit
341 2576 402 2619 vel
448 2576 650 2620 beneficio
697 2577 1098 2620 condemnandus».
1131 2602 1189 2607 —
1222 2575 1356 2634 Atque
1403 2576 1454 2619 de
1505 2576 1680 2632 provisis
1713 2587 1786 2630 per

160 2649 455 2690 institutionem
490 2652 584 2690 sunt
617 2659 780 2704 quoque
813 2647 894 2690 duo
928 2646 1078 2689 similia
1123 2649 1404 2703 praescripta:
1448 2659 1541 2689 nam
1582 2644 1700 2687 Alex.
1734 2643 1784 2686 ΙΙΙ

161 2719 324 2773 aitcap.
350 2718 373 2758 9
412 2717 508 2760 «de
543 2719 630 2760 iure
666 2721 947 2772 patronatus»
986 2715 1018 2759 X
1055 2716 1140 2773 (ΙΙΙ,
1161 2715 1263 2773 38):
1304 2715 1583 2759 «Absurdum
1621 2714 1785 2757 videtur

161 2790 344 2842 omnino,
380 2792 421 2830 ut
453 2788 504 2831 ad
538 2787 722 2843 singulas
757 2792 1022 2843 patronorum
1057 2787 1285 2830 secundum
1321 2786 1543 2829 humanam
1583 2783 1781 2828 conditio-

162 2870 254 2900 nem
292 2860 551 2911 mutationeS,
584 2857 852 2900 ecclesiarum
888 2856 1169 2899 ordinationes
1219 2861 1489 2899 mutentur».
1525 2858 1577 2899 Et
1615 2856 1653 2896 in
1692 2866 1783 2909 cap.
