1965 3240
159 117 227 151 472
300 115 383 149 Lus.
409 114 479 148 III.
506 134 518 138 -
546 113 656 148 PARS
682 114 727 148 V.
756 134 770 140 -
795 114 852 149 De
876 113 1001 156 benef.
1029 116 1063 148 et
1089 115 1216 148 instit.
1245 112 1370 146 eccles.
1400 120 1481 145 non
1507 112 1636 156 colleg.

165 240 253 292 post
286 234 583 278 detractionem
619 234 726 275 inter
759 245 921 275 menses
954 231 1003 275 ad
1038 231 1140 274 dies.
1175 229 1286 273 Haec
1319 229 1525 286 generalis
1548 242 1692 274 norma
1716 244 1787 274 ex·
1850 278 1852 282 ,
1904 210 1906 245 f

164 307 373 362 ceptiones
415 304 594 347 admittit
637 307 916 359 congruenter
960 304 1038 345 iuri
1079 301 1370 358 praecedenti:
1404 300 1490 343 nisi
1521 300 1562 357 a)
1596 300 1790 358 leqitima
1906 292 1908 351 ζ

165 379 277 419 iuxta
311 389 363 418 ss.
398 387 577 418 canones
614 372 867 416 consuetudo
902 372 1044 430 b)c1ut
1073 370 1315 429 peculiaria
1350 383 1619 427 personarum
1653 384 1789 415 mora-

166 447 263 490 lium
299 450 475 495 statuta,
510 458 588 487 non
624 444 885 499 dioecesana,
920 445 1017 501 quia
1051 443 1102 486 de
1135 441 1198 485 his
1231 441 1366 485 locum
1401 454 1481 484 non
1515 441 1639 485 habet
1679 442 1788 500 quod

165 519 243 561 sint
276 516 360 559 rite
393 514 641 573 approbata,
674 515 714 558 id
748 519 836 559 est:
872 517 984 557 iuxta
1018 526 1159 557 sacros
1191 525 1382 566 canones,
1407 514 1515 569 quod
1541 516 1676 556 tamen
1703 526 1790 569 pro·

167 590 255 645 prie
289 588 369 631 dici
404 591 536 644 potest
568 586 619 629 de
652 585 803 629 tabulis
835 585 1114 628 fundationis:
1148 583 1398 641 additurque
1431 583 1597 641 quando
1622 583 1690 627 illa
1726 583 1790 627 vel

166 659 269 702 haec
303 657 435 700 alium
468 657 606 700 iustae
628 656 856 699 secundum
883 657 1082 698 rationem
1102 653 1416 712 compositionis
1434 667 1485 697 ex
1509 666 1588 697 una
1607 653 1792 697 alterave

170 734 284 787 parte
317 728 368 772 ob
401 729 734 772 circumstantias
766 725 934 770 modum
969 739 989 769 a
1023 738 1168 769 norma
1202 724 1696 776 diversuminduoeerint,
1719 738 1791 768 seu

169 800 277 843 illius
310 799 420 842 modi
456 800 595 855 praxis
628 797 811 841 obtenta.

287 871 383 914 386.
419 871 493 916 De
525 871 753 916 beneficii
787 871 1025 916 reditibus
1046 872 1269 925 tempore
1292 869 1568 914 vacationis
1594 869 1792 924 praescri-

170 942 227 986 bit
245 944 322 985 iuri
346 943 475 984 veteri
496 939 729 996 partialiter
748 953 982 996 congruens
1001 940 1106 995 (can.
1131 940 1169 993 6,
1189 937 1251 995 3⁰)
1271 952 1361 981 caiz.
1383 939 1511 981 1481,
1531 937 1572 994 3)
1594 936 1794 981 Deductis

169 1027 218 1057 ex
255 1012 445 1056 beneficii
489 1010 691 1054 reditibus
735 1010 954 1053 cuiuslibet
980 1009 1163 1067 yeneris,
1201 1023 1236 1055 v.
1271 1023 1333 1066 gr.
1369 1008 1420 1052 ob
1457 1014 1586 1065 taxas,
1622 1008 1674 1052 ob
1705 1012 1793 1066 agri

169 1084 220 1142 (si
254 1084 362 1141 quod
400 1082 620 1140 possideat)
653 1082 874 1136 culturam,
907 1087 984 1126 etc.
1019 1080 1224 1139 eoepeizsis,
1244 1085 1282 1123 et
1316 1079 1359 1137 b)
1392 1079 1508 1123 salvo
1528 1080 1796 1138 praescripto

170 1170 260 1198 ean.
295 1156 401 1202 47⁴3,
436 1168 474 1199 n.
512 1156 549 1205 1,
585 1153 635 1196 de
674 1155 923 1209 «assignata
958 1153 1093 1196 eidem
1129 1151 1306 1209 (vicario
1349 1164 1575 1194 oeconomo
1611 1153 1797 1194 vacantis

170 1224 405 1283 paroeciae)
441 1229 557 1280 parte
592 1225 800 1267 fructuum
838 1237 910 1280 pro
943 1235 1126 1279 congrua
1164 1223 1524 1277 sustentatione»,
1563 1233 1667 1278 quae
1703 1233 1796 1277 pars

138 1310 140 1312 ’
170 1301 230 1340 est
261 1308 426 1353 quoque
459 1294 717 1348 deducenda,
751 1292 917 1351 fluctus
951 1293 1104 1336 residui
1139 1305 1282 1335 omnes
1314 1305 1363 1335 ex
1399 1292 1493 1335 dote
1521 1290 1707 1347 beneficii
1729 1304 1797 1335 cu—

170 1366 334 1411 iuslibet
367 1364 571 1420 vacanti8‚
604 1367 693 1407 sive
727 1366 1003 1421 episcopatus,
1036 1366 1126 1407 sive
1159 1376 1252 1407 cum
1288 1365 1520 1406 animarum
1555 1374 1669 1417 cura,
1707 1364 1796 1405 sive

170 1438 326 1495 absque
360 1439 461 1493 ipsa,
494 1436 536 1493 a)
566 1449 645 1493 pro
677 1435 816 1478 altera
849 1435 1029 1478 dimidia
1058 1440 1183 1492 parte
1216 1438 1457 1477 accrescunt
1489 1433 1578 1477 doti
1611 1433 1796 1490 beneficii

170 1508 392 1565 singularis
427 1507 490 1550 vel
526 1509 564 1549 in
589 1505 775 1550 ecclesiis
797 1508 1039 1561 numeratis,
1059 1519 1139 1548 non
1158 1505 1314 1548 directe
1334 1503 1533 1547 fructibus
1552 1506 1665 1558 eius;
1697 1517 1797 1560 ergo

170 1582 202 1623 si
237 1584 297 1623 est
331 1592 395 1622 res
426 1580 558 1635 pretio
592 1576 861 1621 aestimabilis
896 1579 933 1619 in
969 1578 1187 1633 pecuniam
1223 1580 1283 1619 est
1306 1572 1796 1629 conimutanda,'ethaec

171 1656 240 1694 aut
272 1652 304 1693 si
339 1653 498 1692 constat
532 1650 720 1704 pecunia,
754 1652 815 1691 est
846 1661 1010 1704 semper
1043 1651 1272 1703 opportune
1307 1646 1566 1689 investienda
1601 1648 1639 1688 in
1681 1645 1797 1689 bonis

170 1721 390 1777 frugiteris,
427 1719 492 1762 vel
526 1719 768 1762 collocanda
791 1721 830 1761 in
856 1718 1128 1774 obligationes
1161 1730 1399 1761 mensarum
1421 1716 1795 1760 nummulariorum

172 1792 384 1849 publicive
428 1790 569 1833 debiti.
614 1789 655 1832 ln
699 1789 885 1832 ecclesiis
928 1793 1065 1832 autem
1100 1801 1179 1831 non
1215 1789 1442 1843 numeratis
1475 1787 1542 1830 illa
1580 1787 1797 1831 «dimidia

172 1876 309 1920 pars»
347 1863 548 1905 accrescit
581 1873 660 1903 non
705 1860 862 1903 directe
904 1859 999 1903 huic
1042 1859 1243 1903 beneficio
1287 1858 1410 1901 modo
1443 1857 1669 1912 declarato,
1702 1870 1794 1901 nam

172 1935 358 1991 sequitur
392 1933 692 1989 praescriptum
727 1930 790 1973 vel
821 1944 988 1973 massae
1020 1929 1240 1981 communi,
1263 1941 1370 1987 quae
1393 1933 1504 1972 tenet
1528 1928 1664 1972 locum
1687 1928 1796 1971 dotis

172 2004 352 2062 plurium
388 2003 685 2046 beneficiorum
721 2004 758 2044 in
793 2001 966 2044 ecclesia
1003 2000 1084 2044 illa.
1118 2000 1159 2043 ln
1195 2005 1370 2057 utroque
1397 2012 1495 2042 vero
1520 2012 1617 2043 casu
1637 2012 1716 2056 pro
1740 1998 1798 2041 al·

175 2081 265 2118 tera
303 2073 517 2117 «dimidia
553 2077 668 2129 parte
702 2073 910 2115 fructuum
947 2071 1136 2115 beneticii
1161 2086 1200 2125 )›‚
1234 2073 1303 2127 qui
1328 2082 1452 2126 supra
1478 2071 1644 2113 fuerunt
1667 2070 1798 2113 deter-

173 2145 329 2198 minati,
366 2142 405 2185 hi
440 2141 590 2185 cedunt
621 2141 812 2199 lubricae
829 2140 1028 2183 eeclesiae
1046 2140 1372 2194 conservandae,
1399 2139 1460 2183 vel
1487 2138 1797 2187 restaurandae,

173 2228 245 2257 seu
268 2213 459 2256 sacrario
483 2213 533 2256 ad
558 2212 693 2256 cultus
711 2212 843 2255 divini
868 2213 1112 2254 exercitium
1144 2224 1215 2267 per
1243 2223 1360 2253 sacra
1394 2209 1585 2253 utensilia
1604 2214 1644 2252 et
1660 2213 1798 2252 cetera

174 2286 418 2339 necessaria,
439 2297 532 2327 cum
553 2284 740 2341 sequenti
761 2284 1006 2338 exceptione
1025 2281 1130 2325 lianc
1147 2281 1209 2325 vel
1230 2285 1452 2338 utramque
1466 2280 1616 2323 dictam
1639 2284 1795 2336 partem

175 2357 420 2412 respiciente
441 2371 448 2397 :
478 2353 596 2396 salva
616 2353 806 2410 legitima
830 2355 940 2396 iuxta
966 2365 1146 2396 canones
1168 2354 1227 2395 tit.
1248 2351 1294 2401 11,
1319 2351 1405 2394 Lib.
1438 2351 1467 2405 l,
1501 2349 1801 2394 consuetudine

175 2426 273 2474 sola,
299 2439 379 2483 qua
402 2424 567 2482 fructus
600 2437 756 2477 onmes,
781 2417 852 2466 vel
870 2436 1012 2466 eorum
1038 2436 1133 2479 pars
1154 2427 1326 2479 propter
1348 2435 1434 2478 reg.
1458 2423 1559 2464 iuris
1582 2421 1635 2464 80
1660 2423 1699 2463 in
1725 2421 1768 2463 6⁰
1789 2437 1797 2463 :
1837 2442 1842 2446 ·

182 2497 266 2539 «ln
301 2500 384 2539 toto
417 2502 576 2551 partem
621 2507 703 2538 non
743 2491 804 2537 est
845 2493 1017 2537 dubium
1054 2495 1326 2547 contineri»,
1360 2504 1483 2548 supra
1516 2490 1713 2534 declarati
1747 2490 1800 2534 ob

177 2566 469 2610 deductionem
503 2566 618 2607 initio
650 2566 818 2608 canonis
849 2563 926 2607 sul)
960 2564 1105 2606 litteris
1127 2563 1168 2619 3)
1201 2567 1240 2606 et
1274 2562 1316 2619 b)
1349 2562 1393 2605 in
1416 2561 1564 2605 bomem
1589 2574 1801 2604 commune

176 2637 424 2688 dioeceseos,
458 2647 506 2679 ac
538 2635 711 2692 proinde
743 2633 819 2677 sub
853 2646 952 2677 cura
986 2634 1225 2677 immediata
1257 2630 1468 2678 Ordinarii
1504 2632 1580 2675 loci
1620 2636 1659 2674 et
1686 2631 1797 2674 dioe-

177 2709 313 2752 cesani
348 2705 513 2750 Consilii
548 2706 930 2759 administrationis,
964 2709 1204 2761 eroyentm·‚
1237 2703 1285 2747 ad
1321 2714 1488 2746 normas
1507 2703 1717 2759 sequentis
1739 2700 1799 2743 Ti-

177 2779 249 2822 tuli
282 2775 466 2833 xxviii,
504 2776 566 2819 vel
600 2776 777 2820 aliorum
827 2787 1032 2818 canonum
1065 2777 1133 2832 qui
1181 2787 1376 2831 personas
1419 2772 1596 2816 morales
1636 2776 1798 2828 regunt,

181 2864 218 2894 v.
253 2862 312 2902 gr.
347 2847 592 2899 Seminaria‚
625 2846 674 2889 ad
707 2845 856 2889 bonum
892 2845 990 2888 illud
1026 2845 1181 2889 directe
1214 2844 1438 2888 ordinatas.
