1965 3240
160 108 230 142 520
349 106 433 140 LIB.
463 105 534 138 ΠΙ.
563 124 576 130 -
601 104 713 138 PARS
738 103 804 138 VI.
834 123 846 128 -
871 103 929 138 De
952 104 1062 138 bonis
1089 102 1280 137 Ecclesiae
1309 92 1586 146 temporalibus

165 228 275 269 venit
308 238 474 282 quoque
509 227 723 266 numerata
759 224 947 279 pecunia,
979 235 1051 264 seu
1083 219 1312 263 immobilia
1345 220 1396 263 ad
1429 232 1534 277 quae
1579 221 1784 274 pertinent

159 295 398 353 syngrapha
420 308 491 338 seu
517 293 792 350 obligationes
815 295 1013 336 interesse
1039 292 1326 348 producentes,
1347 304 1437 333 cum
1455 289 1649 333 oneribus
1670 289 1787 333 bonis

110 410 114 412 Α
159 366 395 410 huiusmodi
431 370 470 409 et
504 365 1013 421 111-3030111111,011111030οθ
1037 362 1088 406 ob
1113 364 1317 405 testatoris
1354 360 1605 404 voluntatem
1639 359 1788 403 adiun-

159 437 236 481 ctis
270 436 475 490 indicare,
509 435 635 479 idest:
670 436 897 478 summarie
930 438 1023 477 nota
1057 434 1206 477 tacere.
1231 432 1277 475 El
1303 431 1399 475 huic
1424 434 1677 488 praescripto
1706 431 1785 474 tale
1858 486 1861 487 7

159 508 319 564 pondus
353 506 562 562 legislator
597 519 669 561 pro
703 504 810 566 bono
843 505 1052 548 communi
1087 502 1287 557 attribuit,
1324 506 1367 545 ut
1398 504 1458 545 sic
1487 505 1784 558 prosequatur:
1835 503 1855 518 ‘³

159 577 269 637 quod
299 577 337 620 si
369 576 551 620 donator
585 589 656 631 per
689 575 933 619 alterutrum
975 579 1150 617 «actum
1176 589 1196 615 ))
1234 585 1359 630 supra
1393 573 1631 616 distinctum
1658 570 1701 614 id
1724 584 1787 615 03-

159 662 267 693 none
302 651 456 691 iussum
491 660 688 704 eoepresse
721 646 888 703 liquidis
925 644 1061 688 verbis
1093 649 1132 687 et
1164 644 1347 693 omnino,
1371 644 1490 686 firma
1514 656 1614 699 ergo
1641 641 1784 685 volun·
1851 656 1854 658 ’

157 725 255 775 1310,
287 717 566 777 prohibuerit,
606 717 826 761 «clericus
877 716 939 759 vel
976 715 1235 772 religiosus»
1274 713 1471 771 fiduciam
1513 712 1588 757 sibi
1634 714 1785 756 factam

159 805 209 834 ne
242 795 438 848 acceptet,
473 789 638 847 quando
673 789 762 831 fieri
797 792 1019 844 oporteret.
1054 786 1167 830 Alias
1200 793 1392 842 peccaret
1422 773 1566 829 contra
1591 784 1700 828 110110
1723 796 1787 827 03-

158 875 325 905 000001

276 932 474 977 Ultimam
507 931 801 982 declarationis
836 933 874 973 iu
910 929 1192 973 Bellovacensi
1228 933 1385 985 partem
1422 928 1546 970 refert
1576 929 1601 980 ἓ
1631 928 1673 969 2.
1713 924 1786 969 Or-

157 1003 357 1047 dinarius
390 1003 499 1058 (cau.
536 1002 634 1056 198,
668 1001 695 1058 ξ
730 1001 785 1058 1),
812 1003 880 1058 qui
905 1012 1029 1057 supra
1053 999 1289 1043 declaratus
1311 1004 1385 1053 est,
1408 997 1525 1041 debet
1547 999 1704 1041 ratione
1728 997 1786 1040 of-

159 1076 241 1118 ficii
274 1076 336 1118 sui
371 1086 418 1117 30
452 1076 553 1117 iuris
587 1073 756 1129 eoeiyere
788 1075 910 1115 etiam
947 1073 1179 1128 praeceptis
1211 1083 1259 1114 ac
1294 1082 1519 1125 poenarum
1559 1069 1786 1111 commina-
1819 1080 1821 1083 ’
1931 1044 1933 1059 Α

159 1148 269 1188 tione
301 1144 352 1188 ab
386 1144 454 1187 illo
494 1160 512 1185 «
537 1141 688 1188 clerico
725 1143 787 1187 vel
823 1143 1059 1199 religioso»
1100 1147 1143 1184 ut
1176 1140 1282 1184 bova
1314 1139 1546 1197 fiduciaria
1568 1151 1691 1195 supra
1717 1138 1787 1200 (le-

157 1215 312 1259 clarata
360 1217 398 1257 in
446 1214 474 1272 ξ
521 1213 562 1257 1⁰
596 1218 634 1268 a)
666 1214 711 1257 iii
746 1218 833 1256 tuto
867 1212 1136 1266 collocentur,
1181 1216 1266 1254 tum
1319 1210 1424 1254 bona
1472 1208 1655 1263 mobilia,
1702 1214 1785 1252 tum

158 1288 377 1342 pecuniam
411 1290 451 1329 et
483 1284 806 1342 syngrapha,ne
842 1285 1030 1326 furentur
1062 1287 1133 1326 aut
1165 1294 1431 1338 quocumque
1456 1280 1577 1323 modo
1602 1283 1786 1336 pereant,

158 1356 201 1414 b)
235 1362 275 1399 et
307 1355 488 1413 viyitare
521 1369 614 1399 cum
650 1355 798 1399 effectu
828 1368 905 1412 pro
939 1354 1204 1397 exsecutione
1236 1352 1347 1395 fideli
1381 1356 1420 1395 et
1454 1351 1572 1408 plena
1596 1350 1695 1408 piae
1721 1363 1786 1393 vo-

158 1426 339 1470 luntatis
372 1426 571 1470 alterutro
604 1426 843 1482 supradicto
879 1425 999 1468 modo
1046 1424 1236 1481 panditae
1275 1423 1468 1480 equidem
1509 1420 1564 1464 ad
1596 1434 1787 1464 normam

158 1512 248 1541 caii.
284 1500 396 1541 1515
429 1497 680 1541 servandam
717 1497 897 1553 perfecte
934 1498 970 1538 vi
1006 1497 1107 1539 iuris
1139 1492 1352 1539 Ordinarii
1398 1493 1553 1536 ibidem
1587 1493 1786 1547 expressi.

274 1568 393 1623 Quod
428 1569 612 1611 diximus
645 1568 695 1611 de
731 1569 888 1611 motivo
914 1568 1111 1623 primario
1135 1565 1257 1608 huius
1280 1566 1451 1608 canonis
1474 1563 1693 1606 confirmat
1717 1574 1788 1618 per

158 1640 465 1683 distinctionem
499 1652 649 1682 causae
686 1641 776 1695 piae
809 1642 993 1681 statuens
1025 1638 1112 1691 ἐῶ).
1140 1635 1269 1679 Bonis
1293 1634 1543 1692 fiduciariis,
1573 1645 1679 1691 quae
1702 1631 1788 1676 sola

158 1710 398 1754 moderatur
417 1722 612 1767 praesens
635 1722 780 1763 canon,
801 1708 933 1752 alicui
955 1707 1155 1765 reliqioso
1179 1710 1372 1763 exempto
1401 1705 1462 1748 vel
1490 1718 1571 1748 non
1594 1707 1789 1758 exempto

158 1780 403 1837 commissis,
437 1780 477 1837 a)
511 1780 549 1823 si
581 1779 747 1838 quidem
781 1779 886 1822 boiia
909 1779 994 1821 sint
1017 1777 1225 1821 attributa
1254 1777 1446 1820 donantis
1472 1775 1682 1818 voluntate
1707 1772 1789 1816 loci

159 1852 285 1895 idest:
308 1851 554 1905 Vicariatus,
580 1851 870 1894 Praefecturae
903 1848 1166 1905 Apostolicae
1189 1862 1261 1890 seu
1284 1846 1498 1899 dioecesis,
1539 1848 1697 1888 «cuius
1722 1857 1790 1887 uo—

159 1925 269 1966 1111110
297 1924 409 1965 venit
432 1935 596 1979 quoque
620 1921 785 1965 abbatia
812 1920 875 1964 vel
901 1919 1135 1976 praelatura
1159 1919 1346 1962 nullius»
1388 1916 1645 1974 (can.215,§
1662 1914 1719 1972 ⁶2),
1745 1913 1786 1971 a)

158 1992 358 2043 ecclesiis,
393 2006 566 2049 nempe:
601 1992 651 2036 ad
685 2005 777 2035 eam
802 1990 1102 2048 pertinentibus
1125 1989 1398 2043 subiectione,
1423 1987 1466 2044 b)
1490 1985 1658 2036 incolis,
1685 1986 1789 2028 idest

163 2066 393 2120 «personis
428 2066 466 2106 in
501 2063 589 2107 loco
622 2062 880 2106 domicilium
920 2060 1211 2105 habentibus»
1252 2059 1360 2117 (can.
1387 2058 1477 2116 91),
1511 2057 1550 2115 c)
1587 2062 1661 2100 aut
1702 2055 1788 2114 piis

158 2134 297 2177 causis
329 2137 492 2191 saepius
524 2134 746 2178 declaratis
778 2146 902 2189 supra
936 2131 1133 2175 iuvandis
1168 2145 1240 2188 per
1273 2131 1381 2174 dicta
1417 2129 1522 2173 bona
1557 2140 1787 2185 eorumque

159 2206 331 2259 fructus,
369 2203 629 2248 Ordinariics
661 2203 712 2247 de
750 2217 828 2261 quo
872 2205 1023 2246 mentio
1068 2202 1112 2245 fit
1154 2202 1197 2245 in
1239 2201 1296 2260 ἐξ
1329 2204 1364 2249 1,
1397 2202 1428 2243 2
1462 2200 1585 2243 huius
1619 2199 1788 2242 canonis

159 2280 316 2319 tantum
368 2289 416 2318 ex
469 2280 680 2330 contextu,
714 2279 775 2317 est
818 2273 899 2317 loci
941 2272 1213 2328 OrdinariuS,
1249 2285 1330 2329 quo
1371 2272 1578 2314 «nomine
1616 2270 1789 2312 veniunt

160 2358 302 2388 omnes
337 2348 525 2389 recensiti
561 2345 617 2402 (in
652 2347 676 2399 g
711 2345 753 2387 10
788 2350 891 2387 03113.
929 2343 1041 2398 198),
1076 2344 1261 2399 exceptis
1294 2339 1588 2397 Superioribus
1621 2338 1786 2395 religio-

159 2418 276 2470 sis»,
310 2416 445 2472 quoad
481 2416 553 2458 hos
586 2418 696 2459 enim
730 2415 882 2458 dicitur
916 2416 953 2456 in
988 2413 1076 2457 cit.O
1110 2415 1135 2467 g
1169 2412 1212 2455 1⁰
1251 2413 1461 2454 «nomine
1494 2408 1706 2455 0111103111
1732 2410 1789 2451 in-

160 2485 402 2542 telliguntur
435 2500 506 2542 pro
539 2489 623 2529 suis
659 2499 755 2529 vero
784 2483 959 2528 subditis
982 2484 1224 2540 Superiores
1249 2484 1424 2525 maiores
1448 2483 1487 2524 10
1513 2478 1795 2536 religionibus

159 2556 421 2600 clericalibus
453 2559 660 2613 exemptis
682 2572 721 2600 )).
758 2559 839 2599 Has
871 2568 969 2611 ergo
1005 2559 1162 2598 13011101
1207 2554 1397 2609 designat
1440 2564 1586 2603 0311011,
1621 2549 1787 2607 quando

159 2629 217 2670 sic
249 2627 442 2678 explicit:
476 2627 516 2683 b)
551 2642 696 2677 secus;
729 2627 856 2670 idest:
893 2625 1230 2682 quandoquidem
1270 2639 1290 2664 (1
1315 2623 1421 2667 bona
1456 2635 1534 2665 non
1559 2623 1640 2664 sint
1671 2621 1785 2663 attri-

161 2697 257 2741 buta
286 2716 320 2752 »,
357 2703 398 2741 111
431 2711 569 2754 supra,
609 2714 630 2739 <c
653 2695 901 2742 Ordinarius
938 2696 989 2739 de
1032 2709 1113 2752 quo
1148 2698 1186 2738 in
1219 2694 1276 2753 §g
1314 2695 1346 2750 l,
1383 2694 1406 2736 ⁶2
1431 2709 1451 2735 »
1489 2704 1613 2748 supra
1648 2691 1784 2734 deter-

160 2770 323 2811 minatis
355 2774 415 2810 est
445 2768 704 2812 Ordinarius
738 2766 958 2812 cuiuslibet
980 2765 1135 2822 gradus
1157 2764 1342 2808 eiusdem
1371 2762 1566 2820 i’eliyiosi
1589 2764 1654 2805 cui
1681 2760 1784 2804 bona

162 2838 376 2882 liduciaria
412 2842 630 2883 commissa
663 2843 770 2893 sunt,
803 2836 1020 2895 proprius,
1056 2849 1203 2892 nempe
1227 2837 1292 2879 cui
1317 2834 1574 2878 subiiciatur.
1607 2831 1715 2887 Ergo
1745 2832 1782 2872 10
