1965 3240
472 157 556 190 Τιτ.
587 156 711 190 XXV.
739 175 750 180 -
779 155 834 190 De
859 155 1051 199 beneficiis·
1077 156 1343 189 ecclesiasticis
1651 156 1717 190 461

210 275 329 320 Alius
362 275 509 319 modus
542 275 784 333 quiescendi
818 274 954 332 quoad
991 276 1054 317 ius
1089 279 1328 330 patronatus
1353 279 1516 331 praeter
1539 275 1720 319 declara-

91 352 178 390 tum
214 348 252 389 in
288 358 378 390 can.
415 345 541 398 1469,
574 346 603 403 ξ
636 345 675 399 ⁶2,
709 349 746 388 et
771 344 836 387 liic
862 343 965 387 bene
1001 346 1169 400 positus,
1202 347 1298 402 quia
1322 347 1479 388 crimen
1513 348 1718 402 supponit,

90 418 268 462 traditur
302 419 340 459 in
372 416 400 474 ξ
433 419 473 458 4.
513 415 715 467 Censura,
749 414 883 473 qualis
921 430 943 455 «
967 419 1027 457 est
1061 415 1105 456 10
1139 414 1554 469 Excominunicatio3
1590 416 1718 460 2011]-

90 488 342 541 terdictum3
378 486 422 529 3⁰
467 488 736 543 suspensio»
784 485 877 542 (can
925 485 1051 541 2255,
1086 488 1110 539 ξ
1146 485 1203 541 1),
1250 492 1323 528 aut
1366 486 1547 544 infamia
1596 487 1719 536 turis,

90 572 260 616 nempe:
293 573 314 599 «
332 570 438 616 quae
458 557 623 601 casibus
643 560 730 600 iure
749 558 962 600 communi
983 558 1190 612 expressis
1208 559 1436 600 statuitur»
1465 558 1571 606 (can.
1594 558 1719 611 2293,

87 631 116 688 ξ
150 629 192 686 ⁶2)
227 627 436 682 innodati,
470 630 560 671 sive
594 641 614 671 a
651 630 739 671 iure
772 629 861 670 sive
894 626 945 670 ab
978 626 1146 670 homine
1179 629 1228 670 sit
1264 640 1394 683 poena
1429 627 1636 684 quaelibet
1669 642 1717 672 ex

89 702 210 745 dictis
244 700 412 753 inflicta,
447 699 517 742 sed
550 705 644 756 post
680 698 930 742 sententiam
966 700 1132 755 proprie
1167 698 1336 752 dietam,
1372 703 1411 741 ut
1445 711 1583 755 supra,
1627 713 1719 742 con-

86 770 397 815 denmatoriam.
430 783 502 813 seu
538 770 792 826 intligentem
844 768 954 812 illam
1005 781 1240 821 censuram,
1289 768 1352 811 vet
1389 768 1718 812 (leclaratoriam

89 849 174 886 tum
219 853 419 885 censurae
464 843 550 897 ipso
594 843 699 884 t'acto
745 843 824 883 iam
872 842 1061 883 incursae
1099 844 1183 882 tum
1231 839 1469 896 praedictae
1513 842 1718 886 infamiae.

88 928 218 972 nsque
249 913 349 957 dnm
382 925 574 966 censura,
610 924 714 968 qnae
753 927 774 951 c<
800 925 872 967 per
903 910 1250 954 absolutionem»
1288 915 1445 953 tantum
1483 913 1719 960 remittitur,

90 984 150 1028 vel
183 983 382 1043 infamia,
416 995 521 1039 quae
557 996 629 1038 per
662 982 1012 1038 dispensationem
1047 981 1270 1024 auferenda
1306 986 1378 1036 est,
1411 981 1649 1039 perdurant
1682 985 1718 1025 in

87 1055 274 1099 subiecto
308 1054 628 1106 alteriusutrius„
669 1057 876 1110 nequeant
916 1054 1075 1108 patroni
1102 1052 1203 1095 tales
1227 1052 1293 1094 ius
1311 1057 1585 1109 potronatus,
1609 1054 1716 1110 quod

88 1128 279 1175 retinent,
313 1137 508 1167 ea'ert‘ere
541 1123 675 1180 quoad
714 1125 774 1165 ius
810 1122 1114 1178 praesentandi,
1148 1122 1319 1179 eiusque
1349 1121 1590 1179 privileyiis
1629 1122 1719 1166 aliis

87 1196 162 1245 vti,
202 1209 237 1240 r.
272 1208 333 1251 gr.
373 1193 706 1251 «praecedentia
742 1197 836 1236 ante
869 1197 1028 1236 ceteros
1064 1192 1187 1236 laicos
1223 1195 1259 1235 in
1298 1192 1632 1248 processionibus
1654 1194 1715 1237 vel

86 1265 294 1310 similibus
327 1264 670 1317 functionibus»,
704 1266 802 1320 quin
836 1277 939 1320 opus
972 1266 1021 1306 sit
1055 1277 1102 1306 ex
1141 1264 1217 1306 lioc
1265 1265 1522 1320 praescripto
1555 1264 1717 1307 auferre

84 1352 134 1381 ex
175 1353 194 1377 «
218 1339 279 1380 sui
307 1340 546 1393 patronatus
564 1335 737 1378 ecclesia
758 1340 931 1377 stemma
951 1336 1085 1391 gentis
1117 1334 1178 1377 vel
1201 1334 1382 1377 familiae
1404 1350 1424 1375 ))
1454 1334 1563 1392 (can.
1591 1335 1715 1386 14:525,

85 1409 164 1466 3⁰).
198 1409 325 1452 Secus
358 1408 539 1451 dicerem
577 1407 626 1449 de
662 1408 788 1462 ipsius
821 1408 1050 1449 stemmatis
1083 1408 1355 1462 appositione.

206 1480 302 1522 375.
339 1482 414 1525 lus
453 1480 808 1535 praesentandi
842 1477 932 1521 aliis
966 1491 1044 1520 non
1082 1480 1263 1533 patronis
1296 1482 1533 1533 competere
1566 1491 1714 1534 suppo-

87 1553 142 1594 nit
167 1551 351 1608 illudque
387 1551 626 1593 moderatur
659 1549 711 1592 ol)
745 1550 942 1591 materiae
976 1550 1277 1591 connexionem
1314 1547 1482 1591 ultimus
1506 1547 1628 1591 liuius
1650 1562 1716 1591 ca-

85 1624 179 1678 pitis
202 1636 291 1664 ean.
320 1624 445 1665 1471.
472 1620 517 1663 Si
550 1620 617 1663 cai
651 1631 850 1676 personae
885 1618 1082 1675 physicae
1119 1618 1179 1661 rel
1218 1618 1361 1661 morali
1398 1617 1522 1661 Sedes
1546 1618 1715 1676 Aposto-

83 1692 181 1744 liea,
203 1697 321 1735 utens
358 1706 394 1736 v.
429 1706 489 1749 gr.
524 1692 754 1735 Secretaria
789 1692 940 1744 Status,
974 1690 1060 1733 sive
1093 1690 1134 1732 iv
1175 1688 1456 1746 concordatis,
1492 1695 1532 1732 ut
1557 1695 1713 1733 constat

81 1777 132 1806 ex
168 1777 310 1807 eorum
348 1763 516 1806 historia
551 1762 685 1819 quoad
722 1761 945 1818 Episcopos
980 1761 1304 1818 praesentandos
1338 1774 1358 1803 a
1393 1762 1606 1817 Supremis
1645 1774 1713 1804 na-

81 1838 240 1878 tionum
278 1833 548 1890 Principibus,
582 1833 668 1876 sire
701 1839 821 1875 ertro
847 1831 1102 1874 concordata
1123 1833 1307 1875 fortassis
1330 1831 1382 1875 ob
1410 1834 1553 1875 merita
1579 1831 1714 1874 'inclut-

84 1911 166 1948 tum
203 1906 310 1949 idest
342 1908 535 1962 gratiose,
573 1905 634 1948 tel
672 1904 747 1947 lioc
788 1903 909 1946 modo
945 1905 1273 1946 remuneratorie
1312 1903 1562 1945 concesserit
1591 1916 1712 1960 prae—

80 1975 280 2019 sentandi
311 1976 524 2027 clericum,
560 1980 601 2018 ut
636 1974 889 2031 explicatum
916 1979 975 2017 est
1010 1974 1115 2017 istud
1154 1974 1328 2017 verbum
1364 1976 1402 2016 in
1440 1976 1621 2030 [mironis
1659 1973 1715 2016 ad

80 2046 296 2090 eeclesiam
332 2047 383 2090 de
418 2051 591 2103 rectore,
627 2045 807 2102 parocho
844 2045 907 2088 tel
944 2044 1130 2088 Praelato
1164 2049 1394 2100 raeantem,
1428 2044 1491 2087 rel
1524 2043 1580 2087 ad
1598 2044 1712 2087 bewe—

80 2118 220 2174 ficium
254 2117 469 2176 quodlibet
492 2131 661 2170 vocans,
696 2121 736 2160 ut
773 2118 998 2173 requiritur
1032 2129 1082 2159 ne
1122 2118 1351 2172 «provisio
1385 2116 1510 2159 oflicii
1543 2118 1593 2158 sit
1627 2118 1713 2172 ipso

82 2190 188 2232 t'acto
221 2190 335 2231 irrita
360 2204 381 2228 ))
419 2189 527 2244 (can.
564 2186 664 2243 1:50)
686 2205 694 2239 ς
719 2190 899 2229 attamen
936 2199 1013 2228 non
1048 2185 1146 2228 inde
1182 2185 1245 2228 vel
1270 2199 1320 2228 ex
1346 2187 1529 2241 praelato
1555 2185 1712 2228 indulto

81 2257 148 2300 ius
178 2263 435 2316 patronatus
470 2260 507 2300 in
543 2257 619 2300 hoc
653 2259 786 2313 capite
823 2256 1083 2300 moderatum
1118 2256 1258 2298 oritur
1290 2269 1384 2299 cum
1419 2256 1606 2299 eiusdem
1631 2258 1710 2312 pri-

84 2329 246 2386 vilegiis
278 2342 326 2373 ac
359 2330 518 2374 officiis,
562 2333 600 2371 et
643 2326 909 2385 prit‘ileqium
951 2327 1314 2384 praesentationis
1358 2341 1486 2370 unum
1520 2326 1709 2369 strictam

83 2399 475 2458 interpretationem
511 2402 550 2442 in
585 2398 711 2442 dubio
743 2397 837 2455 pati
870 2403 1033 2455 oportet
1072 2412 1123 2440 ea·
1157 2404 1300 2441 tenore
1332 2397 1492 2441 v'nclulti
1525 2398 1709 2441 conside-

83 2470 211 2513 rando
245 2483 292 2514 ac
325 2470 533 2514 servando
567 2470 701 2527 quoad
737 2482 880 2511 omnes
913 2471 1250 2512 circumstantias
1284 2468 1337 2512 ibi
1373 2482 1603 2525 expressas.

200 2540 287 2584 Hoc
322 2541 427 2585 bene
461 2541 687 2584 notandum
721 2545 781 2583 est
806 2545 846 2582 ut
872 2539 1053 2583 fallentia
1079 2539 1187 2583 illius
1213 2539 1382 2596 regulae
1407 2542 1534 2583 iuris:
1576 2555 1597 2580 «
1620 2553 1711 2583 cum

81 2611 281 2655 beneticia
302 2611 538 2668 Principum
563 2614 643 2654 sint
667 2610 975 2667 interpretanda
1014 2609 1247 2667 largissimo
1272 2627 1310 2665 n,
1347 2623 1470 2667 quam
1504 2610 1639 2653 innoc.
1666 2609 1712 2652 lll

80 2683 207 2725 refert
243 2684 281 2725 in
315 2694 405 2738 cap.
445 2697 464 2722 z(
488 2679 599 2726 Olim
625 2698 663 2736 )),
705 2681 799 2724 «de
836 2679 1058 2724 verborum
1093 2683 1399 2737 significatione
1423 2697 1442 2721 ))
1482 2680 1529 2738 (l,
1552 2681 1633 2733 Ι40).
