1965 3240
656 165 741 199 ΤιΤ.
770 166 902 200 XXII.
932 187 943 191 -
972 167 1027 201 De
1053 168 1192 201 scholis
1666 171 1733 203 315

55 301 60 306 ·
113 297 193 343 que
226 283 475 326 christianae
510 285 705 327 institutis
739 286 965 339 iuventam,
990 297 1095 341 quae
1130 285 1314 341 publicas
1346 287 1506 330 scholas
1539 288 1733 337 celebrat,

114 355 182 399 ubi
219 353 436 410 religiosae
472 356 528 396 rei
555 357 708 397 mentio
732 354 841 398 nulla
868 357 1049 398 iniieitur
1067 372 1103 397 ³).
1130 353 1247 407 Quod
1274 360 1394 399 etiam
1422 372 1527 401 minc
1555 361 1590 400 xi
1619 372 1732 415 prae-

112 425 297 469 cedentis
333 424 580 480 paragraphi
617 430 654 467 et
689 426 738 468 ad
777 424 887 468 illius
920 438 1107 468 normam
1147 432 1387 471 «curent».

232 496 329 538 ⁶257.
365 495 579 541 Scholae
613 510 718 557 non·
743 498 1151 553 frequentandae.
1191 496 1289 539 (¹011.
1329 501 1454 540 1371.
1493 499 1616 542 Pueri
1650 515 1736 557 pro-

71 602 75 606 .
115 568 214 623 prie,
248 564 391 623 quales
425 565 504 608 dici
541 571 762 622 nequeunt,
795 569 865 624 qui
911 568 1171 623 frequentant
1205 568 1366 611 scholas
1398 572 1631 624 superiores
1663 584 1732 613 seu

113 637 427 689 Universitates,
452 635 664 689 catholici,
689 638 865 695 eoquod
888 643 1055 694 propter
1074 638 1168 681 tidei
1188 639 1415 682 catholicae
1437 641 1662 695 periculum
1684 642 1731 683 ad

114 707 190 751 hoe
220 711 420 764 urgentur
443 707 586 749 divino
612 713 846 765 praecepto,
871 707 1036 751 scholas
1060 711 1171 751 iuxta
1198 712 1520 766 inscriptionem,
1543 725 1735 767 expresse

112 778 386 822 elementares
418 783 485 820 aut
523 779 692 830 medias,
727 784 764 822 et
808 784 1012 836 qiuitenus
1057 785 1322 836 praeceptum
1368 781 1554 823 divinum
1592 788 1732 835 urgeat

113 850 258 893 eadem
293 851 450 892 ratione
482 848 644 892 scholas
677 852 928 906 superiores,
951 849 1210 894 acatholicus
1245 854 1433 907 positive,
1457 867 1503 895 eo
1538 854 1644 909 quod
1670 868 1733 896 ra-

112 919 288 963 tholicae
321 919 520 962 adversas
554 919 757 976 religioni,
780 920 923 964 saltem
960 925 1127 977 propter
1159 921 1279 964 aliam
1316 922 1548 978 religiosam
1586 926 1734 979 protes-

111 993 283 1039 sionem4
319 989 359 1041 bt
391 996 577 1044 neutras,
618 1004 762 1048 «quae
795 993 853 1035 sie
886 992 1082 1035 dicuntur
1125 1005 1173 1034 ex
1211 994 1297 1048 ipso
1330 994 1438 1049 quod
1473 994 1628 1037 ambitu
1664 1008 1735 1037 suo

111 1061 322 1105 exclusam
344 1074 421 1104 una
447 1075 539 1105 eum
565 1062 656 1105 aliis
678 1075 817 1105 reram
843 1065 965 1106 etiam
989 1063 1229 1119 religionem
1256 1066 1419 1117 saciant,
1445 1064 1736 1123 (proindeque)

111 1145 283 1189 gravem
321 1132 415 1175 liuic
452 1134 629 1175 inserunt
666 1135 857 1176 iniuriam
901 1147 1029 1190 quum
1063 1133 1114 1177 ab
1150 1134 1217 1177 illo
1253 1137 1437 1191 principe
1472 1135 1560 1178 loco
1598 1136 1734 1179 detur-

112 1203 243 1249 batur.
269 1217 391 1261 quem
428 1216 553 1260 quum
591 1206 627 1246 in
664 1207 774 1247 omni
809 1204 1015 1248 humanae
1053 1206 1160 1248 vitae
1194 1206 1507 1259 consuetudine,
1532 1211 1615 1249 tum
1654 1220 1734 1250 ma-

112 1277 222 1318 xime
256 1277 293 1316 in
330 1276 557 1317 iuventutis
590 1275 835 1318 educatione
870 1274 1024 1318 habere
1057 1274 1238 1329 debet»,
1265 1281 1306 1319 ut
1340 1279 1392 1319 ait
1418 1279 1455 1321 S.
1481 1276 1522 1320 C.
1543 1278 1593 1320 de
1620 1278 1735 1334 l'rop.

111 1345 209 1388 Fide
243 1347 280 1388 In
318 1345 407 1388 Litt.
442 1345 610 1402 Encyel.
646 1345 694 1388 ad
731 1345 832 1402 Epp.
866 1344 1019 1390 Canad.
1042 1347 1068 1390 ¹.

232 1416 397 1472 Legitur
434 1430 530 1459 vero
565 1419 602 1459 in
637 1416 714 1459 alia
752 1416 867 1460 lnstr.
892 1418 930 1460 S.
955 1416 996 1460 C.
1023 1418 1063 1461 S.
1088 1414 1224 1461 Ostieii
1258 1418 1307 1462 ad
1334 1418 1467 1475 Episc.
1493 1422 1590 1463 Stat.
1617 1419 1736 1464 Foed.

111 1488 250 1531 Amer.
286 1487 452 1544 Sept.‘³:
493 1504 512 1528 (ς
532 1488 652 1531 Certa
689 1490 782 1531 item
824 1488 1058 1545 corruptela
1105 1502 1153 1532 ex
1190 1489 1265 1533 hoc
1312 1491 1520 1546 impendet
1555 1491 1661 1547 quod
1699 1494 1734 1533 in

111 1558 256 1611 iisdem
291 1558 456 1609 scholis,
490 1563 559 1601 aut
591 1559 735 1602 saltem
772 1561 809 1601 in
836 1559 1024 1616 pluribus
1058 1572 1216 1614 earum,
1244 1563 1457 1618 utriusque
1490 1575 1612 1605 sexus
1645 1562 1738 1605 ado-

110 1630 312 1673 lescentes
344 1634 383 1672 et
416 1629 634 1673 audiendis
679 1629 924 1674 lectionibus
968 1632 1006 1673 in
1042 1631 1150 1674 idem
1184 1631 1384 1675 conclave
1418 1638 1736 1688 congregantur,

108 1705 148 1744 et
179 1700 325 1744 sedere
359 1702 397 1742 in
433 1700 577 1743 eodem
613 1713 783 1743 scamno
818 1700 989 1744 masculi
1025 1703 1137 1744 iuxta
1173 1703 1374 1745 foeminas
1409 1702 1655 1746 iubentur».
1680 1702 1736 1746 Ne

111 1772 302 1815 videatur
334 1784 464 1815 canon
491 1771 567 1815 hoe
592 1774 815 1827 respicere,
838 1772 936 1814 dum
974 1774 1101 1815 utitur
1136 1772 1262 1815 verbo
1297 1773 1452 1815 mistas
1481 1789 1499 1813 a
1518 1773 1679 1816 scholas
1699 1791 1735 1820 »,

108 1845 245 1886 statim
279 1842 458 1899 explieat
484 1843 559 1886 hoe
586 1842 728 1886 modo:
754 1857 861 1900 qaae
884 1857 1028 1901 nempe
1051 1843 1176 1886 eliam
1203 1843 1451 1887 acatholicis
1471 1850 1631 1902 palens,
1659 1846 1736 1887 for-

107 1916 211 1957 sitan
237 1927 330 1957 cum
357 1916 625 1957 instructione
660 1914 867 1970 religiosa,
891 1927 997 1971 quae
1031 1914 1223 1957 omnibus
1251 1915 1512 1959 studentibus
1545 1918 1592 1958 sit
1627 1929 1737 1959 com·

112 1987 260 2039 munis,
293 1989 333 2028 et
374 1997 480 2042 quae
530 1987 567 2027 in
615 1987 728 2041 prius
771 1985 892 2028 dictis
936 1998 1013 2027 non
1060 1985 1386 2028 includerentur.
1421 1987 1548 2029 (litata
1596 1986 1738 2030 ultimo

111 2055 330 2099 instructio
365 2060 580 2113 postquam
614 2055 776 2099 scholas
810 2048 899 2099 illas
923 2058 1191 2112 examinavit,
1225 2059 1283 2099 sic
1312 2056 1543 2101 concludit:
1584 2073 1598 2097 (ι
1622 2056 1737 2110 Quae

111 2129 248 2169 omnia
282 2127 479 2179 efficiunt,
518 2131 559 2169 ut
595 2128 788 2170 iuventus
823 2129 972 2170 misere
1005 2132 1237 2183 exponatur
1280 2127 1430 2170 damno
1468 2130 1577 2171 circa
1613 2129 1735 2171 tidem

111 2209 158 2240 ac
205 2210 338 2239 mores
374 2196 671 2251 periclitentur.
710 2197 798 2240 Hoc
840 2201 977 2240 autem
1025 2197 1253 2253 periculum
1286 2200 1565 2254 perversionis
1609 2201 1682 2241 nisi
1717 2212 1737 2241 e

113 2269 301 2323 proximo
336 2271 538 2310 remotum
586 2269 668 2322 liat,
702 2267 803 2311 tales
845 2267 1011 2311 scholae
1061 2273 1146 2312 tuta
1190 2270 1439 2312 conscientia
1485 2270 1735 2325 frequentari

112 2342 335 2394 nequeunt.
363 2337 402 2380 ld
440 2338 517 2380 vel.
539 2340 625 2394 ipsa
651 2338 801 2381 clamat
837 2338 900 2382 lex
928 2339 1127 2382 naturalis
1151 2344 1188 2382 et
1213 2340 1353 2383 dix-ina
1376 2356 1412 2379 ».
1438 2340 1573 2383 Canon
1600 2345 1734 2382 autem

111 2407 297 2451 absolute
334 2413 496 2451 vetans:
523 2423 573 2451 ne
604 2408 872 2466 frequentem
905 2409 967 2466 (ut
1001 2423 1123 2467 supra
1158 2410 1409 2453 declaratam
1445 2416 1502 2453 est
1531 2410 1735 2466 verbum).

113 2483 197 2521 tum
234 2477 342 2520 illam
380 2478 513 2535 legem
550 2481 711 2522 iirmam
749 2484 1010 2536 protestatur,
1036 2486 1120 2524 tum
1157 2481 1334 2537 idipsum
1369 2483 1527 2523 servari
1565 2480 1647 2523 vult
1673 2480 1738 2523 al)-

114 2549 259 2597 solute.
295 2551 454 2592 etiamsi
491 2552 527 2592 in
553 2563 649 2593 casu
685 2550 822 2608 aliquo
846 2551 1076 2607 periculum
1113 2552 1210 2595 illud
1246 2556 1358 2595 certo
1392 2551 1639 2595 abesset—
1665 2550 1738 2593 Ea—

115 2625 282 2678 propter
301 2621 474 2676 provide
498 2620 724 2678 subiungit,
747 2635 912 2665 sensum
938 2622 1189 2679 explicatum
1217 2625 1413 2666 innuens:
1441 2621 1577 2665 Solius
1601 2627 1735 2663 autem

117 2690 345 2734 (ὶνιΙιήιινίί
377 2690 458 2733 loci
491 2696 564 2746 est,
599 2691 778 2735 exclusis
812 2693 984 2749 preinde
1022 2694 1295 2741 confessariis,
1333 2691 1533 2748 paror-liis,
1568 2691 1738 2748 aliisque

113 2760 398 2806 sacerdotibus
441 2764 563 2805 etiam
599 2762 853 2807 doctioribus
895 2776 942 2807 ae
978 2763 1326 2820 prudentioribus,
1362 2765 1435 2805 nisi
1482 2764 1591 2804 iuxta
1634 2762 1739 2804 illius

222 2868 231 2889 ¹
263 2867 304 2900 14
331 2866 447 2900 Mart.
479 2867 580 2902 1895.
601 2867 761 2902 Colleet.
791 2869 829 2903 S.
857 2868 898 2903 C.
928 2868 973 2903 de
1001 2869 1044 2903 P.
1075 2869 1115 2902 F.
1146 2881 1186 2903 n.
1219 2871 1320 2902 1894).
1344 2888 1384 2893 —-
1404 2868 1474 2900 224
1503 2868 1602 2901 Nov.
1635 2867 1736 2907 1575,

116 2913 276 2950 Collect.
302 2914 370 2948 eit.
400 2925 437 2947 n.
470 2916 571 2949 1443.
