1965 3240
486 144 569 178 ΤιΤ.
598 144 724 178 XXV.
755 165 765 170 -
793 144 850 179 De
875 145 1067 190 beneficiis
1093 147 1357 181 mettas-fastais

1665 149 1733 183 411

802 331 947 368 CAPUT
974 331 1028 367 111.

619 417 670 451 De
698 415 972 450 beneficiorum
999 416 1219 451 collatione.

150 532 222 568 clx
270 530 370 566 1431.
403 553 417 557 -
448 532 503 567 lus
539 531 693 568 nomano
726 532 882 568 Pontifici

103 585 154 615 est
181 579 350 615 beneficia
376 579 410 614 in
440 580 601 615 universa
634 579 781 616 Ecclesia
803 592 884 615 con-

105 627 236 663 ferendi
264 638 453 672 eorumque
489 627 712 663 collationem
745 627 886 663 sibimet

104 674 319 710 reservandi.

152 720 237 757 clx.
270 720 371 756 1432.
401 741 421 747 -
448 725 467 763 ἓ
505 721 533 755 l.
575 722 626 756 Ad
664 721 884 758 collationem

105 768 352 805 beneficiorum
382 769 595 812 vacantium,
625 769 822 805 Cardinalis
849 770 885 804 in

108 816 245 862 proprio
270 816 370 851 titulo
406 815 456 850 vel
493 816 652 851 diaconia
679 821 711 851 et
738 815 886 852 Ordina-

104 863 178 898 rius
204 863 265 898 loci
294 863 330 898 in
371 863 509 909 proprio
547 864 718 899 territorio
757 864 886 900 habent

105 911 337 946 intentionem
366 911 401 944 in
429 911 502 945 iure
530 911 725 946 fundatam.

153 962 171 1000 g
198 958 230 993 ⁶2.
257 957 422 993 Conferre
447 963 562 993 autem
581 958 749 993 beneficia
765 959 886 1004 nequit

108 1004 265 1040 vicarius
300 1004 482 1041 Generalis
517 1006 592 1040 sinc
618 1006 757 1051 speciali
787 1018 885 1041 man-

105 1053 204 1094 dato;
237 1051 393 1088 vicarius
427 1057 543 1087 autem
580 1052 791 1099 Capitularis
823 1065 885 1089 neo

106 1099 282 1146 paroecias
320 1104 494 1139 vacantes,
533 1100 600 1135 nisi
640 1101 682 1135 ad
724 1112 883 1136 normam

103 1158 182 1182 can.
212 1145 292 1188 455,
320 1151 339 1189 ς
365 1147 397 1188 ’2,
426 1158 460 1181 n.
491 1146 523 1189 3,
553 1158 666 1193 neque
691 1147 760 1183 alia
788 1148 885 1184 bene·

105 1194 183 1230 ficia
212 1199 375 1240 perpetua
403 1194 532 1230 liberae
558 1195 766 1230 collationis.

151 1244 170 1287 ξ
196 1241 229 1276 3.
252 1242 285 1277 Si
315 1240 526 1277 Ordinarius
553 1243 645 1277 intra
658 1247 823 1278 semestre
840 1243 884 1278 ab

103 1289 223 1324 habita
257 1295 350 1325 certa
389 1289 579 1325 vacationis
606 1290 729 1325 notitia
756 1290 885 1325 benefi-

104 1337 196 1372 cium
225 1348 293 1372 non
323 1336 517 1378 contulerit,
546 1337 650 1372 huius
676 1337 813 1373 collatio
831 1338 886 1373 de-

106 1384 255 1419 volvitur
281 1384 323 1418 ad
352 1383 475 1419 Sedem
512 1384 761 1430 Apostolicam,
790 1385 885 1420 salve

106 1432 318 1478 praescripto
344 1443 423 1467 can.
453 1430 534 1466 458.

151 1477 236 1514 CAN.
267 1477 368 1514 1433.
397 1499 417 1505 -
445 1478 669 1515 Coadiutores
707 1479 743 1513 in
783 1479 885 1515 bene-

106 1525 194 1561 ficiis
221 1537 299 1561 cum
328 1526 379 1561 vel
406 1526 481 1561 sine
517 1526 633 1561 futura
667 1527 887 1563 successione

104 1573 148 1608 ab
161 1584 230 1608 una
241 1572 328 1609 Sede
341 1574 364 1608 Α
373 1573 536 1620 postolica
548 1573 712 1609 constitui
731 1580 885 1618 possunt,

107 1620 202 1656 salvo
222 1625 338 1656 tamen
361 1621 572 1667 praescripto
590 1632 668 1656 can.
695 1619 774 1662 475,
801 1621 882 1656 476.

151 1667 234 1704 CAN.
266 1667 364 1704 1434.
394 1689 411 1693 -
441 1667 613 1703 Beneficia
641 1668 718 1703 Sedi
741 1669 885 1715 Aposto-

105 1715 190 1750 licae
215 1720 390 1750 reservata
415 1715 460 1750 ab
488 1715 712 1751 inferioribus
732 1717 886 1752 invalide

104 1763 346 1798 conferuntur.

151 1808 237 1846 CAN.
272 1808 372 1844 1435.
410 1831 430 1835 -
461 1814 480 1852 ἓ
520 1809 547 1845 1.
591 1809 728 1846 Praeter
765 1810 886 1846 omnia

104 1856 273 1893 beneficia
312 1857 566 1892 consistorialia
605 1862 637 1892 et
675 1869 797 1893 omnes
835 1858 885 1893 di-

103 1904 254 1950 gnitates
295 1905 520 1940 ecclesiarum
559 1904 813 1940 cathedralium
853 1911 887 1941 et

104 1952 367 1997 collegiatarum
383 1952 425 1987 ad
446 1963 605 1987 normam
626 1963 704 1987 can.
720 1951 801 1996 396,
819 1957 837 1995 ἓ
856 1953 883 1994 1,

103 2004 186 2034 sunt
212 2004 386 2035 reservata
412 1998 491 2034 Sedi
519 2000 749 2045 Apostolicae.
779 2012 886 2046 quan-

104 2058 208 2092 quam
237 2047 389 2088 vacanti,
407 2046 479 2082 sola
500 2046 669 2082 beneficia
686 2058 775 2092 quae
795 2048 887 2084 infra

106 2098 366 2128 memorantur:

179 2140 230 2175 l.0
256 2138 386 2176 Omnia
414 2140 595 2181 beneficia,
617 2141 721 2176 etiam
754 2147 886 2184 curata,

105 2197 193 2232 quae
232 2188 430 2223 vacaverint
470 2199 530 2234 per
567 2188 716 2229 obitum,
755 2200 886 2235 promo-

105 2234 248 2275 tionem,
275 2235 571 2271 renuntiationem
608 2235 658 2271 vel
687 2236 885 2272 translatio-

104 2292 186 2317 nem
205 2281 241 2317 S.
266 2281 304 2317 R.
328 2282 362 2317 E.
392 2281 649 2323 Cardinalium‚
680 2282 885 2328 Legatorum

106 2328 251 2364 Romani
273 2329 462 2371 Pondficis,
480 2330 680 2365 officialium
713 2331 884 2366 maiorum

105 2374 289 2411 Sacrarum
333 2377 665 2422 Congregationum,
712 2377 885 2413 Tribuna—

104 2423 190 2458 lium
217 2428 249 2459 et
276 2422 482 2460 Officiorum
516 2424 691 2460 Romanae
710 2424 836 2461 Curiae
853 2431 886 2462 et

103 2469 356 2515 Familiarium,
401 2472 505 2507 etiam
549 2472 690 2508 honoris
732 2477 883 2513 tantum,

103 2517 238 2552 Summi
281 2518 456 2553 Pontificis
498 2524 652 2565 tempore
696 2520 886 2556 vacationis

102 2564 276 2608 beneficfi3

175 2612 230 2647 ‘LO
256 2610 365 2656 Quae.
397 2612 544 2648 fundata
569 2617 664 2649 extra
693 2613 885 2649 Romanam

105 2658 261 2699 Curiam,
291 2659 491 2695 vacaverint
507 2671 566 2706 per
584 2660 797 2697 beneficiarii
818 2661 889 2697 obi-

106 2712 180 2742 tum
209 2707 245 2741 in
273 2706 348 2752 ipsa
377 2706 484 2748 Urbe;

178 2753 231 2788 3.⁰
258 2753 356 2797 Quae
382 2754 535 2790 invalide
566 2754 610 2790 ob
643 2754 816 2792 simoniae
842 2756 887 2790 vi-

108 2801 196 2837 tium
224 2801 350 2837 collata
378 2801 524 2843 fuerint;

156 2847 209 2883 4.Ο
248 2848 404 2894 Denique
443 2848 612 2884 beneficia
649 2849 777 2895 quibus
816 2849 885 2885 Ro-

109 2906 238 2931 manus
266 2895 423 2931 Pontifex
452 2907 512 2942 per
537 2907 573 2932 se
600 2896 650 2930 vel
679 2907 738 2942 per
755 2896 887 2942 delega-

958 537 1031 568 tum
1061 544 1187 568 manus
1212 534 1371 579 apposuit
1401 534 1736 580 hisquisequuntur

959 580 1091 615 modis:
1131 581 1157 614 si
1202 581 1405 616 electionem
1445 582 1487 616 ad
1529 582 1735 617 beneficium

958 627 1092 662 irritam
1120 628 1359 669 declaraverit,
1390 628 1439 663 vel
1457 629 1599 663 vetuerit
1615 630 1735 665 electo-

957 685 1011 709 res
1036 675 1077 709 ad
1105 674 1307 710 electionem
1338 676 1540 721 procedere:
1561 677 1587 710 si
1608 687 1736 711 renun-

957 722 1139 757 tiationem
1177 723 1377 764 admiserit;
1416 723 1442 756 si
1472 723 1734 758 beneficiarium

958 769 1178 815 promoverit,
1207 770 1437 814 transtulerit,
1476 770 1643 806 beneficio
1672 771 1736 816 pri-

958 817 1108 857 vaverit;
1139 817 1164 851 si
1194 817 1402 852 beneficium
1437 817 1470 851 in
1490 819 1736 853 commendam

956 864 1100 899 dederit.

1004 915 1022 953 ἓ
1049 911 1083 945 2.
1101 911 1145 945 At
1160 922 1343 956 nunquam
1363 916 1445 946 sunt
1462 917 1648 954 reservata,
1669 912 1735 946 nisi

957 958 990 993 id
1017 969 1177 1004 expresse
1203 959 1349 997 dicatur,
1377 958 1546 994 beneficia
1561 959 1738 994 manualia

956 1010 1017 1041 aut
1043 1005 1129 1040 iuris
1157 1010 1359 1051 patronatus
1386 1006 1518 1041 laicalis
1545 1006 1595 1041 vel
1625 1007 1735 1041 mixti.

1005 1057 1023 1095 ξ
1051 1053 1081 1087 3.
1110 1052 1210 1096 Quod
1237 1053 1361 1088 attinet
1380 1054 1422 1088 ad
1442 1053 1662 1089 collationem
1684 1053 1737 1089 be-

958 1100 1162 1136 neficiorum
1190 1111 1278 1146 quae
1317 1100 1444 1136 Romae
1484 1101 1627 1136 fundata
1653 1101 1736 1139 sint,

958 1147 1049 1192 leges
1076 1147 1268 1193 peculiares
1294 1148 1336 1183 de
1352 1148 1483 1183 eisdem
1501 1148 1655 1193 vigentes
1670 1160 1738 1184 ser-

958 1199 1096 1230 ventur.

1005 1242 1089 1277 CAN.
1122 1240 1226 1276 1436.
1258 1263 1273 1266 -
1304 1241 1514 1277 Beneficium
1536 1242 1739 1277 ecclesiasti-

958 1301 1037 1325 cum
1049 1289 1173 1325 clerico
1186 1289 1294 1324 invito
1304 1294 1338 1324 et
1350 1290 1580 1335 provisionem
1599 1301 1668 1325 non
1684 1301 1739 1326 ex-

959 1348 1074 1383 presse
1092 1336 1285 1382 acceptanti
1308 1337 1419 1372 valide
1437 1337 1586 1372 conferri
1607 1338 1739 1383 nequit.

1005 1383 1088 1420 CAN.
1118 1382 1219 1419 1437.
1241 1405 1257 1409 -
1278 1383 1384 1419 Nemo
1400 1389 1509 1430 potest
1529 1384 1737 1420 beneficium

958 1431 1023 1466 sibi
1051 1432 1124 1477 ipse
1150 1433 1321 1466 conferre.

1005 1478 1089 1514 CAN.
1121 1476 1220 1514 1438.
1254 1499 1269 1504 -
1287 1477 1417 1514 Omnia
1437 1478 1605 1515 beneficia
1624 1489 1740 1514 saecu-

959 1526 1045 1561 laria
1071 1526 1113 1561 ad
1142 1527 1248 1561 vitam
1289 1525 1501 1561 beneficiarii
1530 1526 1739 1561 conferenda

958 1578 1053 1617 sunt,
1072 1574 1138 1608 nisi
1154 1573 1249 1608 aliud
1267 1574 1351 1608 ferat
1372 1574 1422 1608 vel
1443 1574 1495 1609 lex
1511 1574 1739 1615 fundationis,

959 1621 1010 1656 vel
1037 1621 1251 1656 consuetudo
1287 1620 1576 1656 immemorabilis
1602 1621 1654 1656 vel
1684 1632 1738 1667 pe-

958 1668 1089 1704 culiare
1115 1668 1303 1703 indultum.

1006 1714 1089 1750 (zm.
1123 1713 1225 1750 1439.
1264 1736 1280 1740 -
1309 1720 1328 1757 ᾗ
1360 1715 1388 1749 1.
1430 1714 1551 1750 Nullus
1589 1715 1737 1750 clericus

959 1763 1086 1798 habilis
1111 1768 1162 1798 est
1187 1763 1230 1798 ad
1257 1763 1473 1808 acceptanda
1497 1768 1529 1798 et
1556 1763 1739 1798 retinenda

958 1811 1030 1846 sive
1064 1810 1101 1844 in
1140 1810 1280 1845 titulum
1322 1811 1393 1845 sive
1427 1810 1461 1844 in
1496 1811 1738 1845 commendam

960 1862 1160 1904 perpetuam
1199 1857 1297 1903 plura
1336 1857 1505 1892 beneficia
1531 1857 1736 1903 incompati-

959 1905 1055 1946 bilia.
1084 1905 1125 1940 ad
1154 1915 1315 1939 normam
1343 1916 1420 1941 can.
1450 1904 1525 1940 156.

1005 1957 1024 1995 ξ
1051 1952 1084 1986 ·.)..
1113 1951 1395 1998 lncompatibilia
1422 1956 1503 1987 sunt
1530 1963 1599 1987 non
1627 1951 1738 1987 solum

957 2000 1026 2035 duo
1052 1999 1233 2040 beneficia,
1259 2010 1407 2044 quorum
1443 2010 1549 2034 onera
1576 2000 1739 2034 universa

959 2048 1050 2083 idem
1070 2047 1314 2082 beneficiarius
1342 2058 1400 2092 per
1419 2057 1453 2082 se
1473 2046 1617 2092 implere
1635 2046 1738 2081 simul

958 2100 1120 2140 nequeat,
1146 2094 1204 2129 sed
1232 2094 1335 2129 etiam
1364 2094 1431 2129 duo
1459 2093 1627 2129 beneficia
1655 2104 1738 2139 quo-

958 2154 1034 2178 rum
1075 2143 1285 2177 alterutrum
1322 2142 1365 2176 ad
1406 2141 1588 2176 honestam
1629 2141 1739 2187 ipsius

958 2189 1247 2224 sustentationem
1277 2188 1439 2223 sufficiat.

1007 2236 1089 2272 CAN.
1123 2234 1221 2270 1440.
1244 2256 1267 2261 -
1295 2235 1467 2270 Beneficia
1505 2235 1741 2270 ecclesiastica

958 2284 1034 2319 sine
1076 2283 1318 2319 deminutione
1366 2284 1606 2323 conferantur,
1645 2282 1740 2318 salvo

960 2331 1172 2377 praescripto
1198 2341 1277 2365 can.
1308 2327 1412 2371 1429,
1440 2333 1481 2376 ξς
1512 2331 1542 2373 l,
1572 2330 1603 2364 2.

1006 2377 1090 2414 CAN.
1127 2376 1223 2412 1441.
1267 2398 1283 2402 -
1316 2377 1499 2423 Tanquam
1527 2377 1741 2412 simoniacae

958 2426 1190 2472 reprobantur
1219 2424 1443 2460 deductiones
1478 2435 1516 2459 ex
1556 2424 1737 2464 fructibus,

958 2472 1260 2519 compensationes
1285 2483 1324 2506 ac
1352 2471 1542 2507 solutiones
1567 2483 1587 2506 a
1613 2471 1742 2506 clerico

959 2520 993 2554 in
1021 2524 1100 2555 actu
1128 2519 1336 2566 provisionis
1356 2519 1546 2559 faciendae,
1568 2529 1656 2564 quae
1671 2518 1737 2554 col-

959 2567 1073 2608 latori,
1103 2572 1249 2614 patrono
1274 2566 1396 2601 aliisve
1422 2566 1559 2600 cedant.

1006 2614 1092 2650 CAN.
1141 2612 1241 2649 1442.
1281 2634 1297 2638 -
1340 2612 1508 2648 Beneficia
1550 2612 1740 2647 saecularia

960 2661 1102 2697 nonnisi
1130 2661 1265 2696 clericis
1292 2671 1308 2695 e
1335 2660 1425 2695 clero
1465 2660 1631 2694 saeculari
1661 2670 1742 2694 con-

960 2709 1102 2745 ferenda
1128 2713 1230 2747 sunt:
1258 2707 1418 2752 religiosa
1444 2706 1621 2742 sodalibus
1648 2706 1742 2740 illius

959 2756 1151 2801 religionis,
1174 2755 1216 2790 ad
1238 2766 1342 2800 quam
1359 2753 1526 2789 beneficia
1556 2753 1742 2799 pertinent.

1005 2802 1091 2839 clx.
1128 2800 1230 2837 1443.
1260 2822 1281 2828 -
1307 2806 1326 2843 ἓ
1353 2801 1382 2836 1.
1419 2800 1525 2836 ‘Nemo
1557 2801 1739 2846 possessio-

959 2860 1040 2885 nem
1065 2849 1224 2886 beneficii
1257 2849 1323 2884 sibi
1360 2848 1474 2883 collati
1514 2852 1573 2883 aut
1602 2848 1738 2893 propria

957 2898 1166 2933 auctoritate
1194 2896 1320 2943 capiat,
1350 2900 1409 2931 aut
1438 2906 1508 2930 non
1527 2895 1656 2931 emissa
1674 2895 1738 2930 fide
