1965 3240
141 124 210 158 328
400 122 482 156 Lm.
508 121 580 155 III.
609 140 621 147 ·
649 121 759 154 PARS
784 119 851 153 IV.
880 140 892 144 -
918 119 975 154 De
1001 120 1224 163 magisterio
1249 118 1504 152 ecclesiastico

140 243 248 285 tunis
281 240 577 284 mutationibus
608 239 743 297 quoad
778 239 978 293 ordinem,
1015 251 1087 294 per
1120 236 1228 280 illius
1250 239 1378 280 const.
1409 233 1689 280 «Officiorum
1714 247 1762 278 ae

139 325 357 356 munerum
378 327 397 352 ))
423 311 451 353 ¹.
485 310 591 354 Huic
640 312 812 353 inseruit
857 309 1031 352 Decreta
1078 307 1286 364 generalia
1320 308 1371 352 de
1405 306 1680 364 prohibitione
1723 310 1763 349 et

137 396 311 427 censura
345 381 558 426 librorum.
594 381 634 424 ln
670 383 871 437 principio
890 380 1025 423 dictae
1043 383 1189 434 const.⁸
1221 383 1472 422 memoratar
1516 394 1535 419 «
1559 383 1680 434 caput
1714 390 1762 421 ae

136 466 297 497 summa
331 453 562 496 officiorum
596 464 643 496 ac
677 464 941 495 munerum»
980 449 1097 493 Sedis
1121 449 1312 506 Aplcae.3
1351 449 1565 493 videlicet:
1611 450 1760 491 «omni

136 537 212 581 ope
235 523 501 574 contendere,
525 527 568 566 ut
597 524 813 578 integritas
837 521 932 564 fidei
967 533 1213 577 morumque
1246 519 1565 563 christianorum
1590 532 1639 562 ne
1662 519 1759 576 quid

135 595 372 638 detrimenti
405 595 601 650 capiat».
639 593 781 635 Postea
816 591 1001 634 recolens
1034 590 1224 633 laudatus
1259 590 1443 633 Pontifex
1477 594 1675 647 quantum
1719 591 1759 632 in

134 666 355 709 discrimen
393 669 563 707 vocetur
606 663 794 707 doctrina
838 661 986 705 Christi
1038 674 1109 717 per
1158 662 1418 717 ingeniorum
1466 660 1677 704 licentiam
1720 663 1759 703 in

134 740 266 780 aetate
301 740 451 791 nostra,
486 734 681 778 observat
720 732 858 775 «nihil
893 734 1121 788 excogitari
1157 745 1274 788 posse
1308 733 1579 787 perniciosius
1612 731 1661 774 ad
1701 733 1759 773 in-

133 806 364 866 quinandos
397 807 599 848 animos...
620 816 745 861 quam
780 803 1096 859 intemperantia
1130 800 1352 854 scribendi,
1378 800 1761 857 disseminandique

135 879 173 920 in
200 876 350 933 vulgus
383 888 488 933 quae
523 888 651 931 prave
683 876 835 930 scripta
869 878 963 916 sunt
987 888 1027 916 3).
1060 871 1178 915 Texit
1212 885 1305 915 mox
1341 871 1510 915 brevem
1536 870 1759 914 admodum

133 947 345 990 historiam
380 951 589 1002 gestorum
614 944 665 988 ab
699 944 882 988 Ecclesia
906 948 990 986 tum
1027 945 1065 985 in
1089 942 1336 986 damnandis
1364 941 1480 986 libris
1503 943 1648 993 noxiis,
1673 946 1759 984 tum

134 1020 257 1062 etiam
306 1019 344 1060 in
379 1016 540 1069 cautela
573 1028 775 1059 censurae
823 1014 1072 1058 adhibenda.
1108 1040 1160 1044 —
1196 1013 1340 1068 Quoad
1387 1013 1497 1057 illos:
1549 1013 1758 1056 «Anasta-

132 1091 217 1132 sius
240 1088 253 1131 l
276 1090 427 1144 scripta
461 1085 657 1143 Origenis
691 1086 1003 1142 perniciosiora,
1038 1084 1338 1128 Innocentiusl
1370 1084 1539 1140 Pelagii,
1571 1083 1651 1127 Leo
1677 1087 1758 1127 Ma-

133 1173 238 1216 gnus
280 1158 616 1201 Manichaeorum
651 1169 775 1213 opera
824 1158 974 1211 omnia,
1009 1157 1127 1212 gravi
1176 1155 1311 1198 edicto
1354 1155 1651 1199 damnavere...
1695 1155 1762 1197 de-

133 1229 308 1274 cretales
340 1229 391 1272 de
425 1228 673 1284 recipiendis
705 1232 743 1270 et
777 1241 854 1270 non
890 1227 1140 1283 recipiendis
1173 1225 1288 1269 libris
1310 1224 1497 1269 Gelasius
1530 1231 1761 1282 opportune

132 1301 259 1344 dedit.
293 1299 492 1343 Similiter
525 1299 703 1342 decursu
737 1302 932 1345 aetatum,
966 1296 1341 1347 Monothelitarum,
1375 1296 1612 1346 Abaelardi,
1655 1295 1761 1339 Mar-

132 1371 226 1415 sillii
263 1371 462 1423 Patavini,
496 1369 679 1413 Wiclessi
713 1373 752 1412 et
795 1368 932 1411 Hussii
984 1367 1220 1424 pestilentes
1264 1366 1389 1410 libros
1421 1369 1622 1410 sententia
1656 1367 1760 1424 Apo-

132 1442 301 1485 stolicae
324 1441 441 1485 Sedis
464 1441 634 1484 confixit
652 1455 691 1483 )).
715 1438 896 1483 Censura
923 1452 1021 1482 vero
1052 1440 1204 1494 incepit
1227 1437 1393 1481 saeculo
1417 1438 1579 1481 decimo
1602 1440 1759 1495 quinto,

132 1513 296 1570 quando
329 1526 377 1556 ex
419 1527 438 1552 (t
457 1523 565 1554 nova
589 1515 676 1554 arte
712 1509 877 1553 libraria
901 1514 1153 1565 comperta»
1193 1508 1375 1565 pericula
1406 1508 1499 1551 tidei
1524 1513 1563 1552 et
1598 1522 1757 1552 morum

131 1583 456 1640 percrebuerunt
490 1584 578 1625 sine
607 1581 742 1635 modo,
783 1596 803 1622 ((
821 1594 868 1624 eo
902 1580 1012 1638 qnod
1037 1584 1166 1623 artem
1203 1593 1275 1635 per
1307 1593 1350 1622 se
1373 1581 1615 1635 optimam...
1642 1580 1756 1631 multi

131 1656 254 1697 nimis
277 1654 467 1697 celeriter
490 1653 749 1695 dellexerant
782 1654 821 1694 in
847 1654 1169 1694 instrumentum
1204 1653 1348 1706 ingens
1372 1652 1583 1693 ruinarum
1604 1666 1642 1695 ».
1668 1650 1761 1694 Edi-

130 1727 237 1769 citur
270 1726 392 1768 etiam
428 1726 466 1766 in
500 1736 674 1779 corpore
711 1722 860 1775 Bullae,
902 1721 1088 1764 «salutis
1121 1720 1309 1777 publicae
1342 1723 1542 1763 rationem
1579 1723 1760 1775 iussisse,

131 1795 286 1852 aliquid
314 1796 476 1847 novari,
499 1793 703 1837 aetatibus
738 1792 1009 1836 labentibus»
1039 1794 1077 1834 in
1103 1791 1257 1848 regulis
1280 1796 1399 1834 antea
1422 1792 1612 1834 conditis.
1637 1790 1755 1843 Quod

130 1866 392 1922 perfecerunt
431 1877 676 1907 «memores
709 1863 953 1919 prudentiae
986 1861 1176 1906 Clemens
1210 1860 1309 1915 Vttl,
1335 1861 1452 1904 Alex.
1489 1860 1572 1915 vlt,
1609 1862 1756 1907 Bened.

131 1935 261 1979 xlv»
300 1948 347 1979 ac
380 1935 547 1978 demum
586 1934 679 1977 Pius
712 1933 779 1978 lX.
815 1931 1044 1978 Occasione
1077 1931 1200 1976 Cone.
1237 1931 1418 1975 Vaticani
1453 1932 1619 1988 plurimi
1662 1932 1756 1989 Epi·
1804 1952 1813 1959 ·

130 2009 242 2063 scopi
278 2008 519 2062 praesertim
555 2019 603 2048 ex
639 2004 771 2048 Gallia
805 2010 844 2048 et
876 2003 1097 2048 Germania
1134 2005 1340 2059 petierunt
1375 2008 1417 2046 ut
1455 2004 1662 2060 «regulae
1694 2004 1758 2046 In-

131 2077 234 2121 dicis
269 2079 420 2120 recenti
457 2078 653 2119 revisioni
687 2080 726 2118 et
760 2076 989 2118 reductioni
1014 2073 1370 2118 submitterentur.
1393 2101 1439 2104 —
1464 2072 1543 2127 Qui
1587 2075 1755 2132 quidem

131 2161 318 2192 omnes..
352 2159 483 2204 aequa
520 2145 821 2202 postulabant»
861 2150 995 2202 Papae
1030 2145 1198 2199 iudicio,
1236 2147 1306 2188 «si
1355 2149 1601 2201 temporum,
1635 2148 1667 2188 si
1703 2148 1758 2188 in-

130 2221 365 2261 stitutorum
400 2216 604 2271 civilium,
637 2219 668 2259 si
704 2229 866 2259 morum
901 2215 1161 2272 popularium
1197 2214 1398 2258 habeatur
1433 2217 1547 2271 ratio,
1572 2216 1755 2271 quando-

131 2288 299 2345 quidem
332 2301 380 2331 ex
427 2299 508 2330 una
557 2291 687 2344 parte,
717 2289 904 2343 suspensi
955 2285 1179 2329 haerebant
1231 2285 1432 2342 religione
1465 2287 1591 2328 animi
1637 2286 1757 2342 pluri-

131 2371 317 2412 morum3
367 2371 416 2401 ex
461 2358 603 2411 altera,
646 2357 850 2415 quidlibet
885 2357 1045 2413 legendi
1083 2358 1281 2412 impunita
1325 2358 1486 2412 copia»
1529 2369 1618 2399 sese
1661 2357 1755 2400 offe-

133 2427 260 2472 rebat.

253 2499 353 2542 «Ad
390 2499 641 2542 medendum
674 2511 774 2555 ergo
808 2497 1082 2542 incommodis
1115 2497 1196 2541 duo
1231 2497 1417 2540 facienda
1456 2496 1536 2540 Leo
1572 2497 1753 2540 Pontifex

129 2570 260 2623 duxit,
294 2584 343 2614 ex
378 2569 528 2627 quibus
571 2581 714 2612 norma
749 2569 898 2625 agendi
943 2573 1055 2612 certa
1091 2573 1131 2611 et
1180 2569 1396 2624 perspicua
1429 2567 1621 2611 omnibus
1665 2581 1757 2624 sup-

130 2645 253 2696 petat,
285 2640 465 2684 scilicet:
504 2640 544 2682 10
578 2640 893 2696 diligentissime
927 2641 1167 2695 recognosci
1212 2638 1395 2681 Indicem
1441 2637 1641 2681 librorum
1686 2640 1756 2680 im-

131 2711 328 2766 probatae
361 2711 604 2764 lectionis,...
640 2715 679 2754 et
713 2715 851 2767 postea
887 2709 1108 2766 vulgari»,
1142 2711 1247 2752 sicut
1280 2709 1331 2752 de
1365 2709 1471 2752 sacto
1521 2709 1670 2764 prodiit
1715 2710 1753 2764 in

200 2916 202 2919 .
249 2866 258 2886 ¹
286 2865 331 2898 25
356 2864 439 2898 Ian.
471 2864 575 2899 1897.
