<?xml version="1.0" encoding="UTF-8"?>
<!DOCTYPE html PUBLIC "-//W3C//DTD XHTML 1.0 Transitional//EN"
    "http://www.w3.org/TR/xhtml1/DTD/xhtml1-transitional.dtd">
<html xmlns="http://www.w3.org/1999/xhtml" xml:lang="en" lang="en">
 <head>
  <title>
</title>
<meta http-equiv="Content-Type" content="text/html;charset=utf-8" />
  <meta name='ocr-system' content='tesseract 3.04.00' />
  <meta name='ocr-capabilities' content='ocr_page ocr_carea ocr_par ocr_line ocrx_word'/>
</head>
<body>
  <div class='ocr_page' id='page_1' title='image "./commentariumtext03blatuoft_0059.png"; bbox 0 0 1965 3240; ppageno 0'>
   <div class='ocr_carea' id='block_1_1' title="bbox 671 106 1740 141">
    <p class='ocr_par' dir='ltr' id='par_1_1' title="bbox 671 106 1740 141">
     <span class='ocr_line' id='line_1_1' title="bbox 671 106 1740 141; baseline 0.002 -2"><span class='ocrx_word' id='word_1_1' title='bbox 671 106 754 140; x_wconf 80' lang='lat' dir='ltr'>Trr.</span> <span class='ocrx_word' id='word_1_2' title='bbox 780 106 850 140; x_wconf 83' lang='lat' dir='ltr'>IX.</span> <span class='ocrx_word' id='word_1_3' title='bbox 880 125 892 130; x_wconf 93' lang='lat'><em>—</em></span> <span class='ocrx_word' id='word_1_4' title='bbox 920 106 977 140; x_wconf 87' lang='lat' dir='ltr'>De</span> <span class='ocrx_word' id='word_1_5' title='bbox 1003 107 1170 141; x_wconf 80' lang='lat' dir='ltr'>ecclesiis</span> <span class='ocrx_word' id='word_1_6' title='bbox 1695 107 1740 141; x_wconf 77' lang='lat'>47</span> 
     </span>
    </p>
   </div>
   <div class='ocr_carea' id='block_1_2' title="bbox 128 165 1742 173">
    <p class='ocr_par' dir='ltr' id='par_1_2' title="bbox 128 165 1742 173">
     <span class='ocr_line' id='line_1_2' title="bbox 128 165 1742 173; baseline 0 0"><span class='ocrx_word' id='word_1_7' title='bbox 128 165 1742 173; x_wconf 95' lang='lat' dir='ltr'> </span> 
     </span>
    </p>
   </div>
   <div class='ocr_carea' id='block_1_3' title="bbox 97 224 1790 2700">
    <p class='ocr_par' dir='ltr' id='par_1_3' title="bbox 97 224 1790 2700">
     <span class='ocr_line' id='line_1_3' title="bbox 100 224 1736 282; baseline -0.002 -13"><span class='ocrx_word' id='word_1_8' title='bbox 100 225 296 269; x_wconf 89' lang='lat' dir='ltr'>ecclesias</span> <span class='ocrx_word' id='word_1_9' title='bbox 328 225 642 277; x_wconf 83' lang='lat' dir='ltr'>transferantur,</span> <span class='ocrx_word' id='word_1_10' title='bbox 675 238 769 268; x_wconf 92' lang='lat' dir='ltr'>cum</span> <span class='ocrx_word' id='word_1_11' title='bbox 806 224 1001 268; x_wconf 75' lang='lat' dir='ltr'>facultate</span> <span class='ocrx_word' id='word_1_12' title='bbox 1036 228 1117 266; x_wconf 87' lang='lat' dir='ltr'>tam</span> <span class='ocrx_word' id='word_1_13' title='bbox 1153 224 1284 267; x_wconf 88' lang='lat' dir='ltr'>dictas</span> <span class='ocrx_word' id='word_1_14' title='bbox 1320 224 1589 280; x_wconf 78' lang='lat' dir='ltr'>paroecialeS,</span> <span class='ocrx_word' id='word_1_15' title='bbox 1611 237 1736 282; x_wconf 73' lang='lat' dir='ltr'>(piam</span> 
     </span>
     <span class='ocr_line' id='line_1_4' title="bbox 102 296 1738 352; baseline -0.002 -12"><span class='ocrx_word' id='word_1_16' title='bbox 102 296 202 340; x_wconf 90' lang='lat' dir='ltr'>alias</span> <span class='ocrx_word' id='word_1_17' title='bbox 235 297 433 339; x_wconf 88' lang='lat' dir='ltr'>ecclesias</span> <span class='ocrx_word' id='word_1_18' title='bbox 465 296 624 339; x_wconf 89' lang='lat' dir='ltr'>dirutas</span> <span class='ocrx_word' id='word_1_19' title='bbox 659 298 696 338; x_wconf 91' lang='lat' dir='ltr'>in</span> <span class='ocrx_word' id='word_1_20' title='bbox 734 296 1074 352; x_wconf 70' lang='lat' dir='ltr'>profanos‘usus,</span> <span class='ocrx_word' id='word_1_21' title='bbox 1108 308 1186 337; x_wconf 92' lang='lat' dir='ltr'>non</span> <span class='ocrx_word' id='word_1_22' title='bbox 1211 296 1415 349; x_wconf 83' lang='lat' dir='ltr'>sordidos,</span> <span class='ocrx_word' id='word_1_23' title='bbox 1435 300 1571 338; x_wconf 83' lang='lat' dir='ltr'>erecta</span> <span class='ocrx_word' id='word_1_24' title='bbox 1604 300 1738 338; x_wconf 90' lang='lat' dir='ltr'>tamen</span> 
     </span>
     <span class='ocr_line' id='line_1_5' title="bbox 103 365 1742 422; baseline -0.001 -11"><span class='ocrx_word' id='word_1_25' title='bbox 103 368 156 411; x_wconf 90' lang='lat' dir='ltr'>ibi</span> <span class='ocrx_word' id='word_1_26' title='bbox 191 380 329 421; x_wconf 88' lang='lat' dir='ltr'>cruce,</span> <span class='ocrx_word' id='word_1_27' title='bbox 364 366 694 410; x_wconf 77' lang='lat' dir='ltr'>convertendi».</span> <span class='ocrx_word' id='word_1_28' title='bbox 723 370 833 410; x_wconf 88' lang='lat' dir='ltr'>Haec</span> <span class='ocrx_word' id='word_1_29' title='bbox 866 365 1084 422; x_wconf 76' lang='lat' dir='ltr'>disciplina</span> <span class='ocrx_word' id='word_1_30' title='bbox 1111 367 1184 409; x_wconf 88' lang='lat' dir='ltr'>tuit</span> <span class='ocrx_word' id='word_1_31' title='bbox 1213 365 1406 409; x_wconf 88' lang='lat' dir='ltr'>translata</span> <span class='ocrx_word' id='word_1_32' title='bbox 1433 368 1469 409; x_wconf 92' lang='lat' dir='ltr'>in</span> <span class='ocrx_word' id='word_1_33' title='bbox 1496 381 1586 409; x_wconf 67' lang='lat' dir='ltr'>caii.</span> <span class='ocrx_word' id='word_1_34' title='bbox 1613 368 1742 409; x_wconf 75' lang='lat'><strong><em>1187.</em></strong></span> 
     </span>
     <span class='ocr_line' id='line_1_6' title="bbox 104 437 1742 496; baseline 0 -15"><span class='ocrx_word' id='word_1_35' title='bbox 104 438 149 481; x_wconf 82' lang='lat' dir='ltr'>Si</span> <span class='ocrx_word' id='word_1_36' title='bbox 182 452 263 496; x_wconf 78' lang='lat' dir='ltr'>qim</span> <span class='ocrx_word' id='word_1_37' title='bbox 296 437 471 481; x_wconf 78' lang='lat' dir='ltr'>eeclesia</span> <span class='ocrx_word' id='word_1_38' title='bbox 506 440 594 482; x_wconf 89' lang='lat' dir='ltr'>sine</span> <span class='ocrx_word' id='word_1_39' title='bbox 627 438 916 482; x_wconf 88' lang='lat' dir='ltr'>distinctione:</span> <span class='ocrx_word' id='word_1_40' title='bbox 957 451 1056 493; x_wconf 87' lang='lat' dir='ltr'>ergo</span> <span class='ocrx_word' id='word_1_41' title='bbox 1101 451 1173 493; x_wconf 92' lang='lat' dir='ltr'>per</span> <span class='ocrx_word' id='word_1_42' title='bbox 1215 452 1258 480; x_wconf 82' lang='lat' dir='ltr'>se</span> <span class='ocrx_word' id='word_1_43' title='bbox 1301 437 1517 493; x_wconf 74' lang='lat' dir='ltr'>collegiata</span> <span class='ocrx_word' id='word_1_44' title='bbox 1562 451 1742 494; x_wconf 77' lang='lat' dir='ltr'>quoque,</span> 
     </span>
     <span class='ocr_line' id='line_1_7' title="bbox 103 508 1743 566; baseline -0.001 -12"><span class='ocrx_word' id='word_1_45' title='bbox 103 509 285 564; x_wconf 82' lang='lat' dir='ltr'>basilica,</span> <span class='ocrx_word' id='word_1_46' title='bbox 322 509 583 566; x_wconf 86' lang='lat' dir='ltr'>paroecialis,</span> <span class='ocrx_word' id='word_1_47' title='bbox 617 522 723 566; x_wconf 84' lang='lat' dir='ltr'>quae</span> <span class='ocrx_word' id='word_1_48' title='bbox 759 510 861 552; x_wconf 80' lang='lat' dir='ltr'>infra</span> <span class='ocrx_word' id='word_1_49' title='bbox 907 511 1170 565; x_wconf 67' lang='lat' dir='ltr'>exprimitur,</span> <span class='ocrx_word' id='word_1_50' title='bbox 1206 511 1330 551; x_wconf 90' lang='lat' dir='ltr'>etiam</span> <span class='ocrx_word' id='word_1_51' title='bbox 1367 508 1669 564; x_wconf 82' lang='lat' dir='ltr'>religiosorum,</span> <span class='ocrx_word' id='word_1_52' title='bbox 1703 514 1743 552; x_wconf 90' lang='lat' dir='ltr'>et</span> 
     </span>
     <span class='ocr_line' id='line_1_8' title="bbox 102 579 1740 639; baseline -0.001 -16"><span class='ocrx_word' id='word_1_53' title='bbox 102 579 311 639; x_wconf 81' lang='lat' dir='ltr'>quaelibet</span> <span class='ocrx_word' id='word_1_54' title='bbox 343 580 439 635; x_wconf 88' lang='lat' dir='ltr'>alia,</span> <span class='ocrx_word' id='word_1_55' title='bbox 474 585 595 637; x_wconf 89' lang='lat' dir='ltr'>prout</span> <span class='ocrx_word' id='word_1_56' title='bbox 638 585 764 634; x_wconf 81' lang='lat' dir='ltr'>extat,</span> <span class='ocrx_word' id='word_1_57' title='bbox 808 579 925 623; x_wconf 70' lang='lat' dir='ltr'>millo</span> <span class='ocrx_word' id='word_1_58' title='bbox 959 579 1094 629; x_wconf 76' lang='lat' dir='ltr'>modo,</span> <span class='ocrx_word' id='word_1_59' title='bbox 1129 584 1297 636; x_wconf 92' lang='lat' dir='ltr'>propter</span> <span class='ocrx_word' id='word_1_60' title='bbox 1325 581 1413 622; x_wconf 90' lang='lat' dir='ltr'>eius</span> <span class='ocrx_word' id='word_1_61' title='bbox 1457 581 1740 622; x_wconf 76' lang='lat' dir='ltr'>imminentem</span> 
     </span>
     <span class='ocr_line' id='line_1_9' title="bbox 103 649 1743 707; baseline -0.001 -12"><span class='ocrx_word' id='word_1_62' title='bbox 103 654 262 695; x_wconf 89' lang='lat' dir='ltr'>ruinam</span> <span class='ocrx_word' id='word_1_63' title='bbox 301 651 365 694; x_wconf 90' lang='lat' dir='ltr'>vel</span> <span class='ocrx_word' id='word_1_64' title='bbox 402 651 732 695; x_wconf 88' lang='lat' dir='ltr'>insalubritatem</span> <span class='ocrx_word' id='word_1_65' title='bbox 769 650 825 694; x_wconf 78' lang='lat' dir='ltr'>ad</span> <span class='ocrx_word' id='word_1_66' title='bbox 858 650 1014 693; x_wconf 76' lang='lat' dir='ltr'>cultum</span> <span class='ocrx_word' id='word_1_67' title='bbox 1050 650 1239 693; x_wconf 69' lang='lat' dir='ltr'>(lirinum</span> <span class='ocrx_word' id='word_1_68' title='bbox 1273 649 1324 693; x_wconf 89' lang='lat' dir='ltr'>ob</span> <span class='ocrx_word' id='word_1_69' title='bbox 1359 663 1481 707; x_wconf 75' lang='lat' dir='ltr'>quem</span> <span class='ocrx_word' id='word_1_70' title='bbox 1526 650 1743 693; x_wconf 84' lang='lat' dir='ltr'>aediticata</span> 
     </span>
     <span class='ocr_line' id='line_1_10' title="bbox 101 720 1742 781; baseline -0.002 -15"><span class='ocrx_word' id='word_1_71' title='bbox 101 727 161 766; x_wconf 91' lang='lat' dir='ltr'>est</span> <span class='ocrx_word' id='word_1_72' title='bbox 194 721 389 767; x_wconf 73' lang='lat' dir='ltr'>adhiberi</span> <span class='ocrx_word' id='word_1_73' title='bbox 416 722 673 781; x_wconf 75' lang='lat' dir='ltr'>possit,110c</span> <span class='ocrx_word' id='word_1_74' title='bbox 708 724 1162 780; x_wconf 76' lang='lat' dir='ltr'>p1·i-mum,etinsuper</span> <span class='ocrx_word' id='word_1_75' title='bbox 1195 735 1335 764; x_wconf 73' lang='lat' dir='ltr'>omnes</span> <span class='ocrx_word' id='word_1_76' title='bbox 1369 720 1512 763; x_wconf 75' lang='lat' dir='ltr'>aditus</span> <span class='ocrx_word' id='word_1_77' title='bbox 1546 723 1668 763; x_wconf 89' lang='lat' dir='ltr'>etiam</span> <span class='ocrx_word' id='word_1_78' title='bbox 1704 724 1742 764; x_wconf 90' lang='lat' dir='ltr'>in</span> 
     </span>
     <span class='ocr_line' id='line_1_11' title="bbox 100 791 1743 850; baseline -0.002 -12"><span class='ocrx_word' id='word_1_79' title='bbox 100 799 209 838; x_wconf 73' lang='lat' dir='ltr'>can.⁶</span> <span class='ocrx_word' id='word_1_80' title='bbox 244 794 396 850; x_wconf 82' lang='lat' dir='ltr'>praec.i</span> <span class='ocrx_word' id='word_1_81' title='bbox 431 807 509 836; x_wconf 91' lang='lat' dir='ltr'>non</span> <span class='ocrx_word' id='word_1_82' title='bbox 547 796 764 837; x_wconf 87' lang='lat' dir='ltr'>memorati</span> <span class='ocrx_word' id='word_1_83' title='bbox 803 807 839 836; x_wconf 84' lang='lat' dir='ltr'>v.</span> <span class='ocrx_word' id='word_1_84' title='bbox 874 807 936 849; x_wconf 88' lang='lat' dir='ltr'>gr.</span> <span class='ocrx_word' id='word_1_85' title='bbox 972 795 1134 850; x_wconf 88' lang='lat' dir='ltr'>piorum</span> <span class='ocrx_word' id='word_1_86' title='bbox 1170 792 1461 849; x_wconf 74' lang='lat' dir='ltr'>eleemosynae</span> <span class='ocrx_word' id='word_1_87' title='bbox 1505 791 1567 835; x_wconf 66' lang='lat' dir='ltr'>vel</span> <span class='ocrx_word' id='word_1_88' title='bbox 1612 792 1743 836; x_wconf 84' lang='lat' dir='ltr'>eccle-</span> 
     </span>
     <span class='ocr_line' id='line_1_12' title="bbox 99 863 1744 922; baseline -0.002 -14"><span class='ocrx_word' id='word_1_89' title='bbox 99 866 253 908; x_wconf 90' lang='lat' dir='ltr'>siarum</span> <span class='ocrx_word' id='word_1_90' title='bbox 305 864 497 919; x_wconf 90' lang='lat' dir='ltr'>aliarum,</span> <span class='ocrx_word' id='word_1_91' title='bbox 542 864 834 922; x_wconf 80' lang='lat' dir='ltr'>bonorumque</span> <span class='ocrx_word' id='word_1_92' title='bbox 878 863 1257 907; x_wconf 88' lang='lat' dir='ltr'>ecclesiasticorum</span> <span class='ocrx_word' id='word_1_93' title='bbox 1301 867 1552 919; x_wconf 78' lang='lat' dir='ltr'>spontaneae</span> <span class='ocrx_word' id='word_1_94' title='bbox 1596 863 1744 919; x_wconf 85' lang='lat' dir='ltr'>elargi-</span> 
     </span>
     <span class='ocr_line' id='line_1_13' title="bbox 100 933 1744 992; baseline -0.001 -14"><span class='ocrx_word' id='word_1_95' title='bbox 100 937 244 989; x_wconf 90' lang='lat' dir='ltr'>tiones,</span> <span class='ocrx_word' id='word_1_96' title='bbox 266 934 489 978; x_wconf 68' lang='lat' dir='ltr'>interclusi</span> <span class='ocrx_word' id='word_1_97' title='bbox 521 935 608 978; x_wconf 76' lang='lat' dir='ltr'>sin!</span> <span class='ocrx_word' id='word_1_98' title='bbox 641 935 697 978; x_wconf 78' lang='lat' dir='ltr'>ad</span> <span class='ocrx_word' id='word_1_99' title='bbox 730 950 818 978; x_wconf 79' lang='lat' dir='ltr'>eam</span> <span class='ocrx_word' id='word_1_100' title='bbox 855 933 1126 992; x_wconf 71' lang='lat' dir='ltr'>reficiendam</span> <span class='ocrx_word' id='word_1_101' title='bbox 1150 937 1188 977; x_wconf 94' lang='lat' dir='ltr'>in</span> <span class='ocrx_word' id='word_1_102' title='bbox 1216 947 1333 977; x_wconf 88' lang='lat' dir='ltr'>usum</span> <span class='ocrx_word' id='word_1_103' title='bbox 1370 934 1643 990; x_wconf 70' lang='lat' dir='ltr'>praedictum,</span> <span class='ocrx_word' id='word_1_104' title='bbox 1668 933 1744 977; x_wconf 90' lang='lat' dir='ltr'>sub</span> 
     </span>
     <span class='ocr_line' id='line_1_14' title="bbox 101 1005 1743 1064; baseline -0.001 -15"><span class='ocrx_word' id='word_1_105' title='bbox 101 1006 163 1050; x_wconf 86' lang='lat' dir='ltr'>his</span> <span class='ocrx_word' id='word_1_106' title='bbox 196 1006 507 1050; x_wconf 87' lang='lat' dir='ltr'>conditionibus</span> <span class='ocrx_word' id='word_1_107' title='bbox 541 1011 717 1061; x_wconf 88' lang='lat' dir='ltr'>tantum,</span> <span class='ocrx_word' id='word_1_108' title='bbox 751 1009 848 1064; x_wconf 82' lang='lat' dir='ltr'>quia</span> <span class='ocrx_word' id='word_1_109' title='bbox 884 1009 922 1049; x_wconf 91' lang='lat' dir='ltr'>in</span> <span class='ocrx_word' id='word_1_110' title='bbox 961 1005 1030 1049; x_wconf 87' lang='lat' dir='ltr'>Dei</span> <span class='ocrx_word' id='word_1_111' title='bbox 1067 1005 1267 1048; x_wconf 77' lang='lat' dir='ltr'>honorem</span> <span class='ocrx_word' id='word_1_112' title='bbox 1314 1005 1478 1048; x_wconf 78' lang='lat' dir='ltr'>«semel</span> <span class='ocrx_word' id='word_1_113' title='bbox 1515 1005 1598 1048; x_wconf 90' lang='lat' dir='ltr'>Deo</span> <span class='ocrx_word' id='word_1_114' title='bbox 1632 1005 1743 1048; x_wconf 90' lang='lat' dir='ltr'>dica—</span> 
     </span>
     <span class='ocr_line' id='line_1_15' title="bbox 100 1075 1740 1132; baseline -0.001 -12"><span class='ocrx_word' id='word_1_115' title='bbox 100 1081 202 1131; x_wconf 91' lang='lat' dir='ltr'>tum,</span> <span class='ocrx_word' id='word_1_116' title='bbox 223 1090 301 1119; x_wconf 93' lang='lat' dir='ltr'>non</span> <span class='ocrx_word' id='word_1_117' title='bbox 327 1082 388 1120; x_wconf 90' lang='lat' dir='ltr'>est</span> <span class='ocrx_word' id='word_1_118' title='bbox 412 1077 461 1120; x_wconf 92' lang='lat' dir='ltr'>ad</span> <span class='ocrx_word' id='word_1_119' title='bbox 489 1091 587 1120; x_wconf 92' lang='lat' dir='ltr'>usus</span> <span class='ocrx_word' id='word_1_120' title='bbox 610 1076 816 1120; x_wconf 90' lang='lat' dir='ltr'>humanos</span> <span class='ocrx_word' id='word_1_121' title='bbox 850 1077 1024 1120; x_wconf 91' lang='lat' dir='ltr'>ulterius</span> <span class='ocrx_word' id='word_1_122' title='bbox 1048 1075 1381 1119; x_wconf 86' lang='lat' dir='ltr'>transferendum</span> <span class='ocrx_word' id='word_1_123' title='bbox 1402 1092 1421 1116; x_wconf 83' lang='grc'>))</span> <span class='ocrx_word' id='word_1_124' title='bbox 1446 1078 1559 1118; x_wconf 81' lang='lat' dir='ltr'>iuxta</span> <span class='ocrx_word' id='word_1_125' title='bbox 1586 1090 1670 1132; x_wconf 88' lang='lat' dir='ltr'>reg.</span> <span class='ocrx_word' id='word_1_126' title='bbox 1691 1075 1740 1118; x_wconf 75' lang='lat'>51</span> 
     </span>
     <span class='ocr_line' id='line_1_16' title="bbox 99 1147 1743 1206; baseline -0.001 -15"><span class='ocrx_word' id='word_1_127' title='bbox 99 1147 204 1196; x_wconf 87' lang='lat' dir='ltr'>Iuris</span> <span class='ocrx_word' id='word_1_128' title='bbox 228 1150 265 1191; x_wconf 90' lang='lat' dir='ltr'>in</span> <span class='ocrx_word' id='word_1_129' title='bbox 303 1150 361 1203; x_wconf 73' lang='lat'>(5⁰,</span> <span class='ocrx_word' id='word_1_130' title='bbox 397 1148 440 1191; x_wconf 79' lang='lat' dir='ltr'>in</span> <span class='ocrx_word' id='word_1_131' title='bbox 476 1162 595 1191; x_wconf 73' lang='lat' dir='ltr'>iesum</span> <span class='ocrx_word' id='word_1_132' title='bbox 617 1148 847 1206; x_wconf 63' lang='lat' dir='ltr'>profanior}</span> <span class='ocrx_word' id='word_1_133' title='bbox 873 1161 946 1191; x_wconf 89' lang='lat' dir='ltr'>seu</span> <span class='ocrx_word' id='word_1_134' title='bbox 971 1161 1237 1191; x_wconf 88' lang='lat' dir='ltr'>communem</span> <span class='ocrx_word' id='word_1_135' title='bbox 1268 1152 1502 1190; x_wconf 88' lang='lat' dir='ltr'>ceterarum</span> <span class='ocrx_word' id='word_1_136' title='bbox 1528 1147 1743 1201; x_wconf 89' lang='lat' dir='ltr'>domuum,</span> 
     </span>
     <span class='ocr_line' id='line_1_17' title="bbox 102 1217 1743 1276; baseline -0.001 -14"><span class='ocrx_word' id='word_1_137' title='bbox 102 1232 181 1262; x_wconf 76' lang='grc'>11011</span> <span class='ocrx_word' id='word_1_138' title='bbox 215 1218 453 1271; x_wconf 74' lang='lat' dir='ltr'>sordidum,</span> <span class='ocrx_word' id='word_1_139' title='bbox 477 1233 548 1263; x_wconf 90' lang='lat' dir='ltr'>seu</span> <span class='ocrx_word' id='word_1_140' title='bbox 584 1221 791 1263; x_wconf 90' lang='lat' dir='ltr'>deiectum</span> <span class='ocrx_word' id='word_1_141' title='bbox 820 1233 856 1264; x_wconf 88' lang='lat' dir='ltr'>v.</span> <span class='ocrx_word' id='word_1_142' title='bbox 877 1234 938 1276; x_wconf 88' lang='lat' dir='ltr'>gr.</span> <span class='ocrx_word' id='word_1_143' title='bbox 960 1218 1168 1263; x_wconf 78' lang='lat' dir='ltr'>stabulum</span> <span class='ocrx_word' id='word_1_144' title='bbox 1194 1232 1414 1276; x_wconf 79' lang='lat' dir='ltr'>equorum,</span> <span class='ocrx_word' id='word_1_145' title='bbox 1433 1218 1482 1261; x_wconf 78' lang='lat' dir='ltr'>ab</span> <span class='ocrx_word' id='word_1_146' title='bbox 1511 1217 1743 1262; x_wconf 75' lang='lat' dir='ltr'>Ordiiiorio</span> 
     </span>
     <span class='ocr_line' id='line_1_18' title="bbox 102 1289 1743 1348; baseline -0.001 -14"><span class='ocrx_word' id='word_1_147' title='bbox 102 1290 196 1347; x_wconf 75' lang='lat' dir='ltr'>loci,</span> <span class='ocrx_word' id='word_1_148' title='bbox 230 1292 296 1334; x_wconf 91' lang='lat' dir='ltr'>cui</span> <span class='ocrx_word' id='word_1_149' title='bbox 333 1292 517 1334; x_wconf 83' lang='lat' dir='ltr'>fortassis</span> <span class='ocrx_word' id='word_1_150' title='bbox 552 1296 721 1348; x_wconf 91' lang='lat' dir='ltr'>propter</span> <span class='ocrx_word' id='word_1_151' title='bbox 754 1291 934 1335; x_wconf 87' lang='lat' dir='ltr'>lamiliae</span> <span class='ocrx_word' id='word_1_152' title='bbox 969 1291 1188 1347; x_wconf 82' lang='lat' dir='ltr'>religiosae</span> <span class='ocrx_word' id='word_1_153' title='bbox 1222 1289 1534 1334; x_wconf 81' lang='lat' dir='ltr'>derelictionem</span> <span class='ocrx_word' id='word_1_154' title='bbox 1575 1303 1743 1333; x_wconf 89' lang='lat' dir='ltr'>concre-</span> 
     </span>
     <span class='ocr_line' id='line_1_19' title="bbox 100 1361 1744 1420; baseline 0.002 -19"><span class='ocrx_word' id='word_1_155' title='bbox 100 1362 185 1406; x_wconf 90' lang='lat' dir='ltr'>dita</span> <span class='ocrx_word' id='word_1_156' title='bbox 219 1364 384 1417; x_wconf 88' lang='lat' dir='ltr'>mansit,</span> <span class='ocrx_word' id='word_1_157' title='bbox 414 1362 477 1406; x_wconf 79' lang='lat' dir='ltr'>vel</span> <span class='ocrx_word' id='word_1_158' title='bbox 513 1376 584 1419; x_wconf 91' lang='lat' dir='ltr'>per</span> <span class='ocrx_word' id='word_1_159' title='bbox 619 1365 747 1419; x_wconf 89' lang='lat' dir='ltr'>ipsam</span> <span class='ocrx_word' id='word_1_160' title='bbox 784 1362 1018 1417; x_wconf 82' lang='lat' dir='ltr'>alienanda,</span> <span class='ocrx_word' id='word_1_161' title='bbox 1044 1361 1183 1420; x_wconf 70' lang='lat' dir='ltr'>resliyi</span> <span class='ocrx_word' id='word_1_162' title='bbox 1213 1367 1364 1420; x_wconf 75' lang='lat' dir='ltr'>polest,</span> <span class='ocrx_word' id='word_1_163' title='bbox 1382 1364 1560 1404; x_wconf 78' lang='lat' dir='ltr'>servatis</span> <span class='ocrx_word' id='word_1_164' title='bbox 1583 1361 1744 1404; x_wconf 90' lang='lat' dir='ltr'>duabus</span> 
     </span>
     <span class='ocr_line' id='line_1_20' title="bbox 100 1432 1740 1491; baseline -0.002 -14"><span class='ocrx_word' id='word_1_165' title='bbox 100 1433 362 1477; x_wconf 84' lang='lat' dir='ltr'>cautionibus</span> <span class='ocrx_word' id='word_1_166' title='bbox 408 1433 701 1491; x_wconf 83' lang='lat' dir='ltr'>sequentibus:</span> <span class='ocrx_word' id='word_1_167' title='bbox 738 1434 773 1477; x_wconf 69' lang='lat' dir='ltr'>la</span> <span class='ocrx_word' id='word_1_168' title='bbox 805 1440 843 1477; x_wconf 79' lang='lat' dir='ltr'>et</span> <span class='ocrx_word' id='word_1_169' title='bbox 877 1448 1007 1478; x_wconf 77' lang='lat' dir='ltr'>onera</span> <span class='ocrx_word' id='word_1_170' title='bbox 1051 1448 1142 1477; x_wconf 70' lang='lat' dir='ltr'>eum</span> <span class='ocrx_word' id='word_1_171' title='bbox 1185 1432 1391 1476; x_wconf 72' lang='lat' dir='ltr'>reditibus</span> <span class='ocrx_word' id='word_1_172' title='bbox 1429 1433 1478 1476; x_wconf 93' lang='lat' dir='ltr'>ad</span> <span class='ocrx_word' id='word_1_173' title='bbox 1524 1432 1740 1476; x_wconf 87' lang='lat' dir='ltr'>ecclesiam</span> 
     </span>
     <span class='ocr_line' id='line_1_21' title="bbox 99 1503 1743 1563; baseline -0.001 -16"><span class='ocrx_word' id='word_1_174' title='bbox 99 1504 420 1561; x_wconf 89' lang='lat' dir='ltr'>pertinentibus,</span> <span class='ocrx_word' id='word_1_175' title='bbox 444 1505 629 1548; x_wconf 83' lang='lat' dir='ltr'>clausula</span> <span class='ocrx_word' id='word_1_176' title='bbox 655 1505 924 1562; x_wconf 88' lang='lat' dir='ltr'>intelligenda</span> <span class='ocrx_word' id='word_1_177' title='bbox 950 1508 1061 1549; x_wconf 90' lang='lat' dir='ltr'>circa</span> <span class='ocrx_word' id='word_1_178' title='bbox 1095 1504 1327 1563; x_wconf 77' lang='lat' dir='ltr'>quamlibet.</span> <span class='ocrx_word' id='word_1_179' title='bbox 1360 1504 1594 1558; x_wconf 84' lang='lat' dir='ltr'>ecclesiam,</span> <span class='ocrx_word' id='word_1_180' title='bbox 1621 1503 1672 1546; x_wconf 74' lang='lat' dir='ltr'>lla</span> <span class='ocrx_word' id='word_1_181' title='bbox 1697 1503 1743 1545; x_wconf 81' lang='lat' dir='ltr'>li-</span> 
     </span>
     <span class='ocr_line' id='line_1_22' title="bbox 101 1574 1790 1634; baseline -0.001 -16"><span class='ocrx_word' id='word_1_182' title='bbox 101 1574 298 1633; x_wconf 77' lang='lat' dir='ltr'>{ulusque</span> <span class='ocrx_word' id='word_1_183' title='bbox 327 1576 568 1633; x_wconf 72' lang='lat' dir='ltr'>paroeciae,</span> <span class='ocrx_word' id='word_1_184' title='bbox 592 1590 767 1633; x_wconf 89' lang='lat' dir='ltr'>nempe:</span> <span class='ocrx_word' id='word_1_185' title='bbox 803 1577 913 1620; x_wconf 88' lang='lat' dir='ltr'>illius</span> <span class='ocrx_word' id='word_1_186' title='bbox 947 1576 1185 1634; x_wconf 84' lang='lat' dir='ltr'>appellatio,</span> <span class='ocrx_word' id='word_1_187' title='bbox 1208 1581 1344 1633; x_wconf 70' lang='lat' dir='ltr'>atque,</span> <span class='ocrx_word' id='word_1_188' title='bbox 1365 1580 1407 1618; x_wconf 92' lang='lat' dir='ltr'>ut</span> <span class='ocrx_word' id='word_1_189' title='bbox 1441 1575 1542 1618; x_wconf 90' lang='lat' dir='ltr'>alias</span> <span class='ocrx_word' id='word_1_190' title='bbox 1577 1574 1744 1631; x_wconf 86' lang='lat' dir='ltr'>patebit,</span> <span class='ocrx_word' id='word_1_191' title='bbox 1786 1576 1790 1580; x_wconf 81' lang='grc'><strong>“</strong></span> 
     </span>
     <span class='ocr_line' id='line_1_23' title="bbox 99 1645 1743 1706; baseline -0.002 -16"><span class='ocrx_word' id='word_1_192' title='bbox 99 1659 195 1690; x_wconf 88' lang='lat' dir='ltr'>cum</span> <span class='ocrx_word' id='word_1_193' title='bbox 230 1648 455 1702; x_wconf 77' lang='lat' dir='ltr'>territorio,</span> <span class='ocrx_word' id='word_1_194' title='bbox 490 1647 698 1702; x_wconf 83' lang='lat' dir='ltr'>fidelibus,</span> <span class='ocrx_word' id='word_1_195' title='bbox 723 1647 916 1706; x_wconf 83' lang='lat' dir='ltr'>illiusque</span> <span class='ocrx_word' id='word_1_196' title='bbox 949 1649 1205 1701; x_wconf 76' lang='lat' dir='ltr'>accessoriis,</span> <span class='ocrx_word' id='word_1_197' title='bbox 1231 1646 1268 1689; x_wconf 80' lang='lat' dir='ltr'>si</span> <span class='ocrx_word' id='word_1_198' title='bbox 1301 1646 1476 1689; x_wconf 74' lang='lat' dir='ltr'>eeclesia</span> <span class='ocrx_word' id='word_1_199' title='bbox 1509 1645 1564 1688; x_wconf 71' lang='lat' dir='ltr'>sil</span> <span class='ocrx_word' id='word_1_200' title='bbox 1590 1658 1743 1702; x_wconf 73' lang='lat' dir='ltr'>paroe-</span> 
     </span>
     <span class='ocr_line' id='line_1_24' title="bbox 100 1716 1741 1773; baseline -0.001 -13"><span class='ocrx_word' id='word_1_201' title='bbox 100 1716 236 1770; x_wconf 58' lang='lat' dir='ltr'>effatis,</span> <span class='ocrx_word' id='word_1_202' title='bbox 271 1717 315 1760; x_wconf 78' lang='lat' dir='ltr'>in</span> <span class='ocrx_word' id='word_1_203' title='bbox 349 1717 482 1760; x_wconf 79' lang='lat' dir='ltr'>aliam</span> <span class='ocrx_word' id='word_1_204' title='bbox 517 1718 735 1762; x_wconf 77' lang='lat' dir='ltr'>ecelesiam</span> <span class='ocrx_word' id='word_1_205' title='bbox 770 1719 819 1761; x_wconf 78' lang='lat' dir='ltr'>ab</span> <span class='ocrx_word' id='word_1_206' title='bbox 854 1718 995 1762; x_wconf 81' lang='lat' dir='ltr'>eodem</span> <span class='ocrx_word' id='word_1_207' title='bbox 1038 1717 1273 1762; x_wconf 75' lang='lat' dir='ltr'>Ordimcrio</span> <span class='ocrx_word' id='word_1_208' title='bbox 1308 1717 1522 1773; x_wconf 74' lang='lat' dir='ltr'>redigente</span> <span class='ocrx_word' id='word_1_209' title='bbox 1558 1716 1666 1759; x_wconf 90' lang='lat' dir='ltr'>illam</span> <span class='ocrx_word' id='word_1_210' title='bbox 1704 1718 1741 1758; x_wconf 90' lang='lat' dir='ltr'>in</span> 
     </span>
     <span class='ocr_line' id='line_1_25' title="bbox 101 1788 1743 1848; baseline 0 -17"><span class='ocrx_word' id='word_1_211' title='bbox 101 1802 219 1832; x_wconf 87' lang='lat' dir='ltr'>usum</span> <span class='ocrx_word' id='word_1_212' title='bbox 255 1790 477 1845; x_wconf 81' lang='lat' dir='ltr'>profanum</span> <span class='ocrx_word' id='word_1_213' title='bbox 530 1789 866 1848; x_wconf 61' lang='lat' dir='ltr'>(raim-feramur.</span> <span class='ocrx_word' id='word_1_214' title='bbox 907 1790 1041 1833; x_wconf 87' lang='lat' dir='ltr'>Huius</span> <span class='ocrx_word' id='word_1_215' title='bbox 1076 1791 1319 1847; x_wconf 85' lang='lat' dir='ltr'>praescripti</span> <span class='ocrx_word' id='word_1_216' title='bbox 1361 1791 1463 1832; x_wconf 88' lang='lat' dir='ltr'>ratio</span> <span class='ocrx_word' id='word_1_217' title='bbox 1508 1793 1545 1831; x_wconf 91' lang='lat' dir='ltr'>et</span> <span class='ocrx_word' id='word_1_218' title='bbox 1597 1788 1743 1831; x_wconf 88' lang='lat' dir='ltr'>modus</span> 
     </span>
     <span class='ocr_line' id='line_1_26' title="bbox 101 1859 1741 1918; baseline 0 -17"><span class='ocrx_word' id='word_1_219' title='bbox 101 1861 139 1902; x_wconf 86' lang='lat' dir='ltr'>vi</span> <span class='ocrx_word' id='word_1_220' title='bbox 174 1872 264 1903; x_wconf 88' lang='lat' dir='ltr'>can.</span> <span class='ocrx_word' id='word_1_221' title='bbox 287 1860 399 1902; x_wconf 63' lang='lat'>1426</span> <span class='ocrx_word' id='word_1_222' title='bbox 435 1861 669 1904; x_wconf 90' lang='lat' dir='ltr'>servandus</span> <span class='ocrx_word' id='word_1_223' title='bbox 703 1861 954 1906; x_wconf 83' lang='lat' dir='ltr'>exhibentur</span> <span class='ocrx_word' id='word_1_224' title='bbox 987 1864 1025 1904; x_wconf 90' lang='lat' dir='ltr'>in</span> <span class='ocrx_word' id='word_1_225' title='bbox 1061 1874 1152 1918; x_wconf 89' lang='lat' dir='ltr'>cap.</span> <span class='ocrx_word' id='word_1_226' title='bbox 1175 1860 1298 1905; x_wconf 89' lang='lat' dir='ltr'>Conc.</span> <span class='ocrx_word' id='word_1_227' title='bbox 1324 1859 1434 1903; x_wconf 91' lang='lat' dir='ltr'>Trid.</span> <span class='ocrx_word' id='word_1_228' title='bbox 1460 1872 1583 1916; x_wconf 89' lang='lat' dir='ltr'>supra</span> <span class='ocrx_word' id='word_1_229' title='bbox 1618 1861 1741 1902; x_wconf 89' lang='lat' dir='ltr'>citato</span> 
     </span>
     <span class='ocr_line' id='line_1_27' title="bbox 100 1929 1741 1990; baseline 0.001 -18"><span class='ocrx_word' id='word_1_230' title='bbox 100 1929 163 1973; x_wconf 83' lang='lat' dir='ltr'>his</span> <span class='ocrx_word' id='word_1_231' title='bbox 199 1930 359 1974; x_wconf 77' lang='lat' dir='ltr'>verbis:</span> <span class='ocrx_word' id='word_1_232' title='bbox 400 1947 418 1971; x_wconf 86' lang='grc'>((</span> <span class='ocrx_word' id='word_1_233' title='bbox 438 1930 539 1975; x_wconf 88' lang='lat' dir='ltr'>Cum</span> <span class='ocrx_word' id='word_1_234' title='bbox 582 1932 680 1975; x_wconf 94' lang='lat' dir='ltr'>illud</span> <span class='ocrx_word' id='word_1_235' title='bbox 721 1946 887 1990; x_wconf 86' lang='lat' dir='ltr'>quoque</span> <span class='ocrx_word' id='word_1_236' title='bbox 929 1932 1051 1976; x_wconf 86' lang='lat' dir='ltr'>valde</span> <span class='ocrx_word' id='word_1_237' title='bbox 1090 1932 1323 1976; x_wconf 89' lang='lat' dir='ltr'>curandum</span> <span class='ocrx_word' id='word_1_238' title='bbox 1357 1933 1421 1984; x_wconf 87' lang='lat' dir='ltr'>sit,</span> <span class='ocrx_word' id='word_1_239' title='bbox 1457 1944 1506 1973; x_wconf 89' lang='lat' dir='ltr'>ne</span> <span class='ocrx_word' id='word_1_240' title='bbox 1539 1942 1599 1981; x_wconf 73' lang='lat' dir='ltr'>ea,</span> <span class='ocrx_word' id='word_1_241' title='bbox 1633 1943 1741 1987; x_wconf 79' lang='lat' dir='ltr'>quae</span> 
     </span>
     <span class='ocr_line' id='line_1_28' title="bbox 97 2002 1739 2060; baseline 0 -16"><span class='ocrx_word' id='word_1_242' title='bbox 97 2003 227 2045; x_wconf 89' lang='lat' dir='ltr'>sacris</span> <span class='ocrx_word' id='word_1_243' title='bbox 261 2004 505 2046; x_wconf 89' lang='lat' dir='ltr'>ministeriis</span> <span class='ocrx_word' id='word_1_244' title='bbox 539 2003 673 2047; x_wconf 89' lang='lat' dir='ltr'>dicata</span> <span class='ocrx_word' id='word_1_245' title='bbox 708 2008 816 2059; x_wconf 87' lang='lat' dir='ltr'>sunt,</span> <span class='ocrx_word' id='word_1_246' title='bbox 853 2009 1086 2060; x_wconf 91' lang='lat' dir='ltr'>temporum</span> <span class='ocrx_word' id='word_1_247' title='bbox 1123 2005 1273 2046; x_wconf 87' lang='lat' dir='ltr'>iniuria</span> <span class='ocrx_word' id='word_1_248' title='bbox 1307 2002 1579 2055; x_wconf 87' lang='lat' dir='ltr'>obsolescant,</span> <span class='ocrx_word' id='word_1_249' title='bbox 1615 2005 1653 2044; x_wconf 90' lang='lat' dir='ltr'>et</span> <span class='ocrx_word' id='word_1_250' title='bbox 1690 2014 1739 2044; x_wconf 84' lang='lat' dir='ltr'>ex</span> 
     </span>
     <span class='ocr_line' id='line_1_29' title="bbox 101 2071 1738 2132; baseline 0 -17"><span class='ocrx_word' id='word_1_251' title='bbox 101 2071 315 2116; x_wconf 87' lang='lat' dir='ltr'>hominum</span> <span class='ocrx_word' id='word_1_252' title='bbox 352 2076 552 2117; x_wconf 81' lang='lat' dir='ltr'>memoria</span> <span class='ocrx_word' id='word_1_253' title='bbox 590 2075 809 2119; x_wconf 87' lang='lat' dir='ltr'>excidant:</span> <span class='ocrx_word' id='word_1_254' title='bbox 845 2077 1027 2132; x_wconf 89' lang='lat' dir='ltr'>episcopi</span> <span class='ocrx_word' id='word_1_255' title='bbox 1052 2077 1176 2118; x_wconf 90' lang='lat' dir='ltr'>etiam</span> <span class='ocrx_word' id='word_1_256' title='bbox 1201 2079 1413 2131; x_wconf 84' lang='lat' dir='ltr'>tamquam</span> <span class='ocrx_word' id='word_1_257' title='bbox 1434 2073 1552 2116; x_wconf 85' lang='lat' dir='ltr'>Sedis</span> <span class='ocrx_word' id='word_1_258' title='bbox 1570 2072 1738 2128; x_wconf 85' lang='lat' dir='ltr'>Aplcae.</span> 
     </span>
     <span class='ocr_line' id='line_1_30' title="bbox 100 2142 1740 2203; baseline -0.001 -17"><span class='ocrx_word' id='word_1_259' title='bbox 100 2143 278 2200; x_wconf 88' lang='lat' dir='ltr'>delegati</span> <span class='ocrx_word' id='word_1_260' title='bbox 313 2144 439 2202; x_wconf 79' lang='lat' dir='ltr'>(quae</span> <span class='ocrx_word' id='word_1_261' title='bbox 474 2145 658 2189; x_wconf 87' lang='lat' dir='ltr'>clausula</span> <span class='ocrx_word' id='word_1_262' title='bbox 703 2159 813 2190; x_wconf 87' lang='lat' dir='ltr'>nunc</span> <span class='ocrx_word' id='word_1_263' title='bbox 857 2146 1042 2190; x_wconf 86' lang='lat' dir='ltr'>obsoleta</span> <span class='ocrx_word' id='word_1_264' title='bbox 1075 2145 1167 2203; x_wconf 86' lang='lat' dir='ltr'>est),</span> <span class='ocrx_word' id='word_1_265' title='bbox 1206 2146 1429 2188; x_wconf 75' lang='lat' dir='ltr'>transferre</span> <span class='ocrx_word' id='word_1_266' title='bbox 1470 2148 1639 2200; x_wconf 87' lang='lat' dir='ltr'>possunt</span> <span class='ocrx_word' id='word_1_267' title='bbox 1674 2142 1740 2186; x_wconf 90' lang='lat' dir='ltr'>be-</span> 
     </span>
     <span class='ocr_line' id='line_1_31' title="bbox 99 2214 1741 2273; baseline -0.001 -17"><span class='ocrx_word' id='word_1_268' title='bbox 99 2214 247 2258; x_wconf 86' lang='lat' dir='ltr'>neficia</span> <span class='ocrx_word' id='word_1_269' title='bbox 281 2215 503 2272; x_wconf 82' lang='lat' dir='ltr'>simplicia,</span> <span class='ocrx_word' id='word_1_270' title='bbox 527 2218 651 2259; x_wconf 89' lang='lat' dir='ltr'>etiam</span> <span class='ocrx_word' id='word_1_271' title='bbox 688 2219 788 2260; x_wconf 91' lang='lat' dir='ltr'>iuris</span> <span class='ocrx_word' id='word_1_272' title='bbox 822 2221 1076 2273; x_wconf 90' lang='lat' dir='ltr'>patronatus,</span> <span class='ocrx_word' id='word_1_273' title='bbox 1101 2230 1151 2259; x_wconf 82' lang='lat' dir='ltr'>ex</span> <span class='ocrx_word' id='word_1_274' title='bbox 1177 2215 1363 2260; x_wconf 83' lang='lat' dir='ltr'>ecclesiis</span> <span class='ocrx_word' id='word_1_275' title='bbox 1396 2227 1501 2271; x_wconf 80' lang='lat' dir='ltr'>quae</span> <span class='ocrx_word' id='word_1_276' title='bbox 1540 2217 1741 2256; x_wconf 86' lang='lat' dir='ltr'>vetustate</span> 
     </span>
     <span class='ocr_line' id='line_1_32' title="bbox 102 2284 1739 2344; baseline -0.001 -17"><span class='ocrx_word' id='word_1_277' title='bbox 102 2284 168 2329; x_wconf 81' lang='lat' dir='ltr'>vel</span> <span class='ocrx_word' id='word_1_278' title='bbox 201 2285 303 2329; x_wconf 90' lang='lat' dir='ltr'>alias</span> <span class='ocrx_word' id='word_1_279' title='bbox 336 2286 544 2343; x_wconf 89' lang='lat' dir='ltr'>collapsae</span> <span class='ocrx_word' id='word_1_280' title='bbox 577 2292 671 2330; x_wconf 90' lang='lat' dir='ltr'>sunt</span> <span class='ocrx_word' id='word_1_281' title='bbox 705 2293 743 2331; x_wconf 91' lang='lat' dir='ltr'>et</span> <span class='ocrx_word' id='word_1_282' title='bbox 777 2287 829 2332; x_wconf 94' lang='lat' dir='ltr'>ob</span> <span class='ocrx_word' id='word_1_283' title='bbox 863 2302 1007 2332; x_wconf 92' lang='lat' dir='ltr'>eorum</span> <span class='ocrx_word' id='word_1_284' title='bbox 1042 2290 1223 2344; x_wconf 92' lang='lat' dir='ltr'>inopiam</span> <span class='ocrx_word' id='word_1_285' title='bbox 1261 2290 1470 2343; x_wconf 81' lang='lat' dir='ltr'>nequeunt</span> <span class='ocrx_word' id='word_1_286' title='bbox 1501 2286 1739 2335; x_wconf 78' lang='lat' dir='ltr'>restaurari,</span> 
     </span>
     <span class='ocr_line' id='line_1_33' title="bbox 100 2355 1737 2414; baseline -0.001 -17"><span class='ocrx_word' id='word_1_287' title='bbox 100 2357 259 2399; x_wconf 71' lang='lat' dir='ltr'>vocatis</span> <span class='ocrx_word' id='word_1_288' title='bbox 293 2358 341 2399; x_wconf 89' lang='lat' dir='ltr'>iis</span> <span class='ocrx_word' id='word_1_289' title='bbox 374 2370 553 2414; x_wconf 79' lang='lat' dir='ltr'>quorum</span> <span class='ocrx_word' id='word_1_290' title='bbox 590 2360 834 2414; x_wconf 88' lang='lat' dir='ltr'>interest,in</span> <span class='ocrx_word' id='word_1_291' title='bbox 862 2362 1067 2411; x_wconf 86' lang='lat' dir='ltr'>matrices,</span> <span class='ocrx_word' id='word_1_292' title='bbox 1093 2363 1163 2402; x_wconf 89' lang='lat' dir='ltr'>aut</span> <span class='ocrx_word' id='word_1_293' title='bbox 1196 2358 1298 2401; x_wconf 88' lang='lat' dir='ltr'>alias</span> <span class='ocrx_word' id='word_1_294' title='bbox 1331 2356 1529 2400; x_wconf 83' lang='lat' dir='ltr'>ccclesias</span> <span class='ocrx_word' id='word_1_295' title='bbox 1555 2355 1737 2398; x_wconf 92' lang='lat' dir='ltr'>locorum</span> 
     </span>
     <span class='ocr_line' id='line_1_34' title="bbox 100 2426 1740 2486; baseline 0 -18"><span class='ocrx_word' id='word_1_296' title='bbox 100 2427 358 2480; x_wconf 89' lang='lat' dir='ltr'>eorumdem,</span> <span class='ocrx_word' id='word_1_297' title='bbox 391 2442 465 2471; x_wconf 90' lang='lat' dir='ltr'>seu</span> <span class='ocrx_word' id='word_1_298' title='bbox 503 2431 767 2485; x_wconf 69' lang='lat' dir='ltr'>viciniorum,</span> <span class='ocrx_word' id='word_1_299' title='bbox 802 2430 974 2474; x_wconf 85' lang='lat' dir='ltr'>arbitrio</span> <span class='ocrx_word' id='word_1_300' title='bbox 1008 2444 1095 2483; x_wconf 83' lang='lat' dir='ltr'>suo,</span> <span class='ocrx_word' id='word_1_301' title='bbox 1131 2434 1254 2486; x_wconf 80' lang='lat' dir='ltr'>atque</span> <span class='ocrx_word' id='word_1_302' title='bbox 1290 2431 1326 2470; x_wconf 93' lang='lat' dir='ltr'>in</span> <span class='ocrx_word' id='word_1_303' title='bbox 1363 2427 1519 2470; x_wconf 88' lang='lat' dir='ltr'>eisdem</span> <span class='ocrx_word' id='word_1_304' title='bbox 1555 2426 1740 2469; x_wconf 81' lang='lat' dir='ltr'>ecclesiis</span> 
     </span>
     <span class='ocr_line' id='line_1_35' title="bbox 100 2496 1737 2556; baseline -0.001 -17"><span class='ocrx_word' id='word_1_305' title='bbox 100 2498 261 2553; x_wconf 89' lang='lat' dir='ltr'>erigant</span> <span class='ocrx_word' id='word_1_306' title='bbox 295 2497 455 2554; x_wconf 90' lang='lat' dir='ltr'>altaria,</span> <span class='ocrx_word' id='word_1_307' title='bbox 478 2498 539 2542; x_wconf 70' lang='lat' dir='ltr'>vel</span> <span class='ocrx_word' id='word_1_308' title='bbox 575 2499 756 2556; x_wconf 87' lang='lat' dir='ltr'>capellas</span> <span class='ocrx_word' id='word_1_309' title='bbox 788 2500 865 2545; x_wconf 90' lang='lat' dir='ltr'>sub</span> <span class='ocrx_word' id='word_1_310' title='bbox 898 2501 1055 2544; x_wconf 87' lang='lat' dir='ltr'>eisdem</span> <span class='ocrx_word' id='word_1_311' title='bbox 1090 2498 1446 2547; x_wconf 79' lang='lat' dir='ltr'>invocationibus;</span> <span class='ocrx_word' id='word_1_312' title='bbox 1486 2496 1549 2540; x_wconf 67' lang='lat' dir='ltr'>vel</span> <span class='ocrx_word' id='word_1_313' title='bbox 1587 2498 1623 2538; x_wconf 90' lang='lat' dir='ltr'>in</span> <span class='ocrx_word' id='word_1_314' title='bbox 1659 2498 1737 2539; x_wconf 91' lang='lat' dir='ltr'>iam</span> 
     </span>
     <span class='ocr_line' id='line_1_36' title="bbox 100 2567 1739 2627; baseline -0.001 -17"><span class='ocrx_word' id='word_1_315' title='bbox 100 2572 236 2611; x_wconf 87' lang='lat' dir='ltr'>erecta</span> <span class='ocrx_word' id='word_1_316' title='bbox 271 2567 429 2624; x_wconf 90' lang='lat' dir='ltr'>altaria,</span> <span class='ocrx_word' id='word_1_317' title='bbox 466 2569 530 2612; x_wconf 79' lang='lat' dir='ltr'>vel</span> <span class='ocrx_word' id='word_1_318' title='bbox 567 2570 748 2627; x_wconf 85' lang='lat' dir='ltr'>capellas</span> <span class='ocrx_word' id='word_1_319' title='bbox 782 2573 1036 2616; x_wconf 79' lang='lat' dir='ltr'>transierant</span> <span class='ocrx_word' id='word_1_320' title='bbox 1063 2585 1159 2615; x_wconf 91' lang='lat' dir='ltr'>cum</span> <span class='ocrx_word' id='word_1_321' title='bbox 1202 2569 1394 2613; x_wconf 91' lang='lat' dir='ltr'>omnibus</span> <span class='ocrx_word' id='word_1_322' title='bbox 1433 2567 1739 2620; x_wconf 84' lang='lat' dir='ltr'>emolumentis,</span> 
     </span>
     <span class='ocr_line' id='line_1_37' title="bbox 101 2637 1144 2700; baseline 0.006 -20"><span class='ocrx_word' id='word_1_323' title='bbox 101 2641 138 2680; x_wconf 88' lang='lat' dir='ltr'>et</span> <span class='ocrx_word' id='word_1_324' title='bbox 171 2637 380 2694; x_wconf 84' lang='lat' dir='ltr'>oneribus,</span> <span class='ocrx_word' id='word_1_325' title='bbox 415 2639 623 2696; x_wconf 88' lang='lat' dir='ltr'>prioribus</span> <span class='ocrx_word' id='word_1_326' title='bbox 657 2643 845 2687; x_wconf 90' lang='lat' dir='ltr'>ecclesiis</span> <span class='ocrx_word' id='word_1_327' title='bbox 885 2645 1144 2700; x_wconf 78' lang='lat' dir='ltr'>impositis».</span> 
     </span>
    </p>
   </div>
  </div>
 </body>
</html>
