1965 3240
151 131 220 166 540
339 130 423 163 Lm.
451 128 523 162 ΙΙΙ.
553 148 564 153 -
592 126 702 161 PARS
728 126 796 160 VI.
824 125 920 160 ··De
944 126 1054 159 bonis
1078 123 1270 158 Ecclesiae
1299 122 1589 166 temporalibus

148 248 332 293 dandam
365 261 414 291 ex
450 248 607 290 formae
646 250 762 290 actus
810 245 1076 302 praescripto,
1125 240 1496 285 administratores
1544 241 1770 289 interiores,

149 321 199 364 de
247 318 396 377 quibus
435 317 594 361 Titulus
636 329 657 360 a
691 329 780 361 can.
826 315 932 358 1521
983 314 1177 371 loquitur,
1221 310 1408 354 invalide
1450 315 1569 354 actus
1608 314 1772 369 ponunt

147 390 406 434 solummodo
440 388 511 447 qui
543 387 794 431 ordinariae
828 400 900 430 seu
937 386 1164 443 frequentis
1201 381 1591 426 administrationis
1633 381 1769 425 decla-

149 466 260 505 ratae
293 461 342 504 ad
377 459 500 503 Tituli
534 461 842 515 inscriptionem
877 456 978 514 fines
1010 469 1083 499 seu
1116 454 1267 498 limites
1298 458 1338 496 et
1372 452 1553 508 modum,
1590 452 1769 496 scilicet:

147 532 397 576 disiunctive
431 535 601 588 propter
633 530 744 573 hunc
786 527 1004 572 eoecedant.

264 602 327 647 Uti
362 615 549 645 normam
586 601 832 644 directivam
881 601 1072 654 accipere
1122 609 1339 654 possumus
1386 589 1604 639 elenchum
1655 607 1771 652 prae-

148 674 282 717 dictae
316 673 613 727 lnstructionis,
650 674 688 714 in
724 684 805 727 qua
852 669 929 714 sub
977 672 1044 713 cit.
1087 669 1183 713 art.⁰
1233 667 1407 711 dicitur:
1462 666 1648 724 «Itaque
1690 679 1771 710 non

147 749 294 801 potest,
326 746 402 787 nisi
452 744 597 787 eadem
632 742 826 786 facultate
869 741 1058 785 obtenta:
1102 742 1138 792 a)
1171 738 1472 794 Hereditatem,
1498 737 1666 794 legata,
1701 737 1772 780 do-

147 817 333 858 nationes
365 814 624 870 (solemniter
656 812 801 869 factas)
837 812 902 856 vel
938 810 1199 854 fundationes
1241 814 1470 866 acceptare,
1515 813 1585 853 aut
1624 808 1769 852 iisdem

148 888 417 939 renunciare3
464 884 506 941 b)
549 884 657 928 Bona
706 883 933 927 immobilia
979 894 1142 930 emere;
1186 880 1226 938 c)
1274 879 1473 929 Vendere,
1518 884 1767 937 permutare,

146 957 404 1015 hypothecae
437 956 655 1006 subiicere⁷
690 957 981 1012 oppignorare,
1013 955 1216 996 servitute
1259 951 1396 995 aliove
1437 951 1558 995 modo
1582 963 1769 1006 onerare,

147 1033 217 1072 aut
250 1028 354 1071 ultra
389 1030 512 1070 trium
547 1039 750 1070 annorum
782 1027 959 1082 spatitlm
1001 1024 1129 1081 (nunc
1167 1023 1463 1079 corrigendum
1497 1023 1546 1065 ad
1582 1035 1773 1072 normam

145 1111 234 1143 can.
271 1098 402 1155 1541)
437 1098 573 1142 locare
606 1111 671 1141 res
703 1096 913 1140 Ecclesiae
947 1094 1202 1148 immobiles,
1223 1094 1263 1146 d)
1283 1093 1490 1147 Vendere,
1516 1098 1770 1150 permutare,

147 1172 423 1227 oppignorare
457 1169 518 1213 vel
552 1168 632 1212 alio
665 1170 814 1226 quovis
837 1167 998 1211 modoa
1018 1167 1292 1210 destinatione
1310 1178 1382 1209 sua
1401 1169 1592 1208 avertere
1611 1164 1773 1208 obiecta

146 1242 380 1295 artificiosa,
417 1244 682 1283 monumenta
716 1239 925 1289 historica,
946 1237 1093 1281 ‚aliave
1126 1236 1293 1280 mobilia
1326 1236 1502 1280 alicuius
1527 1238 1770 1292 magnimo-

146 1314 296 1365 menn3
332 1311 372 1368 e)
406 1310 574 1367 Magnas
608 1312 807 1367 pecuniae
838 1321 1022 1353 summas
1057 1312 1198 1351 mutuo
1232 1309 1438 1364 accipere,
1472 1308 1771 1350 transactiones

145 1382 330 1439 aliosque
363 1385 599 1425 contractus
632 1393 828 1424 onerosos
850 1380 1009 1433 facere3
1044 1380 1088 1435 g)
1113 1378 1370 1423 Coemeteria
1399 1377 1603 1431 condere,
1627 1376 1672 1429 h)
1696 1375 1771 1419 Fa-

146 1466 241 1496 cere
273 1457 342 1496 aut
375 1454 634 1509 supprimere
677 1450 948 1508 parochiales,
992 1452 1082 1493 sive
1120 1449 1169 1493 ad
1212 1463 1295 1492 rem
1341 1448 1665 1492 ecclesiasticam
1701 1460 1769 1504 pa-

147 1523 312 1567 rochiae
347 1525 610 1580 pertinentes,
635 1524 934 1576 institutiones3
961 1523 986 1575 i)
1005 1521 1221 1577 lmponere
1244 1521 1552 1577 capitationem,
1576 1518 1773 1563 collectas

146 1594 357 1647 inducere,
390 1598 460 1637 aut
492 1606 573 1649 eas,
607 1605 710 1650 quas
744 1592 867 1636 habet
899 1591 1090 1638 ecclesia.
1123 1591 1214 1635 aliis
1245 1592 1401 1635 donare
1424 1606 1463 1633 )).

263 1664 381 1708 Alex.
416 1664 467 1707 111
499 1666 557 1707 sic
590 1666 798 1720 sapienter
831 1663 1017 1706 decernit
1050 1665 1088 1705 in
1123 1675 1211 1719 cap.
1248 1661 1261 1705 l
1301 1677 1322 1703 <c
1345 1661 1403 1705 De
1426 1662 1612 1718 deposito
1635 1676 1655 1702 »
1685 1659 1770 1718 (lll,

147 1735 217 1791 16)
253 1735 308 1778 X:
349 1734 542 1779 «Gravis
574 1734 641 1777 illa
674 1736 933 1792 querimonia
967 1746 1098 1790 usque
1131 1733 1181 1776 ad
1216 1746 1290 1776 nos
1322 1746 1447 1789 super
1479 1732 1665 1789 deposito
1701 1736 1771 1775 tuo

145 1806 217 1849 tibi
253 1806 450 1850 hactenus
483 1806 686 1862 denegato
722 1807 953 1861 pervenit...
989 1809 1028 1847 et
1061 1804 1207 1848 infra...
1232 1803 1334 1847 Cum
1358 1805 1467 1846 enim
1491 1816 1571 1846 non
1596 1807 1770 1858 constet,

148 1880 363 1933 pecuniam
398 1882 524 1931 tuam,
559 1889 681 1935 quam
717 1875 784 1918 ille
819 1878 882 1918 vir
915 1875 1124 1931 (clericus)
1157 1874 1282 1917 Belial
1317 1875 1476 1917 furatus
1509 1879 1582 1929 est,
1619 1877 1657 1917 in
1694 1874 1768 1918 Ec-

144 1947 294 1991 clesiae
329 1948 545 1991 utilitatem
580 1958 848 1990 conversam:
898 1958 978 1988 non
1027 1944 1230 1989 debemus
1262 1945 1313 1988 de
1347 1947 1435 1988 iure
1472 1949 1615 1988 contra
1649 1957 1771 1988 cano—

146 2020 259 2061 nicos
292 2018 476 2061 eiusdem
510 2017 710 2061 ecclesiae
742 2018 927 2074 praecise
970 2018 1173 2059 intentare
1213 2018 1404 2059 iussionis
1442 2018 1691 2066 instantiam,
1727 2020 1770 2058 ut

145 2088 217 2132 tibi
252 2089 425 2132 eandem
470 2088 645 2131 reddant
689 2089 920 2143 pecuniam,
965 2100 1164 2143 personae
1208 2100 1286 2130 non
1321 2086 1522 2130 ecclesiae
1553 2099 1769 2130 commen—

146 2158 282 2202 datam
306 2174 343 2204 )),

264 2229 360 2272 ltem
394 2228 620 2286 Gregorius
654 2229 708 2272 lX
747 2231 785 2272 in
824 2242 914 2285 cap.
955 2229 978 2272 2
1019 2244 1043 2289 ς(
1066 2229 1117 2272 de
1149 2228 1466 2272 solutionibus»
1504 2227 1590 2285 (lll,
1625 2228 1696 2280 23)
1729 2226 1765 2271 X

145 2302 223 2343 ait:
264 2300 498 2344 «Firmiter
536 2301 783 2353 inhibemus,
829 2315 878 2344 ne
911 2303 1014 2359 quis<
1037 2306 1273 2357 praesumat
1305 2301 1523 2344 ecelesiam
1556 2299 1632 2343 sibi
1658 2313 1771 2343 com-

147 2372 328 2425 missam,
363 2385 434 2427 pro
467 2372 612 2415 alienis
644 2384 822 2428 gravare
855 2371 1024 2416 debitis:
1059 2376 1129 2415 aut
1171 2371 1328 2415 litteras
1364 2371 1489 2415 alicui
1521 2384 1594 2414 seu
1627 2369 1761 2427 sigilla

145 2442 389 2495 concedere,
422 2442 572 2499 quibus
605 2447 769 2499 possent
801 2443 1000 2486 ecclesiae
1033 2443 1231 2498 obligari:
1270 2443 1541 2486 decernentes
1577 2444 1609 2484 si
1644 2454 1765 2485 secus

145 2513 266 2555 luerit
298 2516 556 2568 attentatum,
601 2514 651 2557 ad
700 2513 947 2556 solutionem
991 2513 1134 2557 talium
1177 2513 1410 2557 debitorum
1456 2512 1652 2556 ecclesias
1685 2525 1764 2555 non

146 2584 275 2625 teneri
300 2598 339 2625 )).

265 2653 528 2698 praecedenti
573 2668 671 2711 ergo
715 2656 793 2698 iuri
837 2668 1010 2698 concors
1042 2659 1102 2699 est
1134 2657 1158 2709 ἓ
1189 2657 1232 2698 2.
1265 2654 1455 2698 Ecclesia
1495 2657 1607 2698 iuxta
1641 2655 1765 2698 huius

145 2725 323 2766 nominis
368 2724 712 2780 significationem
763 2725 981 2768 iuridicam
1016 2739 1064 2768 ex
1099 2738 1188 2769 can.
1231 2725 1357 2781 1498,
1400 2738 1472 2768 seu
1512 2724 1763 2783 «quaelibet

146 2806 317 2849 persona
355 2794 521 2838 moralis
554 2797 590 2837 in
625 2794 869 2849 Ecclesia»,
902 2809 983 2838 non
1007 2801 1172 2839 tenetur
1195 2799 1233 2838 in
1259 2796 1410 2839 iudicio
1437 2795 1499 2839 vel
1524 2800 1640 2839 extra
1666 2795 1764 2838 illud

146 2864 398 2920 respondere
431 2866 556 2909 idest:
590 2879 692 2909 onus
714 2865 853 2909 subire
876 2864 927 2908 de
947 2866 1228 2909 contractibus
1250 2865 1502 2923 quibuslibet
1524 2879 1594 2909 seu
1614 2865 1762 2909 horum
