1965 3240
476 163 559 199 Trr.
586 163 713 199 XXV.
743 184 755 189 -
781 164 839 199 De
865 165 1058 209 beneficiis
1083 167 1350 201 ecclesiasticis

1659 167 1729 202 433

96 281 208 317 ternis
236 281 577 326 praesentationibus
611 293 680 316 non
708 292 877 318 convene-

97 329 182 370 rint,
223 328 281 363 ille
320 333 562 374 praesentatus
600 329 778 370 habeatur,
818 330 877 375 qui

98 376 265 411 maiorem
292 375 415 410 saltem
453 376 596 412 relative
633 376 877 421 suffragiorum

98 433 284 459 numerum
312 423 489 464 retulerit;
527 428 559 459 et
592 424 618 458 si
649 424 764 470 plures
789 434 873 459 eun·

93 470 184 511 dem,
212 470 378 505 maiorem
418 481 521 515 quam
549 471 666 513 ceteri,
699 470 875 516 suffragio-

95 529 172 552 rum
200 528 387 552 numerum
415 517 614 560 habuerint,
650 529 772 554 omnes
798 529 875 553 cen-

92 569 237 600 seantur
287 564 487 600 raesentati.

141 616 161 655 §
187 611 220 646 3.
285 612 317 646 ui
344 622 383 647 ex
411 611 556 647 diversis
595 612 707 647 titulis
738 612 790 647 ius
817 623 874 659 pa-

92 663 251 695 tronatus
275 659 420 697 obtinet,
450 663 499 694 tot
525 659 629 694 habet
655 660 690 694 in
712 670 872 706 praesen·

92 706 223 742 tatione
248 706 426 750 suffragia,
452 711 534 752 quot
560 707 692 742 titulos.

139 758 159 796 ξ
190 752 222 788 4.
263 753 418 798 Quilibet
458 758 637 800 patronus,
679 759 870 800 antequam

93 801 325 847 praesentatio
342 805 552 847 acceptetur,
575 812 645 836 non
673 813 782 837 unum
798 806 874 837 tan-

90 853 180 890 tum,
224 848 282 884 sed
328 848 445 894 plures
485 854 704 894 praesentare
748 854 869 894 potest,

90 900 164 930 tum
193 906 262 931 una
290 895 394 930 simul
421 900 495 930 tum
535 896 639 931 etiam
667 896 870 938 successive,

91 942 184 978 intra
198 947 336 989 tempus
350 947 468 978 tamen
486 943 750 989 praescriptum,
770 944 870 979 modo

92 989 169 1025 illos
196 1001 240 1026 ne
270 990 430 1025 excludat
457 1001 545 1036 quos
573 991 668 1037 prius
708 1002 868 1037 praesen-

88 1038 187 1072 tavit.

160 1083 245 1120 CAN.
279 1082 380 1121 1461.
409 1105 425 1110 -
455 1083 561 1120 Nemo
581 1089 691 1131 potest
711 1096 870 1132 praesen-

88 1136 161 1167 tare
186 1132 340 1178 seipsum
379 1143 493 1178 neque
526 1132 606 1167 aliis
634 1133 788 1178 patronis
813 1144 867 1168 ac-

87 1179 211 1215 cedere
250 1184 286 1214 ut
325 1179 568 1224 suffragiorum
610 1191 798 1216 numerum
823 1181 867 1216 ad

87 1226 405 1272 praesentationem
449 1227 686 1263 necessarium
730 1239 790 1274 pro
833 1239 868 1264 se

85 1274 271 1320 compleat.

134 1320 219 1356 CAN.
250 1319 354 1356 1462.
382 1341 399 1346 -
427 1320 462 1356 Si
489 1321 657 1357 ecclesiae
685 1322 735 1357 vel
763 1322 866 1358 bene·

85 1368 164 1404 ficio
192 1368 362 1415 provideri
403 1368 525 1404 debeat
562 1380 620 1415 per
645 1380 866 1413 concursum,

87 1420 266 1462 patronus,
287 1416 390 1452 etiam
407 1415 531 1460 laicus,
549 1427 617 1452 non
636 1421 745 1462 potest
771 1428 866 1463 prae-

83 1463 238 1507 sentare,
267 1463 335 1498 nisi
362 1463 528 1499 clericum
556 1463 710 1509 legitime
727 1475 766 1500 ex
785 1475 862 1500 con-

82 1521 187 1546 cursu
216 1511 412 1557 probatum.

133 1557 217 1593 CAN.
256 1555 358 1593 1463.
400 1578 421 1584 -
461 1557 611 1594 Persona
648 1563 865 1605 praesentata
889 1578 899 1589 -

80 1605 185 1640 debet
209 1616 284 1641 esse
310 1605 447 1649 idonea7
477 1605 576 1643 idest.
602 1605 677 1651 ipso
705 1617 865 1652 praesen-

85 1652 227 1688 tationis
264 1652 315 1688 vel
354 1653 477 1688 saltem
515 1653 764 1698 acceptationis
798 1654 862 1695 die,

82 1699 312 1746 qualitatibus
350 1699 516 1735 omnibus
561 1701 729 1746 praedita,
775 1712 864 1747 quae

83 1747 157 1783 iure
196 1757 257 1783 seu
294 1747 473 1782 communi
514 1757 574 1782 seu
614 1748 778 1793 peculiari
812 1749 862 1785 vel

84 1794 156 1840 lege
185 1794 400 1830 fundationis
430 1794 670 1840 requiruntur.

130 1840 214 1878 CAN.
244 1839 348 1877 1464.
380 1862 396 1867 -
425 1845 444 1884 ξ
474 1842 504 1876 1.
534 1841 773 1878 Praesentatio
789 1842 860 1878 fieri

78 1888 184 1924 debet
225 1889 288 1924 loci
329 1887 530 1929 Ordinario,
570 1889 669 1925 cuius
694 1895 746 1925 est
774 1890 861 1925 iudi-

82 1947 160 1972 care
200 1941 316 1972 utrum
356 1936 480 1972 idonea
518 1936 562 1970 sit
590 1947 738 1983 persona
765 1948 862 1984 prae-

81 1988 231 2019 sentata.

129 2035 148 2073 ξ
174 2031 206 2065 ⁶2.
239 2029 450 2066 Ordinarius
483 2031 525 2066 ad
565 2043 667 2066 suum
709 2032 861 2068 forman-

80 2077 165 2112 dum
192 2077 370 2117 iudicium,
398 2077 500 2113 debet
524 2079 567 2113 ad
596 2089 754 2114 normam
783 2090 861 2115 can.

84 2123 149 2159 149
176 2124 217 2160 de
245 2135 392 2171 persona
424 2130 641 2170 praesentata
675 2126 862 2171 diligenter

82 2171 259 2217 inquirere
284 2176 317 2207 et
343 2176 558 2218 opportunas
584 2172 736 2214 notitias,
754 2174 859 2210 etiam

78 2223 244 2257 secretas,
273 2219 300 2253 si
328 2230 415 2266 opus
441 2219 554 2261 fuerit,
580 2231 770 2256 assumere.

128 2270 148 2308 ς
175 2266 208 2300 3.
239 2265 450 2302 Ordinarius
476 2278 548 2301 non
565 2267 699 2312 cogitur
715 2273 860 2313 patrono

83 2313 274 2358 patefacere
299 2314 452 2349 rationes
469 2325 531 2349 cur
551 2325 734 2360 personam
763 2326 858 2361 prae-

77 2365 253 2396 sentatam
278 2361 462 2397 admittere
488 2372 558 2397 non
595 2361 714 2408 possit.

127 2406 213 2443 cm.
246 2406 347 2443 1465.
380 2429 396 2434 -
424 2412 444 2450 ξ
472 2408 503 2444 1.
541 2407 575 2444 Si
618 2414 859 2455 praesentatus

80 2465 151 2490 non
178 2454 323 2491 idoneus
351 2455 453 2490 fuerit
479 2461 649 2502 repertus,
672 2461 855 2502 patronus,

78 2501 269 2537 dummodo
295 2507 433 2545 tempus
460 2503 544 2539 utile
568 2504 611 2539 ad
633 2508 857 2549 praesentan-

78 2549 162 2584 dum
201 2560 263 2585 sua
300 2550 515 2595 negligentia
553 2550 689 2597 lapsum
728 2562 772 2587 ne
797 2552 854 2596 sit,

79 2601 190 2643 potest
214 2596 324 2632 alium
363 2597 456 2632 intra
494 2602 632 2644 tempus
657 2598 699 2634 de
725 2609 793 2644 quo
820 2599 856 2634 in

79 2655 155 2679 can.
187 2642 274 2678 1457
303 2649 542 2690 praesentare;
581 2646 639 2681 sed
675 2646 702 2680 si
731 2656 775 2681 ne
801 2645 858 2682 hic

74 2691 219 2737 quidem
241 2691 384 2727 idoneus
402 2697 558 2738 repertus
579 2692 691 2733 fuerit,
712 2693 857 2728 ecclesia

78 2738 129 2773 vel
158 2738 367 2774 beneficium
396 2749 456 2785 pro
481 2749 520 2774 eo
545 2750 627 2775 casu
661 2739 698 2775 fit
728 2739 857 2776 liberae

72 2785 286 2828 collationis,
314 2785 382 2820 nisi
421 2790 588 2831 patronus
614 2787 665 2822 vel
695 2798 855 2832 praesen-

74 2836 170 2868 tatus
196 2833 290 2868 intra
314 2833 434 2869 decem
461 2833 534 2869 dies
559 2844 580 2869 a
597 2833 855 2879 significatione

74 2880 308 2916 ¹recusationis
345 2891 525 2916 recursum
551 2891 572 2916 a
598 2880 726 2917 iudicio
752 2879 854 2917 Ordi-

163 2992 260 3021 BLAT
282 3009 300 3015 -
327 2993 449 3022 Comm.
478 2993 562 3022 Teoec.
588 2993 663 3022 Cod.
688 2993 762 3022 [ur.
788 2995 870 3023 Can.

952 281 1042 317 narii
1068 282 1111 317 ad
1140 280 1262 318 Sedem
1303 284 1536 330 Apostolicam
1576 285 1726 332 interpo-

951 329 1081 369 suerit;
1110 340 1177 375 quo
1204 331 1387 376 pendente,
1406 332 1640 377 suspendatur
1658 333 1726 369 col-

953 376 1035 411 latio
1062 387 1170 422 usque
1196 377 1239 412 ad
1267 377 1372 413 finem
1411 380 1665 416 controversiae
1694 385 1727 417 et

949 423 1105 467 interim,
1134 424 1160 457 si
1188 435 1274 470 opus
1301 426 1357 465 sit,
1371 437 1598 461 oeconomum
1618 428 1725 463 eccle·

947 471 1018 505 siae
1046 471 1096 506 vel
1137 471 1304 507 beneficio
1343 474 1478 508 vacanti
1515 472 1726 510 Ordinarius

950 518 1139 564 praeficiat.

994 568 1014 607 ξ,
1039 564 1072 600 2.
1100 565 1346 611 Praesentatio‚
1377 567 1451 602 labe
1466 569 1658 604 simoniaca
1677 569 1726 604 in-

947 611 1045 653 fecta,
1072 617 1124 648 est
1151 613 1226 659 ipso
1253 613 1327 649 iure
1350 614 1458 653 irrita.
1484 620 1517 650 et
1543 616 1647 651 etiam
1676 616 1725 650 in-

945 659 1164 695 stitutionem
1204 660 1289 696 forte
1326 661 1546 697 subsecutam
1590 663 1724 699 irritam

946 706 1070 742 reddit.

992 753 1077 790 cm.
1106 752 1207 789 1466.
1237 774 1253 781 -
1281 759 1300 797 ξ
1330 755 1361 789 1.
1382 755 1548 801 Legitime
1563 768 1724 803 praesen-

945 805 1048 843 tatus,
1085 805 1119 836 et
1155 802 1301 838 idoneus
1339 808 1507 849 repertus,
1547 809 1725 850 acceptata

945 849 1237 894 praesentatione,
1275 850 1328 885 ius
1363 850 1467 886 habet
1503 851 1546 886 ad
1584 852 1725 887 canoni·

943 907 1019 931 cam
1047 896 1317 932 institutionem.

991 947 1010 985 ξ
1036 943 1069 978 2.
1099 942 1155 978 lus
1180 944 1393 980 concedendi
1433 945 1638 981 canonicam
1672 946 1722 981 in-

944 990 1162 1026 stitutionem
1183 992 1360 1038 proprium
1376 997 1427 1027 est
1442 991 1623 1028 Ordinarii
1643 994 1720 1038 loci,

943 1049 1014 1073 non
1041 1042 1156 1073 autem
1188 1038 1313 1074 Vicarii
1333 1039 1516 1075 Generalis
1533 1040 1610 1076 sine
1628 1052 1723 1076 man<

942 1086 1022 1120 dato
1047 1085 1202 1132 speciali.

989 1136 1007 1179 g
1033 1132 1067 1167 3.
1097 1132 1133 1167 Si
1162 1134 1278 1179 plures
1295 1138 1328 1169 et
1342 1144 1464 1169 omnes
1491 1134 1604 1170 idonei
1627 1146 1722 1181 prae-

941 1181 1067 1215 sentati
1111 1180 1195 1222 sint,
1240 1179 1452 1217 Ordinarius
1489 1181 1586 1227 eligit
1618 1194 1722 1229 quem

943 1228 1054 1272 magis
1081 1228 1246 1264 idoneum
1275 1228 1310 1263 in
1340 1228 1486 1264 Domino
1506 1229 1723 1266 iudicaverit.

989 1274 1073 1311 CAN.
1108 1273 1208 1310 1467.
1242 1296 1258 1301 -
1287 1275 1462 1312 Institutio
1476 1277 1647 1313 canonica
1662 1289 1723 1324 pro

940 1322 1094 1368 quolibet
1137 1322 1306 1358 beneficio
1343 1324 1447 1359 etiam
1488 1335 1559 1359 non
1603 1330 1722 1361 curato

940 1370 1015 1405 dari
1041 1370 1154 1413 debet,
1181 1370 1278 1406 nullo
1305 1371 1394 1407 iusto
1427 1371 1587 1408 obstante
1613 1372 1720 1419 impe-

939 1417 1108 1458 dimento,
1151 1418 1244 1452 intra
1281 1418 1367 1453 duos
1407 1430 1545 1455 menses
1587 1431 1626 1455 ex
1653 1428 1721 1466 quo

941 1465 1173 1511 praesentatio
1201 1466 1291 1500 facta
1315 1466 1371 1500 sit.

986 1511 1069 1548 CAN.
1102 1510 1201 1547 1468.
1240 1533 1255 1537 —
1285 1511 1320 1547 Si
1361 1518 1602 1559 praesentatus
1639 1519 1721 1551 ante

939 1560 1145 1595 canonicam
1173 1559 1430 1595 institutionem
1465 1561 1720 1597 renuntiaverit

939 1606 990 1641 vel
1019 1611 1176 1642 mortuus
1204 1606 1318 1648 fuerit,
1342 1612 1507 1654 patronus
1526 1619 1647 1644 rursus
1666 1609 1719 1645 ius

940 1654 1184 1700 praesentandi
1213 1654 1327 1690 habet.

986 1700 1069 1738 CAN.
1098 1700 1200 1736 1469.
1238 1722 1255 1726 -
1283 1705 1302 1744 5
1332 1701 1361 1736 1.
1392 1700 1510 1738 Onera
1529 1713 1587 1738 seu
1607 1703 1719 1740 officia

939 1753 1163 1794 patronorum
1196 1754 1296 1783 sunt:

1013 1797 1057 1832 ἰ.)
1083 1794 1313 1832 Ordinarium
1331 1796 1393 1832 loci
1410 1807 1564 1839 monere,
1582 1797 1609 1832 si
1627 1798 1717 1834 bona

935 1843 1100 1879 ecclesiae
1127 1854 1186 1879 seu
1213 1843 1373 1879 beneficii
1413 1844 1596 1890 dilapidari
1624 1845 1718 1882 vide-

935 1890 1018 1931 rint,
1049 1890 1135 1936 quin
1162 1895 1280 1926 tamen
1309 1902 1344 1926 se
1371 1891 1592 1927 immisceant
1605 1893 1716 1928 admi-

936 1937 1134 1973 nistrationi
1163 1939 1352 1974 eorundem
1387 1938 1582 1980 bonorum;

1007 1986 1060 2020 ’λθ
1086 1985 1278 2021 Aedificare
1303 1986 1418 2021 denuo
1443 1987 1626 2022 ecclesiam
1646 1988 1716 2023 col-

935 2032 1069 2078 lapsam
1097 2037 1157 2068 aut
1184 2033 1433 2079 reparationes,
1466 2034 1595 2070 iudicio
1613 2034 1716 2070 Ordi-

934 2080 1039 2121 narii,
1070 2080 1285 2116 necessarias
1312 2080 1346 2115 in
1374 2081 1495 2116 eadem
1538 2081 1660 2125 facere,
1687 2083 1713 2117 si

934 2137 973 2162 ex
1001 2127 1102 2163 titulo
1127 2127 1380 2163 aedificationis
1418 2128 1472 2163 ius
1512 2133 1715 2174 patronatus

935 2174 1101 2216 habeant,
1129 2180 1162 2211 et
1188 2175 1254 2209 nisi
1283 2185 1372 2210 onus
1397 2175 1634 2212 aedificandae
1660 2177 1714 2212 de-

934 2233 1004 2257 nuo
1031 2222 1083 2257 vel
1110 2222 1325 2268 reparandae
1358 2222 1523 2259 ecclesiae
1560 2223 1639 2259 aliis
1666 2224 1716 2259 in-

933 2269 1075 2305 cumbat
1101 2270 1143 2305 ad
1171 2280 1330 2304 normam
1357 2280 1436 2305 can.
1470 2268 1581 2315 1186;

1005 2316 1057 2350 3.0
1084 2315 1253 2363 Supplere
1291 2317 1434 2358 reditus,
1472 2318 1499 2352 si
1539 2329 1577 2353 ex
1613 2319 1714 2353 titulo

932 2363 1121 2399 dotationis
1138 2366 1189 2399 ius
1208 2369 1411 2409 patronatus
1427 2365 1618 2411 proveniat,
1632 2376 1712 2401 cum

932 2411 1098 2447 ecclesiae
1124 2412 1176 2447 vel
1204 2411 1363 2447 beneficii
1404 2412 1536 2447 reditus
1570 2413 1617 2448 ita
1654 2413 1712 2449 de-

933 2458 1090 2499 fecerint,
1120 2464 1156 2494 ut
1182 2464 1333 2504 nequeat
1358 2459 1512 2505 amplius
1527 2460 1579 2495 vel
1598 2460 1712 2496 cultus

931 2505 1095 2542 decenter
1122 2506 1157 2541 in
1197 2506 1343 2542 ecclesia
1365 2507 1547 2547 excerceri,
1576 2507 1627 2543 vel
1655 2508 1711 2544 be-

931 2552 1096 2588 neficium
1124 2553 1284 2588 conferri.

977 2604 996 2642 ς
1022 2600 1056 2634 2.
1086 2599 1120 2635 Si
1149 2600 1294 2636 ecclesia
1332 2600 1484 2647 collapsa
1523 2600 1625 2636 fuerit
1660 2602 1710 2637 vel

930 2648 1135 2683 necessariis
1162 2648 1316 2692 indigeat
1341 2647 1632 2694 reparationibuS,
1650 2654 1711 2684 aut

930 2694 957 2729 si
986 2695 1117 2730 reditus
1143 2695 1333 2730 defecerint
1371 2695 1413 2730 ad
1440 2705 1601 2730 normam
1628 2699 1648 2737 ἓ
1677 2696 1708 2736 1,

929 2753 992 2776 nn.
1022 2741 1056 2786 2,
1086 2741 1119 2782 3,
1149 2743 1202 2777 ius
1229 2746 1432 2787 patronatus
1458 2742 1598 2777 interim
1613 2742 1709 2788 quie-

927 2789 1004 2824 scit.

976 2840 995 2879 ἓ
1022 2834 1056 2870 3.
1086 2834 1121 2872 Si
1150 2841 1330 2882 patronus,
1370 2835 1461 2870 intra
1502 2840 1639 2882 tempus
1664 2836 1708 2872 ab

928 2880 1118 2919 Ordinario
1145 2883 1209 2918 suh
1236 2893 1346 2929 poena
1373 2883 1575 2918 cessationis
1595 2889 1709 2930 patro—

1586 2996 1624 3023 28
