1965 3240
99 104 172 137 554
291 104 377 137 Lm.
407 89 520 138 IJIJ-
547 103 658 138 PARS
684 103 750 137 VI.
779 123 792 130 ·
817 103 875 138 De
899 104 1010 138 bonis
1034 103 1228 138 Ecclesiae
1259 103 1539 147 temporalibus

103 223 149 266 lI.
174 222 236 266 An
270 222 378 266 idem
412 219 675 277 Ordinarius‚
699 235 826 280 quum
861 224 1117 265 sanationem
1152 223 1402 278 impertitur,
1426 226 1614 265 teneatur
1645 235 1731 266 ser·
1760 269 1764 273 ⁴

105 306 204 337 vare
237 295 512 350 praescriptas
544 305 711 336 normas
743 295 913 337 canonis
948 291 1125 350 15²⁹>ng
1157 292 1180 335 Ξ
1215 297 1255 336 et
1288 292 1325 335 3.
1347 318 1401 323 -—
1424 292 1558 336 Emmi
1593 292 1733 336 Patres

104 364 440 421 respondendum
492 368 766 407 censuerunt:
808 363 870 407 Ad
915 363 943 408 l.
981 362 1197 419 Negative.
1238 363 1301 406 Ad
1344 362 1391 407 ll.
1431 363 1646 407 Provisum
1693 365 1731 406 in
1784 379 1789 385 ·

106 437 301 491 primo».
334 434 530 478 Rationes
562 428 767 477 adductae
801 436 840 477 in
874 433 969 477 folio
1006 433 1137 477 videri
1171 438 1342 490 possunt
1363 436 1404 476 in
1427 433 1542 477 Actis
1564 433 1732 490 Aplcae.

104 494 223 550 Sedis
246 507 273 547 ¹.
309 506 448 553 Porro,
493 507 590 563 quia
633 504 870 549 ratihabitio
912 503 1106 561 Capituli,
1148 504 1214 547 vel
1258 503 1424 549 Consilii
1473 504 1735 548 administra-

104 578 240 631 tionis,
263 581 339 620 etc.
366 589 443 619 non
469 577 623 619 faciunt
648 574 829 619 validam
853 573 1064 620 Ordinarii
1100 574 1178 618 loci
1213 574 1419 618 licentiam
1446 577 1560 631 prius
1581 575 1735 628 datam,

105 650 294 706 sequitur
316 660 365 691 ex
391 647 454 690 his
477 646 828 690 declarationibus
859 647 984 689 fuisse
1020 658 1093 700 per
1125 644 1319 689 Codicem
1353 645 1594 702 derogatam
1628 645 1735 689 clau-

106 718 238 763 sulam
275 718 439 761 finalem
475 730 564 775 cap.
600 718 624 761 3
658 717 742 761 cit.i
775 716 852 761 Tit.
885 716 937 772 Χ,
971 715 1058 759 Lib.
1094 715 1156 758 111.

224 787 358 842 Quam
392 789 584 832 dedimus
614 791 996 845 interpretationem
1021 789 1060 829 in
1084 786 1248 832 duobus
1268 787 1354 846 §gp
1378 786 1736 843 praecedentibus,

113 861 359 904 confirmant
391 862 451 903 sic
484 861 773 916 responsiones
805 859 856 902 ad
897 858 1072 902 «Dubia
1115 858 1247 902 soluta
1281 858 1332 902 ab
1365 858 1511 902 Emmo
1547 857 1738 901 Praeside

109 930 419 976 Commissionis
437 930 465 970 ².
502 931 545 972 1⁰
579 929 724 974 Utrum
761 932 953 986 pretium,
977 929 1143 986 de-quo
1176 932 1216 972 in
1249 942 1340 973 can.
1364 929 1490 982 1532,
1515 932 1543 984 g
1566 928 1603 983 3,
1628 928 1737 972 idem

108 1005 159 1046 sit
192 1015 239 1046 ac
273 1002 390 1045 valor
438 1003 496 1045 rei
528 1001 758 1044 secundum
799 1003 1129 1044 aestimationem
1163 1013 1184 1044 a
1220 1000 1360 1057 probis
1403 1002 1545 1057 peritis
1585 1002 1739 1056 scripto

110 1074 257 1117 factam
301 1073 351 1117 ad
396 1085 583 1116 normam
626 1074 797 1116 canonis
840 1072 967 1125 1530,
1000 1074 1025 1126 g
1060 1073 1097 1122 1,
1131 1085 1243 1115 num.
1283 1072 1327 1127 13
1367 1084 1417 1115 an
1466 1085 1565 1115 vero
1609 1073 1740 1115 maius

56 1151 64 1157 ·
108 1146 287 1200 'pretium
339 1157 409 1199 per
458 1142 665 1200 publicam
716 1141 998 1197 licitationem,
1034 1146 1111 1186 etc.
1144 1142 1326 1186 oblatum
1362 1141 1411 1185 ad
1451 1154 1637 1185 normam
1673 1154 1771 1185 ca··

110 1217 229 1258 nonis
262 1214 388 1263 1531,
423 1217 447 1268 ἓ
481 1214 518 1259 2.
553 1240 610 1244 -
644 1214 687 1257 ‚⁶2⁰
721 1213 783 1256 An
829 1215 1065 1271 requiratur
1096 1212 1358 1270 Apostolicae
1394 1213 1511 1256 Sedis
1545 1212 1739 1269 benepla-

110 1288 237 1330 citum
271 1286 321 1330 ad
356 1286 646 1329 alienationem
673 1284 969 1341 peragendam,
992 1287 1039 1339 si,
1066 1284 1218 1328 indicta
1253 1284 1491 1338 licitatione,
1515 1297 1587 1341 pro
1611 1286 1741 1341 pretio

92 1353 133 1401 ‘a
167 1359 308 1414 peritis
341 1356 525 1411 legitime
567 1360 708 1399 taxato
751 1356 856 1399 infra
900 1355 1132 1399 libellarum
1168 1357 1334 1411 triginta
1371 1354 1512 1408 millia,
1545 1355 1742 1398 otteratur

112 1428 278 1472 tandem
316 1430 491 1484 pretium
526 1426 603 1470 bac
636 1439 797 1470 summa
830 1429 1034 1482 superius.
1059 1450 1115 1456 —
1147 1425 1290 1483 Resp:
1325 1426 1388 1470 Ad
1424 1426 1520 1469 1⁰¹³:
1554 1426 1743 1470 Affirma-

113 1500 198 1541 tive
221 1499 271 1541 ad
299 1498 371 1540 1²³¹!n
396 1503 579 1554 partem3
614 1499 809 1553 negative
842 1497 892 1540 ad
919 1497 1004 1539 ΨΜ.
1030 1496 1092 1540 Ad
1120 1496 1216 1541 Qum:
1251 1496 1467 1540 Provisum
1503 1499 1542 1539 in
1576 1509 1742 1553 respon-

113 1571 227 1613 sione
265 1569 312 1612 ad
350 1570 422 1612 1¹¹¹n
446 1586 484 1614 ».

232 1639 330 1697 Reg.
357 1641 410 1684 88
436 1642 536 1683 iuris
570 1642 608 1682 in
635 1641 678 1682 6⁰
703 1640 847 1683 edicit:
889 1638 1097 1683 «Certum
1133 1644 1206 1693 est,
1241 1639 1350 1696 quod
1387 1641 1419 1682 is
1452 1640 1671 1682 committit
1705 1641 1742 1681 in

118 1711 267 1768 legem,
300 1714 370 1768 qui
404 1711 506 1768 legis
541 1710 669 1754 verba
707 1710 1002 1767 complectens,
1037 1715 1179 1754 eontra
1225 1710 1326 1767 legis
1367 1712 1512 1753 nititur
1557 1709 1743 1753 volunta-

115 1787 195 1825 tem
224 1798 263 1827 )).
297 1783 359 1826 Ad
397 1782 586 1826 vitandas
634 1795 733 1838 ergo
782 1782 1070 1838 praecedentis
1107 1783 1277 1825 canonis
1325 1781 1491 1824 fraudes
1539 1780 1645 1824 latus
1686 1785 1747 1824 est

117 1854 145 1912 g
177 1857 220 1908 4,
253 1866 300 1897 30
335 1857 567 1897 necessario
601 1859 769 1911 propter
801 1867 892 1898 can.
926 1854 995 1903 15,
1030 1866 1080 1896 ne
1113 1852 1267 1895 suffulti
1293 1857 1398 1895 cane.
1438 1853 1486 1895 19
1520 1851 1746 1895 alienantes

120 1925 224 1969 bona
259 1924 537 1969 ecclesiastica
571 1925 705 1982 legem
740 1925 1057 1982 praecedentem
1097 1924 1326 1968 eluderent.
1361 1923 1491 1980 lgitur
1522 1923 1560 1965 si
1592 1927 1748 1979 ayatur

118 1995 168 2039 de
200 1995 429 2038 alienanda
461 2009 508 2038 re
539 2009 663 2053 supra
698 1996 905 2040 declarata
940 2008 1001 2051 ac,
1036 1995 1133 2039 dum
1169 1999 1231 2038 est
1272 1994 1568 2048 ecclesiastica,
1601 1992 1748 2036 divisi·-

117 2066 192 2109 bili
225 2067 358 2123 quoad
402 2067 638 2111 huiusmodi
684 2071 957 2121 contractum,
991 2068 1023 2109 si
1059 2065 1110 2109 ob
1144 2067 1412 2109 intentionem
1447 2064 1499 2108 ab
1533 2066 1647 2107 initio
1684 2063 1746 2107 vel

117 2136 169 2181 ob
191 2139 389 2193 temporis
423 2136 580 2194 lapsum
614 2150 694 2180 non
730 2149 923 2193 magnum
951 2137 1142 2193 prudenti
1168 2136 1334 2190 iudicio,
1364 2134 1578 2178 «alienari
1603 2149 1623 2175 ))
1651 2147 1750 2178 con-

117 2210 261 2262 tingat,
295 2207 336 2249 in
369 2206 549 2265 pelenda
584 2207 756 2250 licentia
790 2212 864 2250 aut
897 2221 1097 2250 consensu
1121 2219 1244 2263 supra
1269 2207 1390 2249 dictis
1414 2208 1451 2248 in
1475 2218 1633 2249 canone
1656 2204 1748 2260 hoc,

117 2278 188 2322 sed
222 2282 303 2321 tam
340 2280 378 2320 in
413 2291 491 2321 una
525 2291 649 2335 quam
677 2281 723 2321 vin
758 2278 887 2321 altero
911 2277 1224 2334 expostulando,
1249 2277 1348 2335 (non
1373 2275 1508 2333 quoad
1533 2277 1591 2318 rei
1615 2274 1748 2318 totali-

120 2354 259 2403 tatem,
285 2348 376 2391 talis
398 2351 506 2391 enim
541 2349 751 2392 sufficeret
774 2362 846 2405 pro
869 2350 1119 2392 successivis
1154 2351 1330 2404 partium
1365 2347 1625 2390 alienationis
1657 2358 1750 2389 con-

120 2418 353 2476 tractibus),
381 2420 451 2462 sed
482 2433 562 2477 pro
596 2419 856 2463 alienatione
890 2422 1066 2475 partium
1091 2418 1272 2462 secunda
1296 2423 1337 2461 et
1359 2417 1542 2460 ulteriori
1568 2415 1750 2474 eoeprimi

118 2489 264 2533 debent
287 2502 306 2532 a
334 2494 496 2545 petente
520 2489 571 2533 ob
595 2492 763 2534 canonis
796 2495 1080 2547 praeceptum,
1105 2489 1278 2546 proinde
1305 2504 1327 2529 ((
1349 2487 1400 2531 de
1423 2486 1530 2543 stylo
1552 2485 1701 2530 Curiae
1723 2501 1744 2527 ))

121 2561 229 2618 (can.
262 2560 331 2615 42,
380 2563 404 2615 ἓ
454 2560 510 2618 1),
542 2566 688 2618 partes
726 2560 834 2604 illius
873 2576 893 2601 ((
917 2563 972 2603 rei
1008 2559 1272 2604 divisibilis»
1311 2563 1436 2601 antea
1475 2559 1645 2614 praevie
1687 2556 1750 2600 his

123 2629 316 2687 precibus
349 2630 564 2673 alienatae
596 2633 789 2688 quamvis
831 2643 924 2674 cum
970 2629 1108 2673 debita
1148 2629 1333 2682 licentia3
1366 2630 1398 2671 si
1432 2641 1549 2670 secus
1582 2627 1666 2681 1131,
1699 2625 1751 2669 [1-

125 2701 276 2757 centia,
295 2704 368 2745 etsi
403 2701 569 2745 obtenta
602 2715 695 2745 cum
730 2700 870 2745 debito
904 2701 1076 2745 consilio
1111 2714 1182 2757 per
1212 2702 1235 2756 ἓ
1268 2700 1291 2743 ⁶2
1312 2699 1390 2755 ¹vel
1425 2711 1626 2742 consensu
1650 2696 1752 2740 mul-

240 2808 251 2829 1
280 2808 322 2842 17
348 2807 444 2841 Maii
473 2808 577 2842 1919.
606 2806 682 2841 CO.
712 2806 784 2850 XI,
812 2795 895 2840 387.
926 2826 969 2832 —
998 2806 1012 2828 2
1038 2806 1156 2840 Pont.
1193 2804 1426 2839 Commissio
1459 2803 1507 2838 ad
1537 2802 1628 2839 Cod.
1653 2786 1759 2837 can}

123 2853 235 2888 auth.
257 2854 588 2899 interpretandos.
617 2855 660 2887 24
680 2854 780 2888 Nov.
808 2854 912 2888 1920.
942 2853 1018 2888 CO.
1047 2853 1136 2894 XII,
1165 2853 1245 2887 577.
1429 2863 1431 2866 ’
