1965 3240
474 161 556 195 Trr.
584 161 710 195 XXV.
740 182 751 187 -
778 161 835 196 De
860 162 1052 207 beneficiis
1078 165 1343 199 ecclesiasticis
1652 168 1723 201 459

96 279 265 336 praelati
301 279 529 334 faciendae,
563 279 634 323 sed
670 281 749 322 iam
785 280 915 323 sactae
949 279 1159 324 honestius
1194 285 1352 337 patroni
1399 284 1627 339 postulatur
1660 297 1720 328 as·

93 363 264 394 sensus:
298 352 374 393 nisi
409 349 528 393 aliter
562 350 612 394 de
645 362 717 393 sua
754 350 1039 394 iurisdictione
1073 351 1269 405 obtineat,
1306 358 1344 396 ut
1382 359 1517 410 partes
1550 367 1645 398 suas
1670 358 1723 398 in-

93 425 312 476 terponere
337 419 484 463 debeat
519 420 708 464 electioni
753 420 994 464 tractandae
1018 437 1057 461 n.

212 489 270 533 Ex
308 490 428 533 dictis
462 493 621 535 eruitur
669 493 932 534 amissionem
968 493 1070 535 iuris
1104 497 1344 548 patronatus
1391 508 1506 550 posse
1541 498 1723 542 exonii-e.

95 565 383 618 praeterquam
416 574 465 603 ex
492 561 896 617 dispositione,tum
932 561 1063 605 Rom.i
1102 562 1245 605 l'ont.is
1267 563 1344 607 sul)
1374 578 1410 608 u.
1438 565 1495 610 2⁰.
1522 570 1604 608 tum
1631 579 1724 622 sup-

94 633 222 687 posita
256 628 467 675 Ordinarii
504 631 579 675 loci
616 634 654 674 in
689 645 786 675 casu
820 645 908 675 can.
947 639 1112 688 praee.⁵,
1150 634 1191 690 1)
1215 636 1304 677 sive
1338 648 1386 677 ex
1425 640 1568 679 natura
1596 638 1723 692 ipsius

93 705 149 746 rei
171 704 265 746 utin
286 708 415 745 num.⁸
434 701 477 745 3⁰
496 707 533 745 et
559 702 617 754 40,
636 705 725 746 sive
746 703 785 758 2)
809 716 857 746 ex
884 704 990 746 facto
1015 706 1173 760 patroni
1199 704 1385 757 honeste,
1405 711 1445 749 ut
1467 708 1503 748 iu
1531 713 1659 749 uum.⁸
1680 707 1722 749 10

91 778 129 817 et
165 773 221 827 50,
260 773 322 816 vet
359 772 402 830 3)
437 787 484 816 ex
522 775 627 817 t'acto
663 776 752 817 eius
794 776 1030 829 criminoso,
1074 775 1183 832 quod
1231 775 1445 832 multiplex
1490 778 1717 820 secundum

92 847 154 888 ius
187 844 440 901 praecedens
475 849 712 888 recensetur
745 844 822 888 sub
855 858 893 888 n.
927 848 988 887 6⁰.
1025 845 1071 889 Si
1091 851 1298 903 patronus
1322 847 1628 892 ecclesiasticus
1651 854 1718 892 aut

92 915 220 959 laicus
253 915 319 957 ius
349 920 606 972 patronatus·
645 915 799 959 «reale
833 916 896 959 vet
933 916 1192 972 personale»
1242 918 1349 973 (can.
1397 918 1525 973 1449,
1570 919 1632 975 10)
1664 920 1717 961 si-

91 985 280 1029 mom'aee
312 985 355 1028 in
390 985 520 1028 alium
556 999 821 1043 ‹ptoeutnque
856 986 977 1029 modo
1014 986 1251 1044 Imm-§serre
1284 988 1571 1038 attentaverit,
1605 992 1717 1046 equi-

90 1057 184 1100 dem
225 1072 245 1097 «
269 1061 506 1100 contractus
531 1058 616 1113 ipse
650 1059 761 1099 omni
797 1059 835 1098 vi
869 1062 982 1100 earet
1006 1073 1025 1098 »
1053 1060 1159 1105 (ean.
1187 1057 1290 1115 729)
1315 1061 1438 1102 etiam
1464 1073 1513 1102 ex
1542 1062 1628 1103 iure
1656 1074 1720 1103 ve-

91 1129 165 1171 teri
187 1127 214 1182 ²,
236 1140 329 1170 uam
356 1143 377 1167 α
400 1140 493 1170 cum
515 1129 813 1171 inconveniens
830 1130 881 1171 sit
901 1128 1024 1171 vendi
1050 1131 1111 1171 ius
1130 1134 1381 1185 patronatus,
1401 1130 1508 1187 quod
1530 1135 1588 1173 est
1608 1134 1723 1187 spiri-

90 1198 187 1242 tuali
223 1198 430 1242 adnexum
454 1217 462 1244 ;
498 1203 755 1242 contractum
793 1199 906 1242 illum
944 1201 1103 1263 irritum
1130 1214 1218 1243 esse
1243 1201 1443 1244 decernas
1468 1217 1506 1255 ³),
1526 1201 1645 1245 Alex.
1672 1202 1718 1244 lll

90 1268 237 1313 aiebat.
274 1268 323 1311 Et
356 1271 393 1311 in
429 1268 552 1312 Cone.
598 1268 707 1312 Trid.
754 1268 904 1325 legitur
928 1270 970 1314 ²:
1011 1269 1133 1313 «Nee
1177 1271 1332 1314 dietum
1370 1274 1431 1315 ius
1466 1277 1720 1328 patronatus,

93 1340 356 1393 venditionis,
391 1344 461 1382 aut
495 1339 574 1382 alio
607 1353 873 1398 quocumque
913 1340 1046 1395 titulo,
1089 1343 1126 1383 in
1172 1342 1273 1385 alios
1316 1348 1456 1386 eontra
1502 1346 1720 1387 canonicas

89 1413 322 1454 sanctiones
354 1412 579 1454 transferre
614 1416 879 1467 praesumant
912 1414 1100 1468 patroni:
1135 1415 1166 1455 si
1201 1426 1321 1456 secus
1355 1415 1537 1470 fecerint,
1557 1428 1720 1457 excom·

90 1483 382 1524 municationis
415 1487 452 1524 et
489 1482 694 1525 interdicti
732 1484 873 1538 poenis
906 1482 1194 1538 subiiciantur,
1230 1483 1443 1540 (ferendae
1475 1488 1717 1541 sententiae,

89 1553 158 1596 sed
194 1565 303 1595 nune
342 1568 362 1592 ((
388 1555 601 1596 incurrunt
638 1555 674 1595 in
710 1566 799 1596 exc.
836 1553 858 1595 l.
893 1567 923 1596 s.
948 1554 1042 1597 Sedi
1067 1554 1222 1609 Apleae
1255 1555 1498 1612 simpliciter
1532 1570 1717 1600 reserva-

88 1628 184 1668 tam.
221 1628 260 1666 et
293 1626 325 1666 si
360 1623 499 1667 clerici
533 1626 626 1673 sint,
662 1629 875 1680 praeterea
910 1625 1254 1681 suspendantur»
1293 1639 1382 1669 can.
1410 1627 1536 1681 2392,
1566 1629 1607 1668 1Ο
1633 1627 1714 1683 :30);

88 1698 126 1736 et
160 1693 270 1736 dicto
306 1695 394 1736 iure
428 1698 684 1749 patronatus,
709 1696 794 1750 ipso
820 1697 920 1744 iure,
947 1697 1095 1751 privati
1121 1698 1298 1739 existant
1323 1713 1360 1737 ».

206 1764 305 1808 ltem
340 1764 378 1807 si
424 1769 712 1820 «patronus»
760 1764 905 1822 lapsus
948 1766 1082 1822 suerit
1116 1767 1157 1808 in
1192 1768 1469 1824 apostasiam,
1510 1768 1715 1812 haeresim

87 1840 161 1878 um
191 1834 388 1889 schisma,
423 1839 542 1891 prout
577 1835 653 1879 liae
688 1838 853 1892 proprie
888 1836 1145 1880 deliniuntur
1179 1840 1217 1880 in
1253 1851 1343 1882 can.
1379 1839 1507 1893 1323,
1539 1840 1567 1897 ἓ
1602 1840 1648 1889 23
1682 1841 1719 1882 si

86 1905 191 1949 bona
225 1920 274 1948 ae
308 1906 419 1959 iura,
453 1919 559 1963 quae
598 1906 722 1950 verba
756 1907 1008 1950 disiunctive
1042 1909 1284 1964 accipienda
1308 1915 1416 1964 sunt,
1441 1910 1721 1953 ecclesiaeve(

86 1976 286 2032 beneficii,
320 1976 560 2020 alterutrius
592 1979 653 2020 sui
690 1980 1036 2034 iurispatronatus
1070 1979 1225 2021 iniuste
1259 1981 1528 2038 usurpaverit
1553 1987 1628 2024 au!
1650 1981 1716 2024 (le-

88 2048 251 2093 lineat:
291 2047 400 2105 quod
446 2047 661 2104 multiplex
707 2048 903 2092 delictum
949 2051 1008 2092 sie
1041 2050 1288 2106 explanatur
1323 2053 1359 2093 in
1394 2050 1515 2095 Cone.
1552 2052 1662 2096 Trid.
1688 2052 1714 2098 ³.

88 2119 196 2162 uude
232 2121 492 2175 promanavit
527 2121 565 2161 iu
600 2118 823 2162 Codicem:
864 2136 886 2159 (t
918 2120 956 2162 Si
978 2134 1099 2177 quem
1125 2121 1387 2166 clericorum.
1412 2122 1475 2165 vel
1502 2123 1716 2169 laieorum.

86 2200 350 2246 quacumque
386 2191 417 2231 is
449 2188 694 2244 dignitate...
730 2189 999 2246 praefulgeat,
1037 2193 1255 2234 intantum
1295 2192 1495 2235 malorum
1531 2196 1713 2236 omnium

90 2260 204 2302 radix
239 2260 444 2316 cupiditas
477 2262 760 2316 occupaverit.
796 2265 838 2302 ut
871 2260 1046 2304 alieuius
1080 2261 1294 2317 ecclesiae,
1329 2276 1400 2305 seu
1425 2266 1610 2306 cuiusvis
1633 2277 1717 2307 sae-

87 2329 254 2382 cularis,
288 2330 349 2373 vel
388 2330 590 2386 regularis
625 2330 858 2374 beneficii...
895 2332 1214 2375 iurisdictiones.
1238 2332 1355 2387 bona,
1375 2347 1524 2377 census
1541 2347 1588 2377 ac
1614 2337 1716 2378 iura.

87 2402 210 2443 etiam
245 2400 419 2444 feudalia
456 2406 493 2444 et
518 2401 844 2457 emphyteutica,
880 2403 1052 2454 fructus,
1077 2403 1370 2453 emolumenta,
1405 2418 1476 2447 seu
1501 2417 1717 2462 quascum-

86 2484 167 2527 que
209 2470 495 2525 obventiones,
539 2485 646 2529 quae
692 2474 729 2514 in
777 2474 1059 2516 ministrorum
1096 2478 1134 2517 et
1180 2486 1407 2530 pauperum
1454 2478 1718 2518 necessitates

86 2544 273 2585 converti
308 2542 489 2599 debent;
527 2557 598 2599 per
629 2557 685 2595 se.
724 2543 786 2586 tel
822 2543 923 2586 alios
959 2547 1013 2597 vi,
1041 2545 1103 2588 vel
1133 2548 1282 2588 timore
1302 2548 1479 2599 incusso,
1498 2560 1569 2589 seu
1595 2549 1715 2590 etiam

88 2626 161 2669 per
193 2615 425 2669 suppositas
458 2627 653 2669 personas
693 2613 955 2668 elericorum,
996 2621 1064 2658 aut
1100 2615 1314 2663 laicorum.
1349 2630 1420 2659 seu
1455 2630 1718 2674 quacumque

86 2688 189 2737 arte,
222 2687 290 2726 aut
325 2696 589 2741 quocumque
623 2687 809 2741 quaesito
843 2685 996 2740 colore,
1032 2688 1069 2729 in
1106 2689 1293 2742 proprios
1328 2700 1425 2730 usus
1458 2692 1717 2741 convertere,

88 2753 262 2810 illosque
297 2767 498 2810 usurpare
533 2758 872 2811 praesumpserit,
905 2769 976 2800 seu
1002 2756 1130 2814 (quod
1156 2757 1286 2800 solum
1316 2758 1480 2801 ridetur
1504 2771 1581 2800 non
1607 2771 1715 2801 com-

205 2860 216 2882 1
245 2859 335 2904 cap.
364 2859 419 2902 16,
450 2841 516 2893 υἱὲ.
545 2859 603 2903 as,
634 2860 718 2894 Lib.
748 2861 819 2895 ΠΙ.
849 2861 899 2895 X.
931 2882 973 2886 -
1000 2862 1013 2883 2
1040 2862 1130 2907 Cap.
1159 2864 1192 2898 e.
1222 2874 1313 2896 sess.
1345 2863 1458 2896 XXV
1484 2863 1529 2897 aa
1557 2863 1640 2897 Rei.
1673 2884 1712 2887 -

86 2908 100 2928 ³
127 2906 214 2951 Cap.
245 2908 301 2948 11,
331 2917 424 2942 sesS.
451 2907 566 2940 XXII
595 2907 641 2941 de
670 2907 752 2942 Res.
