1965 3240
187 133 256 167 498
376 132 462 166 LIB.
491 132 564 165 HI.
597 152 606 157 -
633 132 743 167 PARS
769 132 835 167 VI.
865 153 877 159 -
903 134 960 169 De
984 135 1094 169 bonis
1120 136 1312 170 Ecclesiae
1343 137 1622 180 temporalibus
1805 135 1835 157 ⁶
1870 138 1873 141 ’

188 263 328 305 1101105,
362 263 452 292 cum
485 249 625 292 debita
655 251 933 308 proportione
964 252 1144 296 scilicet:
1189 257 1344 296 attenta
1390 254 1632 298 diversitate
1675 269 1814 312 perso-

187 333 333 363 narum
370 320 589 364 moralium
626 334 681 365 ex
714 322 920 365 divisione
953 325 1285 378 constitutarum,
1319 337 1371 366 eoe
1402 322 1505 368 bono
1537 330 1576 368 et
1609 339 1740 384 aequo
1773 327 1814 370 id

186 396 267 434 est:
303 391 677 435 extraiudicialiter
709 392 937 436 secundnm
973 393 1081 450 quod
1121 395 1252 437 virtus
1276 399 1316 437 et
1339 396 1490 438 iustitia
1527 398 1684 440 ratione
1720 402 1817 441 tem·
1873 402 1877 405 “

185 466 327 518 perata
359 462 536 506 suadent
580 464 669 506 viro
711 463 921 520 prudenti,
955 463 1090 507 dividi
1121 463 1268 507 debent
1303 467 1409 509 inter
1441 479 1659 522 personam
1697 470 1815 511 cuius

185 537 273 576 erat
306 535 560 576 territorium
596 538 636 577 et
668 533 806 590 aliam,
835 537 902 578 cui
936 547 1033 591 pars.
1064 534 1361 579 dismembrata
1395 538 1592 593 iungitur,
1620 538 1681 581 vel
1706 550 1814 596 quae
1849 553 1852 556 ·

185 603 237 647 de
261 616 371 646 novo
405 606 591 661 erigitur,
617 607 733 648 iuxta
757 618 842 662 reg.
863 607 964 649 iuris
988 605 1051 648 LV
1077 608 1116 648 in
1142 607 1209 649 6⁰:
1239 622 1261 647 α
1283 609 1352 663 qui
1377 609 1500 650 sentit
1522 621 1638 664 onus,
1661 610 1815 654 sentire

186 673 309 718 debet
334 675 617 730 commodum,
642 680 682 719 et
714 689 735 719 e
767 681 908 720 contra
933 692 978 730 »ς
1003 676 1133 719 saleis
1158 675 1198 734 a)
1217 677 1385 734 piorum
1417 676 1696 736 fundatorum
1733 695 1755 720 α
1775 683 1812 722 111

187 743 338 788 tabulis
370 745 663 789 fundationis»
702 745 810 799 (can.
849 747 973 801 1490,
1008 749 1033 801 ἓ
1070 746 1110 804 1)
1142 761 1215 790 seu
1247 746 1495 800 oblatorum,
1517 751 1587 806 qui
1614 762 1814 805 personae
1867 770 1872 774 -

188 816 334 858 morali
370 818 449 859 iam
491 819 738 860 constitutae
781 816 849 860 illa
883 817 989 860 bona
1032 818 1250 873 dederunt,
1292 817 1588 874 solimitatibus,
1622 832 1724 877 quas
1756 819 1813 863 illi

188 892 494 943 expresserunt,
531 888 700 931 forsitan
735 890 774 930 in
810 900 984 944 persona
1027 888 1221 931 divisioni
1265 888 1451 932 subiecta
1486 889 1631 933 ‘locum
1660 889 1814 934 haben-

188 962 260 1012 tes,
299 957 360 1001 vel
397 963 483 1015 post
518 958 766 1002 divisionem
801 960 850 1002 ad
885 972 1074 1002 normam
1108 962 1278 1003 canonis
1310 961 1458 1003 factam
1493 961 1721 1004 servandas
1763 960 1815 1005 ab

190 1034 363 1086 utraque
399 1041 571 1085 persona
604 1042 711 1087 quae
744 1043 793 1073 ex
828 1030 1034 1073 divisione
1069 1032 1300 1086 proveniat,
1351 1030 1392 1088 b)
1433 1031 1596 1075 iuribus
1628 1031 1815 1090 leyilime

187 1100 391 1157 quaesitis
424 1101 558 1158 quoad
595 1100 661 1144 illa
696 1100 814 1156 bona,
850 1106 890 1144 et
921 1114 1028 1159 quae
1064 1097 1235 1158 proinde
1270 1104 1357 1145 iura
1392 1116 1441 1145 ex
1474 1105 1644 1146 canonis
1681 1103 1814 1159 appli-

187 1173 348 1214 catione
381 1171 659 1220 laederentur,
694 1171 734 1229 c)
768 1186 818 1215 ac
854 1171 1012 1229 [essibus
1051 1172 1339 1230 peculiaribus
1377 1175 1467 1217 sive
1500 1187 1520 1216 a
1565 1173 1670 1217 Sede
1708 1174 1814 1230 Apo-

186 1242 329 1285 stolica
373 1255 446 1298 pro
480 1242 548 1285 tali
584 1245 753 1298 regione
786 1248 856 1286 aut
890 1245 1098 1286 territorio
1133 1243 1236 1296 latis,
1279 1246 1368 1287 sive
1411 1256 1431 1287 a
1471 1244 1692 1300 Superiore
1726 1249 1811 1288 tum

186 1312 385 1369 singulari
430 1318 514 1356 tuni
553 1313 758 1370 collegiali
803 1315 907 1358 inira
951 1314 1184 1358 Romanum
1231 1315 1484 1362 Pontificem,
1526 1315 1674 1372 quibus
1711 1316 1811 1360 «le-
1873 1329 1882 1336 ·
1924 1334 1927 1385 Ἰ

187 1383 351 1440 gibus»
385 1398 570 1442 persona
602 1384 778 1428 moralis
811 1388 930 1429 cuius
962 1388 1217 1429 territorium
1253 1386 1468 1442 dividitur,
1502 1392 1680 1443 reqatur
1711 1388 1812 1443 sola,

191 1455 252 1498 vel
289 1468 383 1498 cum
418 1455 521 1499 aliis.

306 1526 403 1570 413.
438 1528 648 1573 Dominii
681 1531 921 1574 bonorum
955 1531 1218 1582 successio,
1242 1532 1456 1575 extincto
1486 1532 1723 1583 subiecto,
1746 1530 1812 1573 de-

185 1599 370 1640 cernitur
403 1611 492 1642 can.
528 1600 653 1641 1501.
689 1598 851 1642 Revera
902 1612 1074 1655 persona
1124 1599 1291 1642 moralis
1337 1612 1627 1657 quaecumque
1662 1602 1700 1643 in
1734 1599 1811 1643 Ec-

184 1667 306 1711 clesia
342 1669 515 1712 inferior
546 1674 606 1711 est
640 1668 873 1713 membrum
908 1670 1078 1713 alterius
1121 1683 1321 1726 personae
1366 1670 1532 1714 moralis
1569 1673 1810 1727 superioris,

187 1738 251 1781 vel
285 1738 432 1782 saltem
467 1742 595 1795 ipsius
628 1739 838 1783 Ecclesiae
873 1741 1131 1785 universalis.
1168 1740 1292 1783 Porro
1333 1740 1564 1784 dominium
1609 1741 1811 1785 bonorum

185 1809 476 1865 temporalium
511 1810 560 1853 ad
596 1810 815 1853 utilitatem
849 1811 1065 1854 ordinatur
1099 1812 1338 1855 immediate
1373 1814 1500 1869 ipsius
1532 1811 1707 1856 subiecti
1741 1812 1811 1855 do-

189 1882 316 1935 minii,
340 1880 411 1924 sed
436 1885 738 1938 consequenter
772 1881 987 1924 utilitatem
1016 1885 1142 1938 partis
1165 1882 1399 1926 redundare
1422 1896 1525 1939 opus
1547 1887 1607 1926 est
1631 1885 1669 1926 in
1689 1885 1813 1926 totius

189 1949 355 2005 bonum,
390 1955 428 1994 et
461 1950 557 1995 hinc
589 1951 819 1995 dominium
854 1951 954 1995 illud
979 1954 1017 1994 in
1042 1965 1259 2009 personam
1284 1952 1473 1996 altiorem
1494 1953 1703 1996 radicatur
1729 1966 1811 1995 me-

187 2021 296 2064 diate
332 2035 403 2078 pro
438 2021 547 2065 illius
579 2022 751 2065 dominii
784 2027 944 2066 natura.
990 2023 1120 2079 Igitur
1166 2023 1286 2067 valde
1329 2023 1574 2067 rationabile
1606 2029 1667 2067 est
1700 2036 1814 2080 prae-

185 2094 410 2147 scriptum:
445 2091 662 2144 Eoeti'ncta,
695 2107 743 2137 eo
776 2093 884 2150 quod
925 2110 947 2134 «
970 2106 990 2136 a
1026 2093 1209 2149 legitima
1244 2097 1490 2137 auctoritate
1511 2097 1811 2150 supprimatur,

191 2162 254 2205 vel
287 2165 319 2205 si
355 2176 428 2219 per
460 2169 626 2207 centum
660 2177 862 2207 annorum
888 2167 1064 2220 spatium
1091 2177 1181 2208 esse
1204 2165 1413 2208 desierit»
1451 2165 1560 2221 (can.
1586 2165 1682 2220 10⁶2,
1706 2165 1734 2223 ἓ
1757 2165 1810 2223 1),

184 2246 366 2290 persona
400 2234 554 2277 morali
586 2234 790 2291 collegiali
828 2235 890 2278 vel
926 2248 1005 2278 11011
1039 2235 1243 2292 collegiali
1278 2237 1316 2278 in
1350 2235 1549 2290 Ecclesia,
1585 2236 1622 2279 id
1658 2241 1718 2278 est
1750 2250 1811 2278 ec·
1866 2239 1868 2242 ’

173 2302 438 2358 ·01031ἰ1.ςίτ”οα,
473 2305 563 2347 eius
596 2305 768 2348 dominii
801 2304 908 2348 bona
941 2306 1046 2361 fiunt
1080 2308 1167 2362 ipso
1201 2306 1306 2349 facto
1339 2318 1387 2349 ac
1424 2307 1462 2348 vi
1496 2305 1619 2349 huius
1642 2308 1813 2349 canonis

188 2376 352 2429 propria
383 2388 591 2431 personae
622 2374 799 2418 litoralis
832 2375 1060 2432 collegialis
1097 2376 1158 2419 vel
1195 2389 1273 2418 non
1308 2375 1535 2432 collegialis
1572 2375 1815 2419 immediate

185 2457 255 2487 seu
291 2446 329 2486 in
364 2445 498 2500 'primo
531 2446 663 2501 gradu
696 2446 930 2503 superioris
963 2446 1047 2500 illa,
1079 2459 1174 2490 cum
1199 2446 1445 2490 limitatione
1468 2446 1618 2502 triplici
1643 2448 1813 2490 canonis

186 2515 472 2570 praecedentis
506 2518 586 2559 iam
621 2516 853 2560 declarata:
887 2516 1018 2559 salvis
1050 2530 1224 2574 semper,
1265 2521 1404 2573 utpote
1428 2519 1581 2560 iustitia
1605 2519 1812 2572 exigente,

185 2585 226 2642 a)
259 2584 536 2642 fundatorum
568 2601 641 2630 seu
673 2586 908 2630 oblatorum
940 2586 1226 2630 voluntatibus
1269 2589 1379 2631 circa
1413 2587 1653 2630 eorumdem
1690 2586 1814 2630 bono-

187 2669 275 2698 rum
311 2657 434 2700 tinem
474 2657 535 2700 vel
570 2658 818 2701 delationem
862 2658 981 2701 alteri
1025 2661 1063 2701 in
1107 2671 1203 2701 casu
1248 2660 1526 2713 extinctionis,
1571 2657 1614 2715 b)
1648 2656 1812 2700 iuribus

186 2725 371 2783 leyitime
394 2728 598 2784 quaesitis
621 2741 700 2771 non
725 2728 928 2782 tollendis,
953 2734 1080 2786 atque
1102 2731 1261 2772 ratione
1283 2741 1374 2772 can.
1399 2729 1422 2771 6
1447 2741 1562 2771 1111111.
1597 2727 1641 2770 10
1675 2729 1811 2783 expri-

188 2798 402 2842 mendum:
437 2798 473 2855 e)
502 2815 524 2839 ((
546 2799 674 2842 salvis
696 2815 717 2839 ))
756 2798 914 2856 leqibus
933 2798 1222 2856 peculiaribus
1249 2798 1397 2856 quibus
1419 2798 1606 2841 eoeu'neta
1626 2811 1810 2855 persona
