1965 3240
153 131 222 166 590
598 136 725 162 INDEX
750 135 943 162 CANONUM
969 135 1020 160 nr
1046 122 1335 161 COMMENTARn‘

818 314 1004 351 TlTULUS
1031 313 1105 350 XV.

403 413 460 446 De
487 410 678 446 custodia
703 412 742 445 et
767 410 879 444 cuitu
908 409 1201 444 sanctissimae
1231 407 1522 461 Eucharistiae.

1579 487 1659 510 CAN.
1697 488 1778 510 PAG-

155 544 331 578 Canones
351 541 552 576 1265-1275
960 568 966 573 .
1712 539 1778 574 157

153 602 339 637 Schema:
366 601 526 635 Titulus
551 599 639 634 XV.
669 599 727 633 De
753 598 934 633 custodia
952 602 992 633 et
1009 598 1122 632 cultu
1147 596 1419 631 sanctissimae
1445 596 1520 631 Eu-

248 660 456 695 charistiae
515 686 522 692 .
1712 656 1779 690 159

154 719 365 764 Inscriptio
390 718 516 753 Tituli
542 721 582 752 et
607 716 855 751 coordinatio
870 727 1075 750 canonum.

154 779 256 813 Loca
282 789 391 812 sacra
416 777 457 811 in
483 776 626 822 quibus
657 779 789 820 potest
822 775 895 810 sub
931 774 1046 809 certis
1076 773 1373 808 conditionibus
1399 785 1518 808 asser-

249 837 332 872 vari
358 848 408 870 ss.
414 848 476 870 ma
493 835 747 869 Eucharistia
845 862 853 869 .
957 861 963 867 .
1066 860 1073 867 .
1176 859 1183 867 .
1287 860 1294 867 .
1398 861 1405 867 .
1469 843 1473 846 ”
1509 860 1515 868 .
1570 833 1662 867 1265
1712 834 1780 868 160

154 896 272 931 Liber
296 895 427 930 aditus
453 906 569 929 causa
594 893 785 929 visitandi
811 905 974 928 ss.mum
1001 892 1299 927 Sacramentum
1400 919 1406 925 .
1509 919 1516 926 .
1571 892 1662 927 1266
1713 892 1781 927 162

156 955 414 990 Sanctissima
438 953 691 987 Eucharistia
717 953 759 987 in
784 953 869 987 loco
896 963 1003 986 sacro
1029 951 1266 986 asservanda
1291 980 1297 986 .
1401 978 1407 985 .
1511 978 1518 985 .
1572 952 1663 986 1267
1714 951 1783 986 163

155 1015 213 1049 De
237 1025 316 1048 uno
340 1013 457 1047 altari
482 1013 523 1046 in
550 1023 625 1057 quo
652 1011 710 1045 Ss.
716 1023 778 1046 ma
803 1011 1055 1046 Eucharistia
1074 1014 1301 1045 asservetur
1401 1037 1408 1044 .
1486 1044 1489 1045 γ
1511 1037 1517 1043 .
1572 1010 1664 1045 1268
1713 1010 1781 1045 164

155 1074 212 1108 De
237 1073 489 1107 tabernaculo
517 1099 524 1105 .
627 1098 633 1104 .
737 1098 743 1105 .
847 1098 854 1104 .
1069 1097 1075 1103 .
1179 1096 1185 1103 .
1290 1097 1304 1112 ,Α
1400 1096 1406 1103 .
1510 1097 1517 1103 .
1571 1069 1662 1104 1269
1713 1069 1781 1104 166

155 1132 212 1166 De
237 1131 380 1177 pyxide
405 1131 455 1166 ad
480 1130 694 1175 particulas
727 1098 1016 1164 conservandas
1069 1155 1077 1162 .
1181 1157 1186 1163 .
1291 1156 1297 1162 .
1401 1155 1408 1162 .
1511 1156 1518 1162 .
1572 1129 1664 1163 1270
1714 1127 1798 1169 167,

154 1191 212 1231 De
237 1190 411 1235 lampade
437 1190 657 1224 collucente
684 1200 811 1224 coram
838 1188 1093 1223 tabernaculo
1179 1215 1186 1221 .
1289 1214 1296 1221 .
1398 1216 1406 1222 .
1509 1215 1515 1221 .
1571 1188 1661 1222 1271
1737 1201 1751 1217 »

155 1251 320 1285 Hostiae
346 1249 627 1284 consecrandae
652 1261 696 1283 ac
721 1248 968 1289 renovandae
1070 1275 1076 1281 .
1123 1284 1125 1286 ,
1180 1275 1187 1281 .
1290 1274 1297 1281 .
1401 1275 1407 1282 .
1511 1275 1518 1281 .
1571 1247 1663 1282 1272
1714 1246 1781 1281 168

155 1309 412 1344 Hortationes
438 1308 486 1342 ad
511 1308 777 1349 assistendum
807 1308 951 1342 Missae
979 1306 1170 1341 sacrificio
1204 1318 1248 1342 ac
1273 1311 1321 1341 ut
1355 1307 1524 1342 visitent

249 1368 542 1409 sanctissimum
568 1367 865 1407 Sacramentum
953 1394 959 1400 .
1063 1393 1070 1400 .
1173 1395 1179 1401 .
1285 1395 1290 1400 .
1395 1393 1404 1406 .,
1505 1392 1512 1399 .
1567 1364 1660 1399 1273
1710 1365 1778 1399 169

155 1427 360 1472 Expositio
387 1427 504 1462 Ss.mi
531 1425 776 1460 Sacramenti
802 1429 890 1460 tum
916 1425 1071 1470 privata
1095 1429 1182 1459 tum
1207 1425 1366 1470 publica
1399 1452 1406 1459 .
1510 1451 1518 1459 .
1572 1424 1664 1460 1274
1714 1424 1782 1458 170

155 1485 363 1531 Expositio
391 1485 508 1525 Ssmi
535 1485 779 1519 Sacramenti
804 1484 1038 1519 solemniore
1065 1484 1147 1518 ritu
1182 1512 1188 1518 .
1290 1511 1297 1518 .
1400 1511 1407 1518 .
1511 1511 1519 1518 .
1572 1483 1663 1518 1275
1714 1482 1781 1518 173

814 1629 1000 1673 TITULUS
1027 1636 1116 1672 XVI.

293 1722 348 1756 De
374 1721 484 1756 cuitu
515 1721 769 1761 Sanctorum,
798 1730 1008 1756 sacrarum
1043 1720 1269 1763 imaginum
1299 1723 1337 1755 et
1365 1719 1643 1762 reliquiarum.
1692 1733 1694 1735 ·

1716 2304 1783 2339 182
1835 2336 1887 2345 Α.
1954 2279 1962 2325 *s

158 1841 334 1875 Ganones
363 1839 559 1874 1276-1289
628 1867 634 1872 .
725 1884 728 1887 ,
1713 1836 1781 1872 174

158 1899 338 1934 Schema:
365 1898 442 1933 Tit.
472 1897 578 1931 XVI.
607 1897 663 1931 De
682 1897 795 1931 cultu
814 1896 1063 1937 Sanctorum,
1085 1907 1284 1930 sacrarum
1303 1895 1523 1941 imaginum

252 1963 292 1992 et
316 1957 570 2002 reliquiarum
629 1985 638 1992 .
1715 1953 1782 1988 175

157 2016 368 2060 Inscriptio
394 2015 519 2049 Tituli
546 2026 589 2049 ac
615 2014 851 2049 distributio
885 2025 1080 2049 canonum
1714 2011 1784 2047 176

158 2073 401 2118 Principium
427 2073 643 2107 doctrinale
663 2073 855 2118 praedicti
880 2073 1013 2107 cultus
1038 2072 1210 2118 triplicis
1292 2100 1298 2106 .
1403 2099 1409 2106 .
1513 2099 1520 2105 .
1574 2071 1666 2106 1276
1740 2085 1755 2113 2

158 2132 381 2166 Diversitas
407 2133 538 2166 cultus
565 2131 778 2166 exhibendi
848 2160 854 2167 .
958 2158 965 2165 .
1069 2159 1074 2165 .
1178 2159 1185 2165 .
1290 2158 1297 2164 .
1401 2158 1407 2164 .
1511 2158 1517 2163 .
1572 2129 1664 2164 1277
1716 2129 1783 2164 177

158 2190 321 2225 Patroni
347 2191 520 2236 eligendi
546 2202 588 2225 ac
614 2190 885 2225 constituendi
961 2217 969 2224 .
1073 2218 1079 2224 .
1182 2219 1188 2226 .
1290 2217 1296 2223 .
1509 2216 1516 2222 .
1571 2188 1663 2223 1278
1715 2187 1783 2222 179

157 2249 215 2284 De
242 2249 480 2294 imaginibus
505 2249 684 2294 publicae
710 2249 889 2283 fidelium
915 2249 1165 2284 venerationi
1191 2217 1455 2294 proponendis
1512 2275 1518 2281 .
1575 2246 1665 2281 1279
1716 2246 1783 2280 180

159 2308 217 2342 De
241 2308 459 2353 imaginum
484 2309 860 2353 reparatione..
961 2335 969 2342 .
1072 2335 1079 2341 .
1183 2336 1189 2342 .
1294 2335 1300 2341 .
1403 2333 1411 2341 .
1513 2333 1520 2340 .
1574 2305 1666 2340 1280

159 2366 216 2401 De
242 2367 481 2401 alienatione
507 2367 763 2411 reliquiarum
787 2370 859 2400 aut
884 2366 1106 2411 imaginum
1183 2395 1188 2400 .
1292 2393 1298 2398 .
1403 2393 1410 2399 .
1513 2392 1520 2398 .
1575 2364 1665 2399 1281
1704 2362 1784 2397 ,133

159 2425 216 2459 De
241 2425 497 2470 reliquiarum
523 2426 776 2470 possessione·
850 2450 858 2459 .
959 2451 966 2458 .
1069 2451 1076 2458 .
1180 2430 1189 2458 .’
1291 2451 1297 2457 .
1402 2451 1408 2457 .
1513 2451 1519 2457 .
1573 2423 1665 2457 1282
1716 2421 1783 2456 185

160 2483 342 2518 Conditio
369 2485 587 2519 necessaria
612 2496 679 2529 pro
706 2485 819 2519 cultu
844 2483 1001 2529 publico
1027 2483 1300 2528 reliquiarum.
1403 2510 1410 2516 .
1513 2508 1520 2516 .
1575 2481 1666 2515 1283
1738 2492 1757 2513 ›>

159 2542 216 2576 De
242 2543 421 2588 reliquiis
447 2544 715 2588 supposititiis
748 2571 754 2577 .
857 2569 865 2577 .
968 2569 975 2576 .
1075 2571 1083 2578 .
1183 2569 1190 2576 .
1292 2569 1299 2575 .
1403 2569 1409 2575 .
1511 2567 1519 2575 .
1573 2540 1665 2575 1284
1716 2538 1783 2574 186

159 2600 215 2635 De
242 2601 420 2646 reliquiis
446 2602 530 2635 sine
557 2601 882 2637 authenticitatis
909 2600 1143 2635 documento
1179 2627 1186 2634 .
1289 2627 1296 2634 .
1399 2627 1406 2634 .
1490 2626 1516 2633 ..
1571 2599 1664 2633 1285
1715 2597 1782 2632 187

160 2659 418 2701 Quaestioues
444 2671 522 2694 non
548 2661 759 2705 agitandae
786 2660 832 2694 de
857 2659 1117 2704 reliquiarum
1148 2658 1459 2694 authenticitate
1512 2684 1520 2692 .
1573 2657 1665 2692 1286
1716 2655 1783 2690 188

160 2717 217 2751 De
243 2729 437 2752 sacrarum
463 2719 720 2764 reliquiarum
746 2718 992 2764 expositione
1075 2744 1082 2751 .
1186 2745 1193 2752 .
1296 2744 1302 2751 .
1404 2744 1412 2751 .
1513 2742 1522 2751 .
1575 2714 1666 2750 1287
1739 2729 1753 2744 »

161 2775 365 2821 Reliquiae
392 2777 450 2811 Sys.
480 2777 615 2812 Crucis
641 2779 688 2813 ab
714 2777 916 2823 Episcopis
943 2788 1142 2821 possessae
1183 2802 1189 2810 .
1291 2803 1299 2810 .
1403 2803 1410 2810 .
1433 2807 1436 2812 .
1512 2802 1520 2810 .
1574 2774 1666 2809 1288

159 2834 215 2868 De
242 2834 484 2877 venditione,
514 2837 813 2871 transmissione
832 2835 998 2871 dominii
1012 2847 1056 2870 ac
1070 2834 1251 2870 custodia
1265 2835 1525 2880 reliquiarum
1577 2832 1667 2868 1289

1717 2772 1783 2808 190
1873 2775 1882 2808 ³.
1895 2782 1897 2785 ⁴
