1965 3240
188 91 262 125 400
333 91 418 125 Lm.
444 90 517 124 ΙΙΙ.
550 110 561 116 -
588 90 699 124 PARS
724 90 768 125 V.
795 111 807 116 -
833 90 890 126 De
916 90 1039 134 benef.
1068 94 1104 127 et
1128 94 1255 126 instit.
1283 93 1412 127 eccles.
1443 104 1523 127 non
1548 94 1679 138 colleg.

190 212 384 254 constitui
403 225 424 252 ))
464 209 572 267 (can.
594 210 674 253 471
701 210 729 268 ξ
751 209 808 267 1),
833 224 1019 268 congrua
1038 210 1235 269 portione
1265 211 1495 254 secundum
1529 211 1717 256 diversas
1740 215 1817 256 cir-

192 282 462 324 cumstantias
491 281 762 337 designanda.

308 349 478 395 Ceterae
512 353 684 395 uniones
718 350 1015 396 beneficiorum
1059 365 1138 395 non
1173 352 1367 396 exclusae
1404 352 1456 397 ab
1498 350 1818 398 Ordinariorum

191 426 392 478 potestate
425 423 463 464 in
498 421 576 465 boc
609 434 766 466 canone
792 412 846 466 ac
881 425 919 465 in
955 435 1091 479 praec.
1128 423 1215 466 lieri
1249 428 1406 480 queunt
1439 422 1490 467 ab
1532 426 1603 480 eis,
1651 428 1817 467 servato

188 497 327 536 tamen
361 495 400 536 iu
434 492 627 537 omnibus
658 493 768 551 quod
802 493 1048 550 praescribit
1079 493 1106 550 ξ
1141 494 1183 536 3.
1231 492 1334 538 Unio
1374 506 1542 551 «aeque
1575 499 1645 537 aut
1683 496 1818 538 minus

191 563 468 620 principalis»
506 562 796 620 beneficiorum
829 578 853 607 a
887 563 1072 607 locorum
1109 562 1357 608 Ordinariis
1400 564 1594 608 omnibus
1635 565 1698 608 vel
1744 565 1815 608 ali-

187 634 339 693 quibus
371 634 702 691 competentibus
734 634 827 692 fierz'
859 649 941 678 non
984 640 1123 693 potest
1174 634 1322 688 valide,
1376 651 1396 676 ((
1415 637 1446 678 si
1493 635 1814 693 incompatibilia

188 710 325 749 sunt»
364 706 473 764 (can.
510 705 655 763 1439),
689 711 759 749 aut
792 706 901 750 licite
934 709 966 749 si
1003 703 1298 763 conipatibilia,
1332 706 1418 749 nisi
1465 706 1509 749 in
1549 711 1811 764 perpetuum,

187 790 283 820 nam
316 776 555 833 temporalis
589 779 684 820 unio
726 790 867 820 secum
913 778 1038 820 ferret
1083 776 1290 833 palliatam
1325 776 1586 821 collationem
1634 776 1812 834 plurium

187 847 484 892 beneticiorum
517 847 652 891 eidem
685 847 838 892 clerico
872 852 1015 891 contra
1058 847 1305 904 legislatoris
1349 853 1527 892 mentem
1571 851 1736 905 saepius
1774 850 1812 891 in

186 919 365 963 decursu
399 923 633 974 temporum
669 923 984 975 propugnatam.

306 989 402 1034 3³23.
451 991 591 1035 Aliae
638 991 956 1036 limitationes
1001 991 1252 1036 facultatis
1303 992 1501 1036 uniendi
1553 991 1811 1036 beneficia.

185 1060 310 1106 Conc.
343 1060 454 1103 Trid.
489 1063 527 1103 in
562 1073 650 1116 cap.
689 1061 712 1103 5
746 1074 845 1105 sess.
880 1059 974 1103 XXl
996 1073 1121 1117 supra
1154 1063 1221 1105 cit.
1272 1060 1445 1118 loquens
1493 1061 1543 1104 de
1592 1060 1813 1105 unionibus

186 1134 410 1189 perpetuis,
443 1134 520 1174 ait:
561 1133 756 1188 «possint
789 1133 986 1188 episcopi,
1019 1134 1108 1175 sine
1140 1136 1277 1175 tamen
1327 1131 1582 1189 praeiudicio
1626 1130 1812 1175 obtinen-

184 1205 300 1257 tium,
330 1204 465 1246 facere
484 1218 504 1244 »
543 1202 654 1246 illas:
689 1206 729 1245 et
759 1204 798 1245 in
823 1215 911 1259 cap.
927 1203 955 1245 9>
984 1216 1084 1246 sess.
1116 1201 1229 1245 XXV
1250 1203 1461 1246 decrevit:
1502 1204 1811 1257 «accessiones,

185 1287 257 1330 per
293 1276 400 1317 viam
436 1275 598 1317 unionis
631 1274 764 1317 factae
796 1273 847 1317 de
883 1273 1094 1317 beneficiis
1127 1272 1281 1328 liberis,
1315 1273 1365 1316 ad
1400 1272 1599 1321 ecclesias
1622 1275 1723 1316 iuris
1746 1285 1812 1329 pa-

183 1347 376 1397 tronatui,
410 1347 533 1388 etiam
577 1343 792 1396 laicorum,
825 1343 1044 1399 subiectas,
1088 1349 1171 1387 tam
1204 1344 1254 1387 ad
1296 1343 1566 1400 parochiales,
1600 1356 1724 1401 quam
1758 1344 1807 1388 ad

180 1416 259 1460 alia
291 1428 581 1474 quaecumque
614 1415 830 1465 beneficia,
864 1417 987 1458 etiam
1020 1414 1283 1472 siinplicia,...
1317 1417 1371 1458 ita
1415 1419 1459 1458 ut
1498 1415 1707 1471 praedicta
1740 1413 1808 1458 be·

182 1488 329 1530 neficia
364 1485 491 1530 libera
525 1486 709 1529 eiusdem
754 1491 925 1529 naturae
959 1499 1052 1529 cum
1087 1487 1148 1541 iis,
1191 1485 1441 1543 quibuscum
1480 1487 1694 1540 uniuntur,
1728 1485 1809 1528 effi-

181 1560 430 1610 ciantui·‚....
465 1570 729 1614 quacumque
753 1559 1014 1612 auctoritate,
1048 1545 1443 1611 etiam⁴apostolica‚
1478 1568 1699 1599 concessae
1723 1556 1808 1599 sue-

181 1631 275 1683 rint,
309 1628 429 1672 simul
465 1641 559 1671 cum
596 1627 816 1671 unionibus
848 1630 946 1684 ipsis
979 1642 1052 1684 per
1084 1627 1394 1684 subreptionem
1428 1626 1621 1671 obtentae
1664 1626 1809 1670 intelli-

180 1705 330 1756 gantur
353 1715 391 1754 »,
428 1699 683 1756 proindeque
707 1698 859 1742 nullius
894 1698 1058 1743 valoris.
1085 1698 1155 1742 His
1179 1700 1371 1754 congruit
1395 1712 1486 1740 ean.
1513 1699 1632 1740 1424
1663 1699 1722 1741 sic
1746 1699 1805 1740 in-

175 1773 356 1828 cipieus:
403 1768 628 1813 Ordinarii
660 1770 767 1826 (can.
805 1768 906 1826 198)
940 1783 1153 1827 nunqnam
1184 1775 1357 1827 possunt
1396 1768 1544 1821 valide,
1568 1781 1639 1811 seu
1675 1773 1718 1811 ut
1740 1782 1806 1812 su-

179 1841 341 1898 biungit
372 1840 592 1884 Decretum
617 1840 762 1883 ultimo
795 1842 862 1885 cit.
892 1856 911 1881 «
932 1839 1132 1884 beneficia
1156 1842 1242 1897 ipsa
1268 1842 1394 1890 unita,
1419 1853 1513 1883 cum
1547 1841 1804 1894 vacaverint,

179 1913 321 1967 libere,
357 1917 399 1955 ut
431 1917 567 1965 antea,
600 1913 869 1955 conferantur
891 1927 931 1968 ³),
964 1910 1159 1968 beneficia
1210 1913 1375 1968 proprie
1408 1911 1517 1954 dicta
1551 1909 1721 1967 quaevis
1753 1910 1803 1954 ad

179 1986 359 2027 invicem
395 1982 516 2025 unire
564 1983 743 2039 (etiamsi
778 1984 873 2025 unio
906 1984 957 2025 sit
995 1995 1168 2041 «aeque
1211 1986 1279 2025 aut
1328 1983 1463 2025 minus
1511 1981 1619 2039 (can.
1669 1980 1802 2038 1422)

178 2054 417 2111 principalis
440 2053 484 2111 >›)
503 2053 589 2096 sire
611 2058 761 2096 euram
795 2057 902 2096 inter
932 2067 988 2107 se,
1022 2053 1108 2095 sive.
1139 2066 1221 2096 non
1255 2057 1405 2095 curata
1440 2056 1581 2095 mutuo
1614 2056 1683 2095 aut
1706 2065 1800 2095 cum

177 2125 281 2181 aliis,
304 2125 469 2183 quando
504 2126 624 2168 suerit
657 2123 697 2180 a)
732 2138 822 2166 enm
855 2123 1104 2167 detrimento
1137 2137 1278 2167 eornm
1314 2123 1385 2181 qni
1417 2122 1560 2166 eadem
1583 2128 1679 2165 actu
1701 2122 1801 2165 reti-

177 2201 288 2247 nent,
325 2210 362 2238 v.
396 2210 458 2252 gr.
491 2197 588 2253 quia
616 2195 836 2238 deficiente
860 2197 957 2251 ipsis
980 2195 1118 2252 aliqua
1141 2194 1356 2252 qualitate,
1379 2198 1420 2237 ut
1443 2193 1654 2237 obtineant
1675 2192 1800 2245 aliud,

177 2269 389 2323 resignare
421 2265 621 2309 deberent
655 2267 881 2322 proprium,
928 2265 989 2308 vel
1024 2267 1121 2323 quia
1154 2266 1404 2308 sustinerent
1436 2276 1566 2320 grave
1594 2276 1710 2318 onus,
1735 2265 1800 2306 cui

177 2341 309 2394 primo
344 2350 422 2379 non
456 2336 753 2391 subdebantur,
805 2341 972 2392 propter
1004 2336 1112 2393 quod
1162 2336 1351 2379 additur:
1401 2334 1507 2392 ipsis
1554 2333 1713 2391 inritis,
1761 2338 1799 2377 et

178 2411 344 2463 propter
373 2408 473 2449 iuris
505 2406 801 2449 detrimentum
834 2406 1049 2449 vitandum
1083 2405 1255 2456 dicitur:
1302 2404 1343 2461 b)
1388 2418 1518 2462 neque
1561 2402 1797 2460 beneficium

174 2477 285 2519 iuris
315 2481 582 2534 patronatus,
617 2478 712 2533 quia
752 2476 1056 2532 «privilegium
1096 2477 1256 2532 patroni
1279 2480 1361 2518 est:
1398 2473 1689 2518 Praesentandi
1722 2473 1800 2517 cle-

177 2551 307 2591 ricum
342 2547 392 2590 ad
418 2546 516 2590 illud
552 2546 799 2590 beneficium
838 2559 1025 2590 vacans»
1065 2545 1174 2604 (can.
1215 2544 1444 2602 1455,10),
1482 2558 1573 2587 euin
1605 2543 1797 2601 beneficio

176 2617 334 2660 liberae
366 2616 606 2660 collationis
638 2630 710 2660 seu
746 2619 783 2659 in
818 2630 899 2674 quo
932 2617 1197 2671 conferendo,
1240 2616 1338 2659 dum
1375 2620 1505 2666 vacat,
1550 2612 1798 2659 Ordinarius

176 2701 254 2731 non
289 2692 523 2731 coarctatur
555 2689 644 2730 iure
689 2701 760 2744 per
792 2687 971 2744 aliquam
1007 2699 1241 2744 personam,
1280 2686 1370 2729 sine
1397 2690 1677 2744 patronorum
1705 2698 1798 2728 con-

173 2772 312 2809 sensu,
336 2771 418 2815 quo
452 2758 549 2801 illud
591 2757 899 2814 «privilegium
933 2763 1065 2801 cesset
1099 2770 1169 2813 per
1200 2758 1592 2800 renunciationem»
1629 2757 1688 2799 sic
1721 2757 1795 2798 im-
