1965 3240
207 120 276 154 358
466 120 547 153 ΜΒ.
574 119 646 153 ΙΙΙ.
676 140 685 145 -
715 120 824 154 PARS
850 121 916 154 IV.
945 141 956 146 -
984 121 1040 156 De
1065 124 1288 163 maqisterio
1314 123 1565 157 ecclesiastico

206 251 333 294 supra
367 238 621 282 declaratum
657 239 749 296 est),
785 242 872 283 iure
915 239 1195 283 ecclesiastico
1238 240 1430 296 prohibiti
1467 255 1544 284 uon
1579 241 1821 296 habeantur,

206 309 337 352 donec
370 310 538 366 speciali
572 311 739 354 decreto
774 313 990 367 proscripti
1024 311 1131 354 haud
1168 312 1318 354 fuerint
1342 327 1362 352 ))
1401 311 1538 368 (Decr.
1572 326 1664 368 gen.
1691 326 1729 356 n.
1764 313 1822 370 4).

201 405 259 410 —
282 379 480 436 Exceptio
515 394 587 437 pro
621 384 794 425 canonis
823 394 965 425 norma
999 384 1208 439 sequitur:
1243 381 1328 424 arsi
1360 387 1518 425 constet
1551 385 1673 426 eliam
1714 386 1822 426 testi-

204 453 340 493 monio
383 453 504 493 unius
549 453 623 493 viri
670 451 750 494 tide
794 452 906 508 digni
941 450 1051 494 m‘hil
1084 451 1125 494 z'rt
1160 451 1220 494 eis
1255 451 1380 508 libris,
1402 453 1452 496 de
1490 453 1641 511 quibus
1675 456 1711 496 in
1748 453 1824 497 hoc

203 520 261 563 n.O
296 521 340 563 40
372 523 522 577 agitur,
541 527 686 564 contra
719 521 840 578 fidem
874 521 1123 565 catholiearii
1156 535 1325 578 nempe:
1361 529 1501 566 eontra
1535 524 1698 580 singula
1737 539 1756 565 ε(
1777 536 1824 567 ea

203 593 383 636 omnia...
418 605 524 649 quae
560 591 687 636 verbo
720 592 792 635 Dei
826 594 979 648 scripto
1014 592 1078 635 vel
1114 592 1264 635 tradito
1299 596 1561 637 continentur
1594 600 1631 638 et
1665 594 1717 638 ab
1749 594 1822 638 Ee-

203 662 325 706 clesia
359 665 448 706 sive
481 663 668 706 sollemni
704 664 856 706 iudicio
890 666 979 706 sive
1013 663 1222 706 ordinario
1256 669 1294 707 et
1328 665 1552 708 universali
1588 668 1824 722 magisterio

204 738 415 791 tamquam
466 734 667 778 divinitus
716 734 899 777 revelata
944 735 1152 777 credenda
1188 741 1514 791 proponuntur»
1554 736 1662 793 (can.
1700 737 1824 780 1323.

204 805 232 862 ξ
259 805 314 862 1),
333 804 552 859 contineri,
573 807 732 848 etiamsi
758 807 985 848 assertione
1010 809 1182 847 tantum.
1209 805 1320 849 Haec
1344 809 1533 862 exceptio
1559 809 1689 850 innuit
1715 820 1826 864 prae-

205 877 308 919 fatos
341 875 467 919 libros
501 878 707 932 praesumi
741 889 882 919 errore
917 876 1087 918 inlectos
1112 878 1268 919 ratione
1302 880 1496 931 auctoris,
1519 877 1588 921 sed
1615 890 1823 934 praesum-

206 948 343 1003 ptione
376 959 482 1004 quae
516 947 623 989 cedit
662 949 836 990 veritati.

321 1019 369 1060 5⁰
403 1016 521 1060 Libri
553 1016 593 1074 a)
629 1022 712 1060 tum
754 1031 1007 1061 «sacrarum
1042 1020 1348 1075 Scripturarum
1388 1019 1448 1063 vel
1494 1021 1719 1064 eorundem
1755 1021 1825 1065 ad-

205 1090 434 1130 notationes
482 1093 519 1130 et
569 1091 908 1132 commentaria»
947 1088 996 1131 (le
1031 1089 1177 1146 quibas
1221 1090 1262 1132 2²22
1307 1104 1398 1132 cari.
1435 1092 1566 1147 1385,
1599 1091 1627 1148 ξ
1659 1094 1694 1134 1.
1729 1106 1768 1134 n.
1804 1095 1825 1134 1

205 1163 341 1201 manet
374 1159 467 1201 data
502 1158 736 1214 explicatio,
772 1159 811 1207 b‘t
846 1165 883 1201 et
917 1158 997 1202 alii
1035 1160 1128 1203 «de
1162 1160 1311 1217 quibus
1344 1163 1382 1203 in
1409 1177 1427 1201 ³>
1457 1176 1546 1206 care.
1573 1163 1717 1207 1301.-
1748 1165 1823 1206 sci-

205 1229 321 1272 licet:
353 1245 371 1270 «
395 1232 604 1272 versiones
621 1242 834 1273 sacrarum
855 1230 1162 1286 Scripturarum
1190 1233 1227 1273 in
1259 1231 1439 1288 linguam
1469 1233 1732 1276 vernaculam
1760 1233 1825 1291 (eo

206 1300 341 1354 modo,
366 1299 464 1357 quo)
491 1302 669 1356 imprimi
696 1306 902 1357 nequeunt
928 1317 947 1341 ))
968 1320 975 1345 ;
1011 1301 1190 1358 itemque
1212 1316 1263 1344 es
1286 1302 1374 1345 iltis
1397 1303 1560 1359 supple:
1598 1303 1712 1347 libris
1736 1318 1824 1360 pro·
1883 1347 1891 1354 ,

207 1373 293 1427 prie
326 1371 460 1425 dietis,
494 1370 544 1413 (le
576 1370 723 1428 quibas
755 1372 796 1413 ire
832 1371 900 1414 cit.
934 1386 1024 1414 can.
1060 1374 1192 1423 1:385,
1224 1373 1252 1430 ξ
1285 1376 1320 1426 1,
1352 1373 1422 1416 sed
1459 1376 1496 1416 in
1523 1388 1560 1417 rr.
1584 1376 1628 1429 2,
1654 1379 1827 1417 tantum-

208 1442 328 1485 modo
362 1441 461 1484 libri
492 1456 541 1484 ac
574 1442 721 1496 tihettt,
753 1444 933 1486 exclusis
967 1445 1091 1499 igitur
1124 1444 1266 1487 diariis
1308 1456 1355 1488 ae
1400 1444 1504 1488 soliis
1536 1447 1657 1488 etiam
1694 1448 1824 1502 perio-

205 1513 320 1567 dieis,
346 1512 385 1569 c)
410 1513 482 1570 qai
503 1527 631 1556 novas
657 1515 879 1571 (quatenus
904 1520 1090 1557 recenter
1115 1514 1206 1558 illae
1229 1521 1459 1559 evenerunt
1485 1515 1548 1558 vel
1578 1516 1826 1560 adinventae

205 1584 317 1641 sunt)
352 1584 643 1642 apparitiones
691 1585 884 1628 coelitum
920 1588 1237 1643 animarumque
1273 1589 1516 1643 purgatorii,
1550 1587 1826 1631 revelationes

205 1655 437 1712 aliquarum
476 1658 694 1698 veritatum
734 1656 795 1699 vet
830 1656 1112 1705 devotionum,
1148 1657 1329 1699 ‘visiones
1362 1658 1493 1700 oculis
1528 1658 1590 1701 vel
1627 1661 1825 1715 imagina-

206 1729 314 1769 tione
349 1732 577 1782 pereeptas‚
609 1725 858 1784 prophetias
893 1727 1018 1770 veluti
1055 1728 1359 1783 praedictiones
1402 1730 1634 1772 futurorum
1673 1732 1826 1773 contin-

205 1799 388 1852 gentium
426 1796 666 1851 liberorum,
701 1797 922 1845 miracala,
942 1800 1061 1840 sicuti
1099 1801 1206 1841 vires
1240 1803 1410 1841 naturae
1450 1800 1698 1843 excedentes
1731 1800 1825 1843 etle-

205 1872 307 1922 ctus,
343 1870 501 1910 etiamsi
541 1881 659 1910 veras
691 1873 814 1925 atque
848 1882 941 1911 cum
977 1869 1118 1911 divino
1153 1871 1389 1912 interventu
1433 1872 1672 1913 evenientes
1709 1885 1828 1913 enar-

205 1944 305 1981 raret
337 1939 594 1996 simpliciter,
621 1941 672 1982 ita
699 1945 739 1982 ut
765 1939 855 1982 talis
879 1940 1026 1982 modus
1050 1953 1184 1995 perse
1207 1940 1381 1983 sufficiat
1407 1941 1455 1983 ad
1494 1941 1826 1997 prohibitionem,

206 2008 251 2065 d)
283 2009 346 2052 rel
378 2011 546 2066 supple:
588 2026 607 2050 ((
632 2010 723 2053 libri
758 2023 805 2053 ac
841 2010 967 2054 libelli
993 2026 1012 2051 )>
1044 2015 1215 2064 tautum,
1240 2011 1311 2068 qai
1333 2025 1460 2054 noras
1483 2013 1617 2069 quoad
1643 2013 1826 2056 substan-

207 2083 303 2124 tiam
341 2084 581 2137 praesertim
621 2081 682 2124 vel
716 2081 850 2138 quoad
887 2080 1108 2124 notabilem
1146 2083 1318 2124 formam
1355 2081 1824 2138 inducuntdevotiones,

206 2152 538 2195 commendando
573 2154 681 2208 ipsas
715 2156 757 2194 ut
792 2165 940 2208 praxes
972 2151 1106 2194 cultus
1141 2154 1304 2208 privati,
1340 2153 1467 2195 etiam
1499 2152 1572 2195 sab
1602 2159 1826 2210 praetexta

207 2222 316 2280 qaod
347 2223 430 2264 sim
463 2222 670 2280 privatae,
705 2227 827 2280 atque
871 2223 919 2265 ad
967 2235 1234 2278 personarum
1275 2223 1546 2279 singularium
1582 2224 1823 2267 electionem

207 2306 253 2336 ae
289 2307 421 2347 usum,
456 2293 493 2335 xi
526 2293 711 2336 alterutri
752 2292 888 2336 «libri
923 2306 970 2335 ac
1006 2293 1176 2336 libelli»
1214 2294 1311 2337 edili
1344 2293 1506 2352 suerint
1540 2308 1619 2337 pore
1648 2295 1827 2337 serratis

207 2378 410 2406 carrariam
448 2364 610 2407 Codicis
656 2369 738 2406 tum
786 2363 893 2406 illins
935 2366 1061 2417 citati,
1107 2369 1192 2406 tum
1232 2364 1401 2407 alterius
1445 2365 1566 2419 1394,
1603 2365 1664 2409 vel
1709 2366 1827 2420 alius,

202 2435 624 2492 praesen-{plionibus,
657 2437 753 2491 quin
791 2437 868 2476 iam
906 2434 1000 2477 inde
1033 2437 1082 2477 sit
1118 2437 1394 2478 necessarium
1439 2439 1588 2492 apponi
1630 2441 1825 2492 protesta-

207 2508 359 2548 tionem
397 2508 586 2548 Auetoris
628 2505 852 2561 duplicem,
892 2505 1016 2562 (quae
1060 2505 1416 2563 subintelligitur),
1447 2506 1498 2550 ab
1540 2506 1705 2551 Urbano
1744 2506 1824 2549 Vlll

207 2579 357 2619 iussam
395 2578 431 2618 in
467 2581 594 2618 const.
636 2592 655 2615 «
679 2577 970 2620 sanctissimus
997 2593 1012 2613 »
1039 2575 1067 2618 ².
1110 2575 1186 2618 Hic
1230 2589 1427 2620 numerus
1465 2577 1688 2620 coneordat
1731 2590 1823 2620 cum

210 2648 302 2690 l)ec.
339 2646 446 2703 gen.i
481 2661 516 2690 n.
553 2646 618 2698 13,
656 2651 810 2689 mutato
847 2646 973 2689 verbo
1012 2649 1251 2702 «scripta»
1291 2649 1329 2689 in
1363 2647 1472 2690 aliud
1513 2647 1681 2691 «libelli
1707 2663 1745 2696 )),
1779 2660 1825 2690 ac

206 2719 478 2761 determinata
517 2718 662 2760 melius
695 2717 878 2760 clausula
916 2719 1069 2759 reteri:
1109 2732 1128 2757 ((
1151 2719 1182 2760 si
1229 2717 1490 2773 publicentur
1533 2709 1687 2775 absque
1727 2717 1823 2773 legi-

328 2871 338 2891 ¹
369 2869 410 2902 13
438 2869 570 2903 Martii
600 2869 702 2902 1625.
