1965 3240
590 188 716 214 INDEX
743 187 938 214 CANONUM
964 187 1015 212 ET
1041 185 1321 211 COMMENTARH

806 352 992 389 TlTULUS
1019 351 1123 388 xxm

342 440 398 474 De
428 439 590 481 praevia
617 447 793 473 censura
820 436 1010 472 librorum
1040 445 1266 477 eorumque
1301 435 1583 477 prohibitione.

1702 174 1772 209 595

1578 538 1656 560 cas.
1692 537 1773 559 me.

147 595 282 630 Canon
321 594 411 627 1384
1707 588 1777 622 326

148 653 357 698 Inscriptio
383 651 511 686 Tituli
543 663 586 685 ac
612 650 819 685 distinctio
846 651 885 683 in
914 648 1075 693 Capita.
1734 662 1748 677 »

145 711 344 746 Ecclesiae
370 711 432 745 ius
459 715 499 745 et
525 709 766 755 significatio
792 707 957 743 iuridica
983 707 1090 742 verbi
1109 707 1299 741 librorum
1399 733 1405 740 .
1510 733 1515 739 .
1571 706 1659 739 1384
1710 706 1778 741 327

148 769 212 806 lus
237 770 472 816 praecedens
499 769 544 803 de
570 768 643 803 hoc
669 768 791 802 titulo
817 772 858 802 et
884 767 1051 801 historia
1070 778 1112 800 ac
1129 765 1448 800 fundamentales
1465 777 1519 799 ra-

243 829 373 863 tiones
402 855 409 862 .

483 940 622 975 CAPUT
648 940 679 973 I.
708 960 752 964 ——
782 940 835 974 De
860 938 1019 983 praevia
1043 937 1235 972 librorum
1264 946 1446 972 censura.

151 1039 331 1074 Canones
360 1037 464 1071 1385-
472 1036 562 1069 1394
627 1061 634 1068 .
1711 1030 1781 1064 329

151 1097 334 1132 chema
365 1096 494 1140 Caput
520 1094 545 1129 l.
574 1094 632 1128 De
659 1093 819 1138 pimaexia
848 1062 1038 1126 librorum
1074 1103 1240 1125 censura
1293 1120 1297 1124 .
1713 1090 1783 1124 330

150 1155 393 1192 Distributio
419 1154 573 1199 Capitis
600 1153 640 1187 in
668 1163 858 1186 canones.
1713 1148 1779 1183 331

150 1216 260 1250 Libri
286 1213 508 1249 necessario
535 1223 724 1247 censurae
751 1209 985 1245 subiiciendi
1070 1237 1076 1243 .
1181 1237 1186 1242 .
1291 1235 1297 1242 .
1401 1233 1408 1242 .
1512 1235 1518 1242 .
1574 1207 1664 1242 1385
1739 1223 1753 1238 »

152 1273 348 1321 Speciales
358 1271 647 1318 prohibitiones
657 1270 705 1305 ob
717 1269 913 1304 defectum
925 1268 1167 1303 conditionis
1178 1278 1364 1302 censurae
1376 1267 1518 1301 similis
1571 1266 1662 1301 1386
1712 1267 1783 1301 335

151 1332 381 1368 Necessaria
406 1330 571 1365 licentia
598 1330 636 1364 S.
666 1329 812 1374 Congr.
842 1328 1009 1363 Rituum
1069 1355 1077 1361 .
1181 1354 1188 1360 .
1292 1354 1298 1360 .
1403 1353 1409 1359 .
1513 1352 1520 1359 .
1575 1325 1665 1360 1387
1714 1326 1783 1361 337

156 1392 339 1428 Licentia
365 1391 522 1425 diversa
548 1390 664 1423 iuxta
689 1387 963 1433 indulgentias
989 1385 1249 1432 publicandas
1295 1413 1301 1418 .
1405 1412 1411 1418 .
1515 1412 1522 1418 .
1577 1384 1669 1419 1388
1743 1400 1757 1414 »

153 1451 417 1487 Collectiones
444 1448 517 1483 sub
544 1447 843 1482 conditionibus
869 1450 1027 1480 tantum
1053 1444 1312 1490 publicandae
1404 1471 1411 1477 .
1515 1471 1521 1477 .
1577 1444 1667 1478 1389
1716 1443 1786 1477 339

153 1511 211 1545 De
237 1508 481 1544 editionibus
508 1507 699 1541 librorum
726 1517 875 1540 sacram
901 1505 1108 1550 liturgiam
1143 1502 1414 1549 spectantium
1516 1532 1521 1537 .
1576 1503 1668 1537 1390
1717 1503 1787 1536 340

155 1570 212 1604 De
240 1567 483 1603 editionibus
510 1577 706 1601 sacrarum
734 1565 980 1609 Scripturam
1074 1593 1079 1599 .
1182 1589 1190 1597 .
1293 1591 1300 1597 .
1405 1591 1410 1596 .
1515 1589 1520 1595 .
1577 1562 1666 1596 1391
1716 1561 1786 1595 343

156 1627 466 1674 Approbationis
492 1626 670 1659 limitata
695 1624 876 1659 extensio
964 1650 970 1657 .
1075 1650 1080 1654 .
1185 1649 1191 1655 .
1295 1650 1301 1656 .
1406 1649 1411 1656 .
1517 1649 1522 1655 .
1578 1622 1669 1656 1392
1718 1621 1788 1656 345

156 1689 322 1725 Normae
349 1686 395 1720 de
422 1685 650 1720 censoribus
739 1711 746 1718 .
849 1709 856 1717 .
958 1710 965 1716 .
1069 1709 1076 1716 .
1180 1709 1186 1715 .
1291 1709 1297 1715 .
1402 1708 1407 1713 .
1513 1708 1518 1714 .
1575 1680 1667 1715 1393
1743 1696 1756 1710 »

156 1747 214 1781 De
239 1745 426 1781 licentiae
452 1742 766 1779 formalitatibus
793 1742 855 1777 vel
882 1741 1145 1787 denegatione
1183 1768 1190 1774 .
1295 1768 1301 1774 .
1406 1769 1411 1774 .
1517 1767 1523 1773 .
1580 1740 1671 1774 1394
1719 1739 1788 1773 347

527 1856 666 1890 CAPUT
693 1855 742 1889 ΙΙ.
771 1874 812 1880 -
842 1855 896 1889 De
923 1853 1188 1898 prohibitione
1212 1853 1420 1888 librorum.

157 1953 336 1988 Canones
372 1952 478 1986 1395·
485 1951 574 1985 1405
628 1978 635 1984 .
1070 1975 1076 1981 .
1181 1975 1187 1981 .
1717 1947 1789 1981 348

158 2012 344 2047 Schema.
374 2011 502 2055 Caput
529 2009 569 2044 ΙΙ
597 2010 655 2043 De
682 1976 966 2058 prohibitione
979 2007 1195 2042 librorum
1721 2006 1790 2040 349

156 2071 362 2115 Inscriptio
389 2070 542 2115 Capitis
569 2073 609 2103 et
635 2078 830 2102 canonum
864 2066 1108 2101 coordinatio
1720 2065 1790 2099 350

159 2130 387 2176 Superiores
414 2132 684 2173 competentes
711 2126 758 2160 ad
784 2125 905 2160 libros
931 2125 1195 2170 prohibendos
1300 2152 1306 2158 .
1411 2152 1416 2157 .
1522 2152 1527 2157 .
1582 2124 1674 2158 1395
1722 2125 1790 2158 351

158 2190 327 2224 Decreta
353 2188 392 2222 S.
422 2188 565 2232 Congr.
597 2186 634 2221 S.
666 2184 795 2220 Officii
856 2212 861 2218 .
966 2213 971 2218 .
1077 2212 1082 2217 .
1187 2213 1193 2218 .
1298 2211 1305 2218 .
1410 2213 1414 2218 .
1518 2210 1526 2217 .
1582 2183 1673 2217 1396
1722 2183 1791 2217 353

158 2247 370 2283 Damnatio
397 2246 586 2281 librorum
640 2272 647 2279 .
749 2271 757 2278 .
859 2271 866 2278 .
969 2272 976 2278 .
1080 2271 1086 2278 .
1190 2271 1197 2278 .
1301 2271 1307 2277 .
1412 2270 1418 2276 .
1523 2271 1528 2277 .
1584 2242 1673 2277 1397
1746 2257 1760 2272 ι

159 2306 335 2341 Effectus
361 2305 644 2351 prohibitionis
676 2304 865 2338 librorum
968 2331 973 2336 .
1078 2332 1084 2337 .
1189 2330 1196 2336 .
1300 2330 1306 2336 .
1411 2329 1416 2335 .
1521 2329 1527 2335 .
1583 2301 1674 2336 1398
1722 2301 1790 2335 355

160 2366 268 2401 Libri
295 2377 343 2400 ex
371 2366 456 2399 iure
482 2363 726 2409 generaliter
756 2362 977 2408 prohibiti.
1081 2390 1087 2396 .
1191 2389 1198 2396 .
1301 2389 1308 2395 .
1412 2388 1419 2395 .
1521 2387 1529 2395 .
1584 2360 1674 2395 1399
1723 2360 1792 2394 356

160 2424 372 2459 Permissio
400 2423 591 2458 librorum
618 2422 909 2467 prohibitorum
937 2433 985 2455 ex
1013 2421 1097 2455 iure
1128 2432 1312 2454 concessa
1413 2447 1419 2453 .
1523 2446 1529 2453 .
1585 2419 1676 2454 1400
1724 2418 1793 2453 365

161 2483 371 2528 Exemptio
398 2482 655 2528 quarumdam
681 2492 937 2526 personarum
964 2492 987 2515 a
1012 2479 1284 2526 prohibitione
1311 2479 1502 2513 librorum
1525 2506 1531 2512 .
1587 2479 1672 2512 1401
1726 2477 1795 2512 366

162 2542 343 2576 Licentia
381 2541 679 2577 Ordinariorum
717 2540 765 2574 ad
804 2539 1017 2585 legendum
1056 2544 1095 2573 et
1133 2538 1388 2573 retinendum
1414 2538 1536 2572 libros

255 2600 478 2646 prohibitos
523 2627 530 2634 .
634 2627 641 2634 .
745 2626 752 2632 .
857 2626 864 2633 .
968 2625 975 2632 .
1079 2625 1086 2632 .
1191 2627 1196 2632 .
1301 2625 1307 2631 .
1411 2623 1418 2631 .
1522 2623 1529 2630 .
1585 2597 1675 2630 1402
1748 2610 1762 2626 »

163 2659 421 2695 Condit-iones
447 2659 545 2692 iuris
572 2657 789 2703 implicitae
815 2657 856 2691 in
882 2654 1073 2691 facultate
1099 2656 1258 2701 legendi
1275 2668 1318 2690 ac
1337 2655 1534 2690 retinendi

258 2718 379 2752 libros
412 2717 757 2762 prohibitos..
860 2743 866 2748 .
971 2743 977 2749 .
1081 2743 1087 2749 .
1191 2742 1198 2749 .
1302 2726 1310 2734 ·
1413 2741 1418 2747 .
1523 2741 1529 2747 .
1588 2713 1674 2747 1403
1724 2713 1793 2748 367

164 2778 222 2811 De
249 2776 438 2811 librorum
471 2775 867 2810 venditoribus..
1081 2802 1086 2807 .
1191 2801 1198 2807 .
1301 2800 1308 2807 .
1411 2799 1418 2806 .
1522 2799 1528 2806 .
1584 2773 1674 2805 1404
1724 2771 1793 2806 368

164 2836 232 2870 Ius
259 2834 435 2868 naturale
466 2834 568 2868 circa
592 2832 898 2878 prohibitionem
924 2801 1114 2866 librorum
1192 2859 1198 2865 .
1302 2858 1309 2865 .
1413 2857 1419 2864 .
1523 2856 1531 2864 .
1587 2830 1675 2864 1405
1749 2845 1762 2860 ι

165 2894 340 2928 Examen
367 2892 599 2926 omissorum
626 2891 883 2925 Decretorum
910 2891 1156 2936 generalium
1193 2915 1200 2924 .
1724 2888 1793 2923 369
