1965 3240
160 116 230 151 350
420 116 507 150 Lus.
534 116 606 150 ΠΙ.
632 136 644 142 -

161 234 327 279 magiam,
354 234 590 269 evocationem
622 233 821 280 spirituum,
852 234 937 269 alia-

159 292 226 327 que
269 281 303 316 id
343 291 453 325 genus
495 281 620 317 docent
659 281 710 316 vel
752 292 937 317 commen-

159 329 265 367 daat;

254 375 290 409 80
320 374 409 409 Libri
445 375 503 420 qui
539 375 708 415 duellum,
743 375 795 411 vel
835 375 937 411 suici-

158 421 266 463 dium,
283 423 335 457 vel
354 422 541 457 divortium
569 421 663 457 licita
689 425 859 459 statuunt.
877 423 935 468 qui

158 469 200 504 de
225 469 329 504 sectis
369 469 574 504 massonicis
600 469 652 505 Nel
678 470 756 504 aliis
782 469 936 505 eiusdem

158 517 296 561 generis
321 516 546 552 societatibus
571 521 726 561 agentes,
751 528 809 552 eas
836 517 938 552 utiles

158 568 192 599 et
218 574 289 598 non
318 564 529 609 perniciosas
556 563 726 599 Ecclesiae
761 565 812 599 vel
843 565 935 599 civili

160 610 314 646 societati
342 622 417 646 esse
442 612 682 654 contendunt3

254 656 290 692 90
318 656 409 692 Libri
437 658 494 704 qui
523 669 577 694 res
608 658 757 693 lascivas
793 669 853 693 seu
879 658 937 693 ob-

160 715 283 740 scenas
319 715 359 740 ex
398 706 551 751 professo
582 709 747 747 tractant,
776 710 935 746 narrant,

159 757 220 787 aut
245 752 390 796 docent,

257 798 316 833 ’10Ο
342 799 518 834 Editiones
538 799 725 834 -librorum
764 799 937 843 liturgico-

160 857 238 880 rum
265 858 285 880 a
311 845 398 882 Sede
425 847 622 892 Apostolica
651 847 936 892 approbatorum,

160 893 197 927 in
217 893 344 939 quibus
363 893 544 940 quidpiam
572 894 796 928 immutatum
825 895 938 935 fuerit,

162 940 207 974 ita
243 945 277 975 ut
312 952 391 975 cum
430 941 642 976 authenticis
673 941 886 976 editionibus
919 952 940 976 a

161 986 290 1023 Sancta
309 987 395 1023 Sede
413 988 612 1034 approbatis
631 999 702 1023 non
721 993 936 1033 congruant,
929 1002 936 1008 ·

260 1035 316 1069 110
342 1034 434 1070 Libri
469 1035 596 1081 quibus
630 1035 855 1080 divulgantur
886 1035 939 1070 10-

161 1081 360 1126 dulgentiae
373 1093 501 1130 apocry
506 1083 593 1128 phae
607 1083 693 1118 vela
708 1082 837 1118 Sancta
851 1082 939 1118 Sede

163 1129 374 1174 proscriptae
399 1134 459 1164 aut
486 1135 681 1172 revocatam

258 1176 317 1210 12υ
343 1176 516 1222 lmagines
559 1188 698 1223 quoquo
736 1177 836 1212 modo
874 1177 938 1211 im-

162 1234 298 1268 pressae
336 1223 474 1259 Domini
518 1223 630 1259 Nostri
673 1223 747 1260 lesu
794 1224 937 1267 Christi,

162 1270 285 1306 Beatae
311 1270 440 1306 Mariae
466 1271 630 1316 Virginis
652 1271 866 1317 Angelorum
892 1276 941 1307 at-

161 1329 228 1363 que
253 1316 464 1353 Sanctorum
491 1320 543 1354 1οΙ
570 1318 718 1354 aliorum
754 1318 938 1354 5011010111

161 1365 220 1400 Dei
271 1365 315 1400 ab
365 1365 537 1401 Ecclesiae
578 1377 682 1401 sensu
724 1371 756 1401 et
794 1366 940 1402 decretis

162 1412 311 1448 alienae.

209 1458 295 1495 cix.
319 1457 421 1494 1400.
443 1480 464 1486 -
487 1459 573 1495 Usus
600 1460 768 1495 librorum
795 1460 837 1496 110
863 1460 940 1506 qui-

163 1506 227 1542 bus
267 1506 302 1541 in
337 1518 416 1542 can.
449 1506 550 1547 1399,
580 1518 614 1542 n.
646 1508 676 1548 l,
704 1518 744 1543 ac
772 1508 939 1543 librorum

162 1554 332 1589 editorum
345 1560 465 1589 conti-a
480 1555 732 1600 praescriptum
748 1566 823 1591 can.
840 1554 940 1595 1391,

162 1601 204 1636 iis
243 1602 424 1637 dumtaxat
467 1602 679 1648 permittitur
718 1603 774 1648 qui
816 1602 940 1637 studiis

161 1648 362 1693 theologicis
405 1649 456 1684 vel
500 1649 639 1684 biblicis
676 1649 799 1694 quovis
838 1650 939 1685 modo

161 1706 302 1742 operam
328 1696 427 1737 dant,
455 1696 645 1731 dummodo
670 1696 775 1732 iidem
803 1696 880 1731 libri
902 1697 939 1731 fi-

160 1743 283 1778 deliter
307 1748 340 1778 01
368 1744 499 1788 ints-gre
525 1743 607 1779 editi
636 1744 706 1777 sint
735 1755 849 1789 neque
875 1744 939 1778 im-

163 1795 363 1836 pugnentur
389 1790 425 1824 in
452 1802 571 1826 eorum
602 1791 855 1836 prolegomenis
880 1796 940 1826 aut

161 1837 447 1872 adnotationibus
465 1837 654 1873 catholicae
670 1837 747 1873 fidei
763 1838 937 1882 dogmata.

210 1883 291 1920 CAN.
322 1883 422 1921 1401.
454 1906 471 1910 -
511 1884 546 1920 S.
580 1885 616 1920 R.
647 1885 683 1920 E.
719 1883 938 1928 Cardinales,

162 1930 331 1984 Episcopi
361 1932 466 1967 etiam
493 1932 662 1970 111010105
691 1932 821 1978 aliique
839 1931 940 1968 Ordi-

162 1979 263 2021 narii,
285 1979 490 2014 necessariis
515 1979 682 2014 adhibitis
708 1979 865 2021 cautelis,
886 1991 939 2015 ec-

162 2025 353 2061 clesiastica
392 2026 559 2062 librorum
596 2027 830 2072 prohibitione
867 2038 939 2062 non

164 2073 444 2118 adstringuntur.

211 2120 295 2155 CAN.
328 2119 429 2155 1402.
462 2141 478 2146 -
507 2125 526 2163 ξ
555 2121 584 2156 1.
617 2118 795 2156 0111100111
835 2121 939 2157 11000-

671 106 782 151 PAR‘s
806 116 873 150 IV.
903 136 913 142 -
941 116 998 151 De
1022 119 1247 161 mayisterio
1272 118 1525 152 ecclesiastico

1009 234 1104 274 tiam,
1131 233 1173 269 ad
1201 233 1306 269 libros
1333 235 1423 280 quod
1450 234 1575 270 attinet
1611 235 1686 281 ipso
1712 236 1786 271 iure

1010 281 1061 316 vel
1081 281 1216 316 decreto
1230 280 1330 317 Sedis
1348 282 1565 328 Apostolicae
1584 282 1785 335 prohibitos,

1009 328 1197 364 concedere
1222 328 1294 363 suis
1320 329 1469 365 subditis
1485 330 1601 365 valent
1628 341 1688 376 pro
1713 330 1785 364 sin-

1009 375 1100 420 gulis
1137 380 1275 410 tantum
1313 376 1411 411 libris
1447 381 1552 422 atque
1585 377 1622 411 in
1648 377 1787 412 casibus

1009 423 1190 458 dumtaxat
1217 424 1433 468 urgentibus

1057 473 1076 511 ξ
1103 469 1136 503 ’2.
1166 449 1278 513 000οὂ
1285 470 1313 504 51
1339 470 1536 515 generalem
1555 482 1575 505 a
1593 470 1681 506 Sede
1699 471 1785 515 Apo-

1010 516 1129 551 stolica
1169 517 1368 553 facultatem
1411 518 1675 563 impetraverint
1712 518 1788 553 suis

1010 563 1160 598 subditis
1187 565 1409 610 permittendi
1436 570 1474 599 ut
1500 565 1606 600 libros
1645 566 1788 610 proscri-

1012 615 1086 656 ptos
1112 611 1287 647 retineant
1312 623 1353 647 ac
1379 612 1505 657 legant,
1540 623 1616 647 eam
1644 612 1785 647 nonnisi

1010 669 1090 693 cum
1104 658 1238 694 delectu
1256 663 1288 694 et
1304 659 1393 695 iusta
1411 670 1449 694 ac
1467 659 1667 695 rationabili
1683 670 1787 695 causa

1011 705 1217 740 concedant.

1058 751 1142 787 CAN.
1176 751 1276 787 1403.
1309 774 1325 777 -
1367 757 1385 795 5
1414 753 1444 787 l.
1479 753 1546 797 Qui
1587 753 1787 789 facultatem

1010 799 1235 845 apostolicam
1263 800 1437 835 consecuti
1472 804 1554 836 sunt
1593 800 1727 845 legendi
1755 805 1788 835 et

1010 847 1183 882 retinendi
1225 847 1330 882 libros
1366 847 1569 893 prohibitos,
1607 852 1788 893 nequeunt

1012 895 1087 929 ideo
1113 894 1224 939 legere
1249 899 1281 929 et
1308 896 1459 930 retinere
1485 895 1590 930 libros
1617 894 1789 948 quoslibet

1010 952 1029 976 a
1056 941 1128 976 suis
1161 939 1359 977 Ordinariis
1398 942 1614 988 proscriptos,
1642 942 1710 977 nisi
1749 953 1787 976 10

1010 988 1199 1034 apostolico
1217 988 1353 1024 indulto
1368 1000 1529 1035 expressa
1554 989 1677 1025 iisdem
1699 990 1788 1025 facta

1014 1035 1115 1071 fuerit
1142 1040 1293 1081 potestas
1320 1036 1455 1081 legendi
1482 1041 1515 1072 et
1540 1036 1713 1072 retinendi
1748 1036 1788 1070 li-

1012 1083 1091 1118 bros
1116 1093 1136 1117 a
1161 1083 1374 1128 quibuslibet
1400 1084 1596 1119 damnatos.

1059 1134 1078 1172 ᾗ
1104 1129 1308 1176 ’2.1050001
1333 1131 1428 1174 gravi
1464 1135 1646 1183 praecepto
1670 1135 1790 1166 tenen-

1012 1183 1067 1213 tur
1094 1176 1200 1212 libros
1242 1177 1434 1223 prohibitos
1471 1179 1518 1213 ita
1555 1177 1707 1213 custodi
1692 1177 1784 1219 00111,

1013 1234 1049 1260 ut
1076 1224 1109 1259 hi
1136 1225 1180 1259 ad
1207 1225 1353 1260 aliorum
1393 1236 1519 1260 manus
1556 1235 1627 1260 non
1669 1235 1788 1271 perve-

1012 1273 1126 1307 niant.

1059 1319 1144 1355 CAN.
1179 1316 1278 1353 1404.
1318 1340 1335 1344 -
1373 1318 1553 1355 Librorum
1593 1319 1788 1355 venditores

1014 1366 1119 1402 libros
1137 1366 1178 1401 de
1196 1366 1355 1402 obscenis
1373 1378 1412 1402 ex
1429 1367 1582 1413 professo
1600 1371 1789 1402 tractantes

1012 1424 1056 1449 ne
1100 1413 1266 1457 vendant,
1312 1415 1548 1456 commodent,
1591 1414 1788 1455 retineant;

1012 1465 1142 1496 ceteros
1170 1461 1359 1506 prohibitos
1385 1462 1525 1497 venales
1549 1472 1597 1496 ne
1622 1461 1786 1502 habeant,

1013 1508 1079 1542 nisi
1107 1508 1258 1544 debitam
1287 1508 1463 1544 licentiam
1490 1520 1510 1544 a
1536 1508 1623 1544 Sede
1649 1509 1790 1554 Aposto-

1012 1555 1079 1591 lica
1105 1555 1381 1608 impetraverint,
1408 1567 1495 1591 neve
1520 1556 1683 1602 cuiquam
1711 1566 1791 1591 ven-

1012 1603 1110 1644 dant,
1128 1602 1195 1637 11151
1216 1603 1406 1648 prudenter
1431 1603 1630 1639 existimare
1658 1602 1790 1648 possint

1011 1650 1055 1686 ab
1081 1655 1236 1719 emptore
1262 1650 1416 1694 legitime
1442 1651 1524 1696 peti.

1061 1696 1144 1732 CAN.
1169 1695 1271 1732 1405.
1303 1718 1320 1722 -
1348 1698 1419 1739 §L
1449 1697 1602 1733 Licentia
1629 1708 1648 1732 a
1667 1697 1789 1749 quovis

1013 1744 1153 1780 obtenta
1192 1744 1289 1779 nullo
1328 1744 1428 1780 modo
1467 1745 1544 1790 quis
1581 1744 1745 1780 eximitur
1769 1755 1790 1779 a

1014 1791 1247 1837 prohibitione
1274 1791 1358 1826 111115
1385 1791 1555 1827 naturalis
1590 1791 1725 1836 legendi
1754 1791 1790 1825 li-

1013 1840 1092 1874 bros
1118 1839 1176 1884 qui
1204 1839 1267 1883 ipsi
1309 1838 1504 1884 proximum
1531 1838 1711 1885 spirituale
1738 1849 1790 1884 pe-

1013 1886 1161 1921 riculum
1191 1890 1379 1931 praestant.

1061 1937 1080 1974 §
1099 1933 1131 1967 2.
1162 1931 1339 1969 Ordinarii
1361 1933 1512 1968 locorum
1527 1933 1656 1978 aliique
1669 1943 1789 1968 curam

1012 1981 1212 2015 animarum
1228 1980 1396 2016 habentes
1413 1985 1607 2026 opportune
1625 1984 1790 2015 moneant

1014 2027 1134 2062 fideles
1160 2028 1201 2063 de
1229 2027 1380 2073 periculo
1406 2032 1439 2063 et
1465 2027 1594 2063 damno
1631 2027 1790 2063 lectionis

1012 2073 1181 2109 librorum
1210 2085 1408 2120 pravorum,
1436 2074 1639 2120 praesertim
1674 2074 1790 2120 prohi—

1013 2121 1178 2156 bitorum.

284 2275 380 2317 “2823-
415 2277 671 2332 Inscriptio
696 2277 884 2332 Capitis
916 2279 964 2321 et
988 2290 1227 2322 canonum
1251 2278 1571 2322 coordinatio.
1595 2275 1790 2332 Sequitur

164 2345 510 2389 considerandum
550 2345 684 2404 Caput
706 2345 753 2388 ΙΙ
786 2348 1029 2402 inscriptum
1067 2345 1124 2389 De
1153 2345 1450 2404 prohibitione,
1479 2346 1587 2403 quod
1612 2345 1788 2389 verbum

163 2415 396 2471 explicatur
430 2418 467 2459 in
501 2419 586 2460 suis
619 2415 835 2460 effectibus
872 2430 1030 2460 canone
1064 2417 1193 2472 1398,
1226 2421 1266 2460 01
1300 2417 1578 2475 undequaque
1605 2419 1692 2473 ipsa
1726 2430 1788 2460 re-

163 2485 340 2542 gulatur,
373 2486 572 2530 librorum
612 2487 747 2544 quoad
772 2487 980 2531 obiectum
1005 2487 1114 2531 illius
1136 2501 1231 2531 cum
1254 2489 1556 2544 significatione
1580 2488 1790 2532 declarata

164 2559 202 2599 in
236 2559 262 2610 ξ
286 2557 308 2600 2
332 2551 438 2601 can.³
466 2558 588 2612 1384,
612 2558 683 2601 5011
709 2560 748 2601 in
773 2561 907 2615 capite
932 2571 1111 2602 canones
1135 2561 1406 2602 inveniuntur
1428 2559 1480 2602 de
1504 2558 1790 2615 prohibitionis

164 2628 349 2671 eiusdem
374 2628 687 2673 limitationibus
710 2630 845 2686 quoad
871 2643 1068 2691 personas
1088 2632 1166 2673 iuri
1186 2629 1467 2674 ecclesiastico
1485 2629 1703 2674 subiectas.
1723 2629 1791 2673 lus

166 2703 205 2741 et
242 2700 423 2742 osticium
464 2701 597 2755 primo
635 2702 829 2743 statuitur
867 2713 962 2743 cum
1001 2700 1416 2744 determinationibus
1454 2703 1493 2743 in
1532 2713 1621 2744 can.
1661 2700 1788 2756 1395,

166 2768 537 2828 prohibitionisque
570 2769 622 2814 ab
654 2769 821 2813 homine
854 2770 1090 2814 declaratur
1122 2773 1306 2814 extensio
1330 2784 1402 2828 pei·
1423 2783 1514 2814 can.
1538 2770 1664 2826 1396,
1689 2770 1789 2819 dum

167 2852 343 2896 sequens
380 2852 469 2883 000.
515 2840 626 2883 1397
662 2853 828 2884 normas
860 2841 984 2884 tradit
1026 2843 1135 2885 circa
1181 2840 1379 2885 librorum
1413 2841 1786 2885 denunciationem.
