1965 3240
332 176 415 211 Trr.
444 176 629 211 XXVIII.
654 197 666 201 -
692 177 749 211 De
774 178 883 212 bonis
908 177 1173 211 ecclesiasticis
1199 177 1534 213 ccclmmistramlis
1678 178 1747 213 527

127 300 369 353 potestatem
405 298 443 338 in
478 295 780 339 ecclesiasticas
814 308 878 338 res
911 308 1076 352 (pioque
1110 300 1339 349 extensam,
1372 310 1443 339 seu
1479 302 1539 339 es!
1567 297 1751 340 oninium

124 366 323 415 bonorum
356 365 748 422 eeclesias!thorema,
783 366 909 409 idest:
945 378 1120 422 quorum
1162 367 1435 410 «dominium
1470 367 1634 410 adeam
1664 382 1754 424 per-

124 439 225 481 tinet
258 437 456 480 moralem
492 450 726 493 personam,
763 449 870 494 quae
912 436 1058 480 eadein
1102 436 1206 480 bona
1253 437 1435 493 legitime
1479 441 1746 495 acquisivit»

122 514 231 565 (can.
256 508 378 559 1499,
396 508 424 566 ξ
444 508 498 562 ἓ),
519 508 722 551 adversus
740 509 994 564 antiquatam
1014 510 1320 551 canonistarum
1346 511 1608 563 sententiam,
1626 523 1749 566 (luam

124 581 312 622 meminit
346 578 495 622 Bened.
532 577 622 621 xlv
657 581 694 620 in
730 577 899 635 epistola
934 579 1039 620 infra
1073 578 1249 628 citanda,
1276 592 1508 636 sequentiae,
1533 593 1603 622 seu
1627 593 1751 636 supra

124 663 267 693 omnes
302 649 510 693 Praelatos
543 654 582 693 et
614 649 971 693 administratores
1003 651 1264 701 constitutus,
1288 662 1333 692 ac
1364 663 1435 706 pro
1470 655 1613 693 natura
1642 651 1754 694 illins

124 723 338 777 primatus,
372 722 494 763 etiam
531 720 796 763 immediatus
830 721 918 763 iure
950 718 991 776 a)
1025 718 1367 774 admim'slrator,
1400 723 1469 777 qui
1506 734 1582 763 non
1617 721 1749 764 solum

123 796 240 835 actus
274 790 437 834 illorum
471 790 664 847 supplere
697 804 744 833 ac
779 803 976 833 exercere
1011 795 1158 846 posset,
1195 789 1246 834 ab
1279 804 1410 848 eoque
1436 792 1652 835 inferiores
1685 792 1753 835 ad-

122 864 424 906 ministratores
457 874 536 919 qua
574 861 675 904 tales
708 863 874 903 oinnino
897 860 1146 917 dependent,
1174 874 1316 904 verum
1343 867 1381 903 el
1411 877 1430 901 ((
1455 867 1513 904 est
1539 878 1558 903 »
1587 875 1751 919 qnoque

124 932 167 990 b)
204 932 484 991 dispensator,
519 932 616 975 dum
653 932 787 975 tidelis
810 937 849 975 et
873 932 1054 989 prudens
1078 931 1291 975 distribuit
1314 933 1459 975 eadem
1487 932 1605 978 bona.
1633 939 1751 989 prout

123 1018 342 1061 supremus
375 1017 422 1047 ac
458 1006 648 1061 proprius
680 1003 891 1047 Ecclesiae
923 1004 1029 1057 linis,
1052 1004 1325 1046 sanctificatio
1349 1006 1583 1047 animarum
1609 1007 1750 1059 exigit,

123 1079 188 1120 cui
224 1076 290 1120 illa
333 1075 436 1120 bona
480 1074 738 1131 singulorum
787 1074 1068 1118 membrorum
1116 1078 1281 1131 propria
1326 1075 1503 1118 tinaliter
1535 1075 1752 1118 deservire

123 1147 289 1191 debent

240 1215 454 1275 Optimum
490 1221 659 1262 canonis
692 1220 1037 1262 commentarium
1073 1218 1190 1261 nobis
1212 1219 1447 1275 suppeditat
1485 1218 1632 1263 Bened.
1660 1218 1748 1261 xlv

122 1292 161 1333 in
204 1302 276 1333 sua
320 1290 491 1346 epistola
531 1289 675 1334 «Cum
711 1289 989 1346 encyclicas»
1021 1290 1032 1311 ¹
1068 1289 1233 1333 dicens:
1274 1289 1413 1344 «Nos,
1446 1302 1526 1347 qua
1563 1290 1744 1333 Pontifex

120 1362 357 1405 Summus...
394 1363 576 1417 supremi
610 1366 722 1404 certe
755 1361 923 1418 quidem
954 1374 1098 1404 sumus
1132 1361 1422 1417 temporalium
1449 1360 1650 1404 bonorum
1676 1361 1750 1405 Ec-

121 1431 271 1475 clesiae
304 1432 672 1488 dispensatores»,
723 1437 761 1474 et
808 1432 1027 1474 confirmat
1077 1431 1215 1475 verbis
1258 1431 1304 1473 D.
1337 1431 1518 1475 Thomae
1544 1433 1582 1475 ²:
1622 1447 1642 1473 ‹(
1667 1432 1746 1476 Res

120 1501 331 1545 Ecclesiae
363 1506 457 1545 sunt
492 1502 638 1558 Papae,
672 1507 715 1545 ut
747 1502 987 1558 principalis
1019 1502 1329 1558 dispensatoris,
1355 1515 1433 1545 non
1460 1507 1500 1545 ut
1525 1502 1680 1545 domini
1711 1508 1751 1546 et

121 1575 428 1629 possessoris».
465 1573 674 1630 Additque
707 1575 842 1616 statim
881 1573 1151 1617 Benedictus:
1182 1589 1203 1613 ((
1221 1586 1271 1616 ex
1296 1586 1376 1630 quo
1402 1587 1522 1629 porro
1546 1577 1751 1630 sequitur,

122 1648 164 1686 ut
197 1657 275 1687 non
310 1644 478 1701 quidem
527 1643 589 1687 vel
633 1644 683 1687 ad
728 1644 920 1687 ditandos
953 1646 1296 1699 consanguineos,
1335 1644 1395 1687 vel
1431 1658 1481 1687 ox
1516 1643 1748 1688 arbitrariis

118 1716 267 1765 causis,
303 1716 360 1757 tas
391 1716 471 1757 sint
505 1714 623 1758 nobis
656 1714 862 1758 Ecclesias
894 1717 979 1758 suis
1013 1715 1172 1758 nudare
1206 1714 1336 1769 bonis,
1355 1719 1395 1757 at
1428 1714 1525 1758 illud
1562 1716 1746 1773 quidem,

121 1790 163 1828 ut
195 1787 356 1842 quoties
391 1798 542 1841 urgens
575 1785 706 1828 subsit
740 1788 858 1840 ratio,
891 1786 1025 1843 qualis
1059 1785 1228 1829 indubie
1262 1791 1335 1841 est,
1378 1799 1596 1829 removere
1632 1799 1748 1843 prae-

115 1869 211 1899 sens
245 1855 436 1912 publicae
470 1856 718 1900 calamitatis
750 1856 990 1912 discrimen,
1025 1858 1189 1909 ostium,
1225 1862 1427 1914 quantum
1464 1859 1502 1899 in
1533 1857 1650 1900 nobis
1673 1862 1747 1913 est,

117 1926 357 1982 Apostasiae
392 1927 687 1981 intercludere,
719 1932 757 1970 et
791 1927 1088 1971 fluctuantibus
1113 1930 1263 1971 animis
1295 1928 1518 1971 conciliare
1552 1927 1749 1985 tranquil-

118 1996 288 2051 litatem,
322 1997 439 2041 nobis
473 1997 608 2053 liceat,
642 1998 751 2055 quod
786 2011 895 2049 nunc
920 1999 1107 2053 facimus,
1141 2000 1361 2054 imperare,
1388 2003 1430 2041 ut
1456 1998 1625 2054 probata
1651 1998 1744 2042 licet

118 2066 399 2111 Ecclesiarum
434 2070 521 2112 iura
555 2071 849 2125 conticescant,
885 2073 1010 2126 utque
1045 2069 1137 2112 illae
1172 2072 1297 2126 ipsae,
1332 2083 1405 2125 pro
1439 2069 1604 2126 publica
1639 2072 1750 2113 inco-

120 2137 305 2181 lumitate
337 2151 384 2182 ac
417 2138 630 2195 religionis
663 2140 897 2192 commodo,
928 2142 1180 2183 sacrificium
1226 2143 1343 2197 quasi
1382 2141 1533 2184 laciant
1575 2154 1744 2184 suorum

120 2207 336 2265 bonorum,
369 2222 476 2267 quae
501 2223 579 2253 nou
608 2211 834 2267 possident,
858 2215 897 2254 et
920 2223 1026 2268 quae
1050 2211 1204 2267 publici
1229 2211 1364 2255 luctus
1387 2215 1572 2267 tempore
1597 2211 1743 2254 iisdem

119 2280 282 2323 luerunt
303 2280 495 2337 adempta
515 2296 553 2323 ³).
579 2280 765 2338 Denique
789 2282 907 2325 affert
930 2281 1032 2326 haec
1055 2287 1254 2339 concepta
1282 2281 1421 2335 verba,
1442 2281 1594 2339 quibus
1618 2284 1746 2325 utitur

118 2348 335 2406 Fagnanus
358 2349 395 2395 3;
438 2367 457 2392 ((
480 2350 762 2395 Concurrente
798 2354 901 2395 iusta
936 2365 1074 2407 causa,
1110 2354 1364 2396 conveniunt
1397 2366 1540 2395 omnes
1563 2356 1644 2395 tam
1670 2351 1745 2395 Ca-

119 2422 317 2475 nonistae,
349 2434 473 2479 quam
517 2421 728 2479 Theologi,
770 2423 937 2479 Papam,
977 2425 1032 2466 uti
1077 2437 1318 2480 supremum
1363 2423 1743 2476 administratorem

117 2503 165 2534 ac
198 2491 525 2548 dispensatorem
560 2492 762 2537 bonorum
786 2493 1189 2549 Ecclesiasticomin,
1209 2507 1327 2550 posse
1352 2508 1416 2538 res
1440 2497 1507 2537 uni
1532 2494 1742 2537 Ecclesiae

118 2563 294 2617 auferre,
320 2568 359 2606 et
391 2564 490 2607 dare
523 2564 700 2608 alteri».

235 2631 432 2689 Obiicies,
467 2637 709 2691 praesertim
745 2641 934 2692 respectu
969 2636 1107 2680 habito
1141 2637 1190 2679 ad
1227 2650 1423 2692 personas
1448 2635 1624 2679 morales
1657 2635 1744 2679 col-

116 2704 284 2761 legiales
316 2706 354 2748 in
389 2704 586 2749 Ecclesia.
626 2704 695 2749 Vel
730 2705 832 2750 haec
867 2702 1044 2762 potestas
1075 2707 1248 2751 Romani
1285 2707 1492 2750 Pontiticis
1526 2711 1586 2749 est
1618 2707 1739 2749 sicuti

236 2836 246 2856 ²
273 2834 318 2867 24
344 2834 434 2868 Maii
463 2834 566 2878 1754,
596 2838 616 2877 ξ
640 2836 674 2868 4.
704 2856 748 2860 —
775 2836 788 2857 2
814 2836 848 2876 ⁶2,
873 2836 895 2868 2
921 2842 1074 2880 quaest.
1105 2836 1145 2879 C,
1175 2844 1248 2869 art.
1277 2836 1310 2877 1,
1338 2834 1388 2868 ad
1406 2835 1468 2868 ΤΠ).
1490 2854 1530 2858 ——
1552 2835 1566 2856 3
1593 2833 1638 2867 In
1657 2844 1740 2878 cap.

115 2881 373 2964 ἑέξῗίαξωὲἷο»
405 2893 513 2915 num.
541 2883 580 2915 21
612 2882 660 2916 ad
685 2883 730 2916 41
758 2887 797 2916 etz
823 2882 1030 2928 praecipue
1057 2895 1166 2917 num.
1196 2882 1241 2916 36
1275 2898 1287 2912 «
1306 2881 1363 2916 Ne
1398 2881 1530 2915 clerici
1566 2881 1628 2916 vel
1663 2892 1740 2914 mo-
