1965 3240
205 179 275 213 260
464 180 549 214 Lm.
577 181 647 215 ΠΙ.
675 201 687 207 -
714 182 824 216 PARS
849 182 916 216 IV.
946 202 956 208 -
984 183 1041 217 De
1066 185 1290 228 mayz'sfferio
1315 185 1567 219 ecclesiastico

205 298 333 342 dica-t:
368 298 586 352 Quomodo
620 299 932 357 praedicabunt,
966 303 1041 345 nisi
1068 302 1317 346 mittantur?
1348 316 1503 359 omues,
1529 306 1598 361 qui
1633 304 1825 360 prohibiti

206 369 269 412 vel
305 383 383 412 non
421 373 532 414 missi
567 376 731 428 praeter
763 374 1053 416 auctoritatem
1086 372 1137 416 ab
1169 372 1406 429 Apostolica
1446 374 1551 418 Sede
1586 374 1650 418 vel
1685 374 1825 419 catho-

203 440 279 484 lico
313 440 517 498 Episcopo
552 442 628 485 loci
662 442 911 499 susceptam,
955 443 1118 500 publice
1163 443 1226 486 vel
1263 446 1471 500 privatim,
1507 445 1829 502 praedicationis

201 512 383 555 officium
419 526 619 569 usurpare
653 516 1096 570 praesumpserint»...
1133 519 1211 558 etc.

319 582 408 626 Hoc
440 588 575 627 tamen
623 584 942 640 praedicationis
990 587 1263 628 ministerium
1298 586 1348 629 ad
1383 586 1570 629 ordinem
1606 592 1648 630 ut
1683 591 1743 630 est
1775 589 1828 630 os-

202 655 342 697 ticium
367 667 456 697 esse
474 653 784 697 attribuendum
821 655 985 698 videtur
1009 657 1174 711 probari
1200 669 1316 712 posse
1335 661 1374 699 et
1399 658 1540 700 inferri
1566 670 1614 700 ex
1640 657 1827 701 doctrina

202 724 389 781 Angelici
427 724 611 768 Doctoris
646 726 682 764 1:
722 739 924 769 «cum
972 729 1228 770 consecratio
1276 740 1382 784 quae
1416 728 1460 770 tit
1494 729 1532 770 iu
1576 728 1732 771 ordinis
1763 741 1824 772 sa·

201 800 428 850 eramento,
462 796 678 839 ordinetur
710 796 759 839 ad
793 802 1100 840 sacramentum
1134 797 1476 854 Euchai·istiae,...
1523 794 1590 841 ille
1623 803 1683 842 est
1717 801 1825 855 prin-

201 866 344 922 cipalis
377 870 493 910 actus
526 868 852 924 uniuscuiusque
886 867 1056 921 ordinis,
1080 869 1307 911 secundum
1334 882 1457 925 quem
1483 871 1614 925 magis
1637 871 1826 926 proxime

201 937 417 980 ordinatur
449 937 499 980 ad
534 937 821 982 Eucharistiae
863 943 1186 982 sacramentum.
1230 938 1280 982 Et
1323 940 1551 983 secundum
1592 939 1668 984 hoc
1702 943 1824 984 etiam

202 1021 307 1051 unus
340 1007 441 1051 ordo
475 1012 536 1051 est
568 1007 649 1051 alio
682 1011 944 1063 eminentior,
976 1009 1206 1052 secundum
1254 1010 1363 1067 quod
1408 1023 1514 1053 unus
1546 1015 1662 1054 actus
1696 1013 1827 1067 magis

201 1079 251 1121 de
285 1080 474 1134 proximo
518 1078 567 1122 ad
616 1079 874 1135 praedictum
920 1085 1230 1122 sacramentum
1265 1080 1492 1123 ordinatur.
1531 1081 1609 1124 Sed
1648 1083 1743 1138 quia
1777 1081 1825 1124 ad

199 1148 484 1192 Eucharistiae
517 1154 841 1203 sacramentum,
884 1152 1000 1207 quasi
1045 1150 1350 1207 dignissimum,
1393 1151 1518 1194 multa
1558 1151 1824 1195 ordinantur:

200 1219 292 1263 ideo
326 1233 405 1262 non
440 1225 500 1263 est
532 1222 831 1264 inconveniens
881 1226 923 1264 ut
972 1226 1135 1277 praeter
1185 1221 1454 1278 principalem
1503 1226 1657 1276 actum,
1702 1224 1824 1265 ctiam

201 1290 351 1333 multos
383 1295 499 1334 actus
536 1304 642 1334 unus
674 1291 776 1335 ordo
819 1291 981 1344 habeat,
1026 1296 1063 1335 et
1109 1296 1220 1335 tanto
1255 1291 1406 1348 plures,
1446 1297 1598 1349 quanto
1631 1298 1694 1336 est
1726 1294 1826 1336 emi-

200 1363 373 1413 nentior,
408 1363 504 1419 quia
528 1364 659 1405 virtus
682 1367 835 1420 quanto
859 1367 919 1405 est
943 1365 1145 1419 superior,
1171 1367 1283 1406 tanto
1306 1363 1356 1406 ad
1383 1362 1498 1419 plura
1521 1376 1564 1406 se
1583 1363 1824 1406 extendit».
1890 1368 1897 1374 ·

317 1431 442 1475 Porro
495 1448 515 1473 ((
548 1433 736 1476 doctrina
787 1438 847 1476 est
897 1438 1053 1477 remota
1101 1435 1362 1490 praeparatio
1415 1434 1465 1477 ad
1515 1438 1823 1477 sacramentum

198 1503 523 1559 suscipiendum,
561 1508 600 1547 et
634 1503 725 1547 ideo
774 1504 1049 1560 (praedicatio
1097 1504 1317 1558 sacerdoti,
1365 1503 1488 1561 sicut)
1538 1506 1825 1561 pronunciatio

199 1573 412 1616 doctrinae
448 1576 646 1617 ministris
678 1577 1013 1618 committitur».

317 1645 519 1688 Sacerdos
552 1650 592 1688 et
625 1645 839 1700 diaconus,
877 1650 1119 1702 «quantum
1156 1645 1204 1688 ad
1239 1645 1507 1689 secundarios
1540 1646 1828 1702 actusdepen-

198 1715 295 1758 dent
327 1717 436 1759 circa
471 1729 613 1759 eorum
649 1720 869 1772 potestates
914 1716 965 1760 ab
1014 1716 1151 1773 aliqua
1200 1718 1402 1772 superiori
1453 1721 1650 1770 potestate
1684 1720 1723 1758 et
1755 1715 1826 1758 hu-

197 1799 333 1831 mana.
369 1784 516 1831 Omnis
549 1789 657 1830 enim
695 1792 874 1842 potestas
907 1799 1014 1844 quac
1046 1800 1126 1829 non
1177 1791 1309 1843 potest
1342 1788 1457 1829 exire
1490 1788 1528 1829 in
1562 1790 1715 1841 actum,
1749 1788 1825 1829 nisi

196 1859 521 1914 praesuppositis
555 1857 803 1915 quibusdam
839 1857 1181 1905 ordinationibus,
1204 1857 1410 1913 dependet
1438 1856 1490 1900 al)
1522 1856 1591 1900 illa
1625 1860 1823 1913 potestate

197 1941 303 1985 quae
337 1928 426 1972 illas
459 1929 744 1972 ordinationes
762 1929 858 1972 facit
880 1945 920 1970 )>.
945 1928 994 1972 Et
1018 1928 1255 1972 huiusmodi
1280 1933 1340 1971 est
1364 1929 1638 1971 ministerium
1663 1927 1824 1984 praedi-

196 2001 371 2042 cationis
407 2004 575 2056 propter
608 2001 737 2056 ipsius
771 2001 1084 2042 institutionem.

321 2085 340 2109 c(
364 2069 475 2113 Haec
524 2072 650 2126 igitur
698 2071 831 2127 prima
875 2069 939 2113 lex
988 2071 1210 2120 sanciatur,
1245 2074 1289 2112 ut
1322 2082 1472 2112 munus
1505 2069 1824 2126 praedicationis

196 2152 268 2183 sua
302 2145 451 2196 sponte
485 2142 697 2196 suscipere
732 2140 853 2184 liceat
886 2142 1061 2189 nemini;
1085 2140 1155 2184 sed
1181 2140 1230 2184 ad
1252 2139 1351 2183 illud
1376 2139 1667 2197 exequendum
1693 2141 1828 2183 cuivis

195 2224 298 2267 opus
330 2213 382 2254 sit
412 2213 605 2254 missione
640 2210 837 2267 legitima,
870 2224 990 2269 quae,
1023 2213 1099 2254 nisi
1133 2210 1184 2254 ab
1209 2210 1426 2267 Episcop0‚
1452 2210 1542 2253 dari
1567 2223 1646 2253 non
1672 2213 1822 2266 potest:

197 2281 415 2336 Quomodo
460 2280 772 2338 praedicabunt,
807 2283 881 2324 nisi
925 2281 1232 2324 inittantu1·‘?)›.
1266 2280 1383 2335 Quae
1416 2282 1635 2324 confirmat
1676 2279 1825 2323 Bened.

197 2352 305 2409 Papa
340 2351 411 2395 XV
446 2354 691 2395 testimoniis
725 2352 762 2396 S.
797 2352 1035 2409 Scripturae
1069 2354 1108 2395 in
1142 2356 1272 2396 const.
1311 2350 1531 2395 «Humani
1569 2353 1733 2407 generis
1751 2349 1825 2394 Re-

199 2423 479 2479 demptionem
506 2438 526 2463 »
556 2423 583 2465 2.

318 2493 416 2536 ⁶217.
453 2495 684 2539 Potestas
726 2495 875 2539 dandi
918 2496 1198 2539 missionem
1241 2495 1305 2538 ad
1344 2494 1744 2550 praedicandum.
1778 2492 1820 2535 In

195 2566 355 2607 normis
388 2565 426 2607 S.
461 2562 610 2620 Congr.
635 2563 824 2608 Consist.S
844 2566 1121 2620 praemittitur
1139 2563 1215 2607 sub
1235 2566 1291 2606 n.O
1317 2563 1356 2607 3.
1407 2579 1425 2604 t(
1453 2563 1638 2618 Parochi,
1663 2565 1702 2605 vi
1727 2565 1824 2606 mis-

193 2637 320 2677 sionis
355 2634 521 2678 habitae
556 2637 594 2677 in
629 2648 772 2677 eorum
811 2634 1027 2688 electione,
1051 2637 1156 2677 sicut
1180 2634 1229 2677 ad
1255 2635 1534 2678 confessiones
1558 2633 1827 2689 excipiendas

194 2704 480 2753 habilitantur,
515 2707 568 2747 ita
601 2706 725 2747 etiam
759 2704 953 2747 facultate
975 2704 1247 2748 concionandi
1273 2703 1468 2760 gaudent,
1507 2702 1621 2746 salva
1655 2703 1822 2760 quidem

196 2775 285 2831 lege
326 2775 574 2818 residentiae
606 2774 817 2832 salvisque
850 2774 1156 2818 conditionibus
1179 2776 1342 2827 ceteris,
1365 2786 1467 2830 quas
1489 2770 1737 2817 Ordinarius
1762 2786 1826 2815 ne-

194 2927 259 2962 CO
302 2880 485 2962 {Xsuffi}
516 2891 551 2925 q.
581 2880 946 2922 XXXV[1‚a.4et
964 2892 999 2925 q.
1029 2880 1096 2914 XL
1121 2884 1209 2914 ares
1236 2880 1257 2912 4
1284 2884 1325 2913 et
1351 2880 1384 2913 5.
1415 2898 1457 2904 -
1484 2880 1497 2900 2
1526 2879 1568 2912 15
1594 2878 1681 2912 Iun.
1711 2878 1815 2921 1917,

266 2955 272 2961 ·
367 2954 373 2971 ‚
479 2956 486 2964 .
