1965 3240
146 168 191 202 58
380 166 464 199 LIB.
491 165 563 199 ΠΙ.
594 184 604 190 -
633 165 742 199 PARS
767 164 819 198 ΙΙ.
848 184 860 190 -
886 164 943 199 De
969 165 1061 199 locis
1086 167 1120 198 et
1146 164 1381 208 temporibus
1406 167 1529 199 saeris

265 283 423 336 Quibus
455 282 592 326 dubiis
622 282 755 327 Emi...
789 281 1071 326 Cardinales...
1113 282 1436 338 responderunt:
1480 282 1682 338 Negative
1714 283 1764 326 ad

148 360 370 411 utrumque
395 369 432 394 )).

263 424 371 468 Nihil
416 424 526 467 aliud
572 429 734 481 praeter
776 423 921 466 Missae
965 422 1286 466 celebrationem
1326 424 1567 467 conceditur
1600 437 1649 467 ex
1693 423 1767 467 hu-

147 496 322 539 iusmodi
358 495 529 549 indulto,
562 497 619 538 sic
653 496 761 537 enim
796 493 963 550 explicit
995 493 1023 551 ξ
1058 493 1100 536 1:
1135 492 1207 535 secl
1239 493 1354 536 aliae
1383 493 1620 552 fmzetiones
1644 494 1767 537 ecele-

147 566 359 616 siaslieae,
408 566 620 609 videlicet:
670 578 774 622 quae
808 564 859 608 ob
893 577 1052 607 sacram
1105 563 1311 607 Ecclesiae
1360 564 1567 621 liturgiam
1612 578 1683 608 seu
1717 565 1768 608 ‹le

146 636 256 680 cultu
307 637 449 679 divino
499 636 797 692 legislationem
847 640 939 677 sunt
990 633 1263 678 celebrandae
1313 637 1351 677 in
1402 635 1504 690 loco,
1538 638 1607 693 qui
1641 635 1769 679 cultui

148 708 358 764 praedicto
391 709 443 750 sit
475 707 708 763 deputatus,
743 705 893 748 ibidem.
927 705 1106 748 scilicet:
1147 721 1165 746 «
1194 707 1231 748 in
1266 708 1456 749 oratoriis
1489 706 1764 749 domesticis»

147 778 400 836 quibuslibet
433 792 482 820 oze
520 778 636 833 fimet.
686 776 867 820 Velitum
918 790 990 832 per
1022 789 1064 819 se
1107 788 1249 832 grave,
1301 776 1524 819 admittens
1572 779 1770 820 materiae

148 851 393 906 partitatem
428 862 477 892 ex
512 849 719 891 functione
753 860 799 891 ac
834 849 1062 890 iterationis
1095 847 1260 890 defectu
1295 847 1572 892 iudicandam.

264 919 323 963 Ex
358 919 559 962 solutione
591 919 640 962 ad
678 917 854 962 Dubium
890 917 922 960 ll
959 920 996 960 iu
1031 916 1209 960 Meliten.
1239 929 1316 974 per
1350 921 1389 962 S.
1424 917 1572 974 Congr.
1607 918 1657 962 de
1700 919 1770 962 Sa-

148 992 370 1034 cramentis
405 992 415 1012 ¹
451 991 695 1046 desumptus
729 994 787 1032 est
821 989 870 1032 ad
909 988 1081 1032 vei-bum
1118 991 1141 1042 g
1176 988 1214 1042 ⁶2,
1248 988 1347 1031 dum
1379 988 1528 1031 solutio
1562 989 1611 1032 ad
1647 989 1659 1031 l
1694 988 1771 1032 Du-

149 1061 261 1105 bium
310 1065 540 1117 opportune
588 1061 672 1102 suit·
712 1059 837 1103 relata
877 1061 915 1101 in
961 1072 1051 1102 can.
1087 1059 1186 1114 8⁶29,
1220 1059 1248 1117 ξ
1282 1060 1321 1113 4,
1353 1059 1518 1117 quando
1552 1064 1771 1103 tractatum

148 1137 207 1175 est
239 1131 290 1175 de
324 1131 412 1175 loco
446 1130 590 1173 Missae
624 1129 911 1173 celebrandae.
951 1128 1211 1172 Ordinarius
1233 1130 1327 1185 (loci
1352 1143 1402 1173 ex
1425 1129 1638 1186 contextu)
1663 1143 1770 1185 vero,

149 1202 274 1246 idest:
309 1215 388 1244 non
423 1200 611 1244 obstante
645 1214 787 1243 norma
822 1202 846 1254 »ἓ
884 1200 934 1253 1³,
968 1199 1188 1244 (leenzmodo
1221 1199 1261 1257 a)
1297 1200 1436 1243 iustae
1483 1214 1555 1244 seu
1603 1214 1770 1257 propor-

148 1276 326 1316 tionatae
360 1271 502 1314 adsim
536 1277 574 1313 et
605 1270 886 1314 rationabiles
920 1270 995 1314 hoc
1031 1276 1088 1314 est
1122 1273 1268 1314 rationi
1305 1273 1471 1314 innixae
1505 1285 1669 1326 causae,
1693 1284 1772 1314 non

152 1356 223 1399 pro
256 1342 427 1385 arbitrio
465 1342 525 1384 vel
561 1341 613 1384 ob
646 1341 867 1385 cuiuslibet
901 1342 1108 1395 allectum,
1147 1341 1188 1398 b)
1223 1341 1414 1384 diversae
1447 1340 1579 1384 abeis
1602 1340 1648 1384 ob
1671 1355 1774 1399 quas

146 1412 357 1456 iucl'ullmn
391 1425 485 1455 cum
519 1412 680 1455 dierum
715 1411 959 1455 limitatione
1003 1412 1240 1468 supradicta
1275 1426 1509 1455 concessum
1542 1411 1639 1470 fecit„
1674 1411 1775 1455 alias

147 1486 255 1527 enim
290 1480 538 1527 Ordinarlus
571 1488 714 1525 contra
747 1482 865 1526 Sedis
887 1482 1150 1538 Apostolicae
1176 1487 1355 1526 mentem
1380 1483 1597 1526 evidenter
1619 1487 1773 1539 ageret,

146 1554 273 1597 elium
307 1553 647 1596 sollenmiovabezs
681 1552 840 1605 diebus,
873 1553 1039 1610 quando
1074 1567 1124 1596 ex
1159 1553 1317 1596 indulto
1365 1566 1443 1595 non
1486 1553 1626 1597 liceret
1661 1556 1775 1597 iuxta

149 1625 295 1667 horum
329 1624 652 1667 declarationem
689 1627 726 1666 in
751 1625 793 1677 ἕο
819 1623 862 1667 1⁰
886 1624 1040 1678 datam,
1059 1616 1305 1680 permittere
1326 1629 1475 1681 potest,
1501 1623 1595 1667 hinc
1634 1640 1654 1665 ((
1673 1624 1774 1668 haec

150 1700 327 1752 potestas
360 1695 496 1737 eidem
530 1699 589 1737 est
623 1694 818 1750 explicite
852 1707 1046 1738 concessa
1074 1710 1093 1735 ³>
1133 1694 1243 1751 (can.
1278 1694 1366 1751 81),
1398 1695 1468 1737 sed
1502 1708 1579 1752 per
1610 1694 1774 1737 modum

147 1771 266 1808 aelus
301 1779 372 1821 pro
407 1777 486 1807 uno
520 1769 679 1807 tantum
719 1764 781 1807 vel
816 1764 945 1807 altero
979 1765 1060 1819 die,
1094 1770 1216 1821 atque
1252 1767 1372 1808 unius
1403 1764 1561 1808 Missae
1594 1764 1773 1807 celebra-

148 1836 323 1883 tionem
365 1851 383 1875 «
408 1836 669 1891 servatisque
702 1835 752 1878 de
787 1837 874 1878 iure
908 1835 1189 1889 servandis»,
1235 1837 1341 1878 sicut
1378 1835 1545 1878 additur
1577 1837 1616 1878 in
1650 1848 1775 1892 supra

147 1907 256 1950 dicta
289 1905 492 1949 solutione
525 1905 676 1948 Sacrae
709 1904 1065 1961 Congregationis.

266 1977 335 2020 49.
373 1978 446 2021 De
479 1978 806 2022 oratoriorum
840 1978 1196 2022 benedictione.
1221 1973 1413 2020 Oratoria
1441 1975 1604 2032 publica
1643 1993 1662 2018 «
1688 1980 1775 2020 iure

146 2061 228 2105 quo
272 2046 472 2090 ecclesiae
521 2050 765 2102 reguntur»
820 2045 927 2103 (can.
974 2046 1099 2099 1191,
1132 2046 1161 2103 ξ
1196 2046 1236 2103 1)
1287 2035 1421 2104 quoad
1471 2046 1774 2091 dedicationem

153 2133 172 2157 ((
196 2118 338 2160 (livino
373 2116 501 2159 cultui
540 2116 601 2159 vel
635 2116 822 2159 sollemni
848 2119 1160 2160 consecratione
1189 2117 1250 2159 vel
1275 2116 1418 2160 saltem
1445 2116 1769 2161 benedictione»

152 2188 259 2244 (can.
296 2187 408 2229 1165
442 2189 466 2240 ξ
502 2186 557 2243 1),
591 2189 696 2230 sicut
728 2186 831 2229 Dec⁰
865 2187 1050 2242 generali
1083 2187 1124 2229 S.
1160 2186 1206 2230 R.
1240 2185 1283 2231 C.
1317 2186 1332 2208 ²
1366 2189 1521 2230 iussum
1546 2189 1690 2232 fuerat.
1715 2187 1775 2232 Ex

148 2259 293 2301 eodem
328 2256 423 2300 Dec.
445 2262 634 2313 sumptus
668 2262 727 2300 est
764 2272 854 2300 can.
888 2260 1015 2307 1196,
1049 2257 1077 2316 ἓ
1112 2258 1147 2300 1.
1188 2257 1391 2300 Oratoria
1430 2257 1671 2315 domestica,
1705 2272 1776 2303 seu

153 2344 173 2369 «
199 2331 359 2384 privata
383 2343 402 2368 >³
442 2340 746 2384 quaecumque,
780 2327 820 2385 a)
856 2342 929 2370 nee
961 2328 1201 2371 consecrari
1234 2328 1276 2386 b)
1303 2342 1377 2371 nee
1400 2328 1587 2372 benedici
1600 2335 1778 2387 possunt

150 2400 258 2442 licite
309 2412 420 2441 more
469 2398 767 2444 ecclesiarium,-
815 2403 932 2454 prout
981 2401 1020 2442 S.
1055 2397 1202 2454 Congr.
1255 2400 1468 2442 mandavit
1516 2399 1592 2444 sub
1624 2413 1661 2443 n.
1700 2399 1773 2455 Vl3

153 2485 173 2509 «
197 2469 266 2512 sed
302 2482 347 2512 ea
383 2474 539 2512 tantum
578 2469 753 2512 formula
787 2468 1098 2517 benedicantur,
1121 2483 1239 2524 rquae
1291 2484 1363 2526 pro
1407 2471 1528 2513 domo
1567 2483 1674 2514 nova
1707 2475 1777 2514 aut

151 2539 238 2582 loco
273 2542 309 2581 in
345 2540 491 2583 eodem
527 2539 678 2582 Rituali
713 2538 888 2582 liabetur
911 2555 951 2594 J),
984 2543 1023 2581 et
1055 2552 1161 2596 quae
1195 2545 1255 2583 est
1280 2543 1518 2584 invocativa
1545 2546 1716 2585 tantum.

265 2609 347 2652 Nec
395 2610 486 2652 talis
538 2609 770 2652 benedictio
819 2608 995 2663 iubetur,
1047 2623 1139 2653 nain
1189 2613 1242 2653 ait
1290 2613 1318 2669 ς’
1360 2612 1394 2654 2.
1432 2611 1551 2654 Licet
1584 2611 1776 2655 oratoria

148 2678 190 2735 a)
224 2678 449 2721 domestica
486 2679 527 2736 b)
561 2684 598 2721 el
632 2678 924 2735 semi-publiea
959 2680 1166 2722 communi
1199 2680 1386 2724 locorum
1420 2681 1699 2736 domormnce,
1734 2686 1777 2725 ut

148 2762 287 2805 supra,
320 2748 618 2803 benedictione,
654 2762 759 2807 quae
792 2750 983 2793 suilicere
1018 2750 1216 2806 implicite
1250 2755 1460 2807 asseritur,
1499 2752 1568 2795 sed
1604 2765 1682 2794 non
1716 2752 1777 2798 est.

256 2902 266 2923 1
293 2902 338 2934 22
366 2901 482 2936 Mart.
515 2902 619 2936 1915.
650 2902 726 2937 CO.
755 2903 841 2941 VH,
872 2902 953 2936 147.
983 2923 1028 2927 —
1053 2903 1067 2924 '2
1093 2904 1113 2936 5
1140 2903 1228 2936 Iun.
1260 2903 1363 2947 1899,
1392 2903 1443 2948 ΙΙ,
1472 2914 1510 2937 n.
1539 2903 1644 2937 4025.
