1965 3240
240 181 322 215 ΤιΤ.
350 180 495 215 XXVI.
523 201 534 205 -
562 179 618 214 De
643 180 737 214 aliis
765 179 960 212 institutis
985 178 1254 211 ecclesias-{icis
1282 187 1359 209 noa
1385 176 1513 219 colley.
1624 177 1693 209 465

182 299 279 344 398.
314 301 496 345 Horum
530 300 859 344 institutorum
894 297 1044 347 notio,
1071 296 1374 351 approbatio
1408 298 1457 340 et
1490 296 1694 339 admini-

62 373 252 418 stratio.
288 368 389 413 Can.
415 371 546 411 1480.
581 368 610 426 3³
645 370 678 410 l.
707 364 951 424 Ilospitalia
977 366 1151 407 intirmis
1175 364 1385 417 curandis,
1409 362 1690 421 orphanotro-

58 440 161 498 pliia
197 454 269 497 pro
301 441 600 483 sustentatione
634 451 682 482 36
715 438 960 481 educatione
993 435 1289 491 orphanorum,
1324 434 1496 492 aliaque
1528 434 1690 477 similia

61 512 113 556 ob
146 524 288 555 eorum
323 510 635 567 dispositionem
678 508 892 561 instituta,
925 519 997 550 seu
1033 509 1070 548 in
1108 506 1320 549 hominum
1365 508 1560 549 societate
1595 520 1690 548 con-

60 583 159 636 dita,
193 583 375 625 fortassis
409 594 482 637 per
516 582 700 636 privatas
739 590 947 636 personas,
981 576 1036 619 ad
1068 590 1196 634 opera
1228 576 1451 633 relissionis
1487 575 1547 619 rel
1580 576 1689 619 eari-

61 653 163 696 tata's
195 652 281 695 sive
312 650 574 709 spiritualis,
611 652 666 693 uti
710 649 889 704 scholae,
922 647 1008 690 sive
1042 646 1302 704 temporalis,
1340 661 1375 688 v.
1411 661 1470 703 gr.
1507 647 1556 690 ad
1582 646 1691 690 colli-

60 724 216 781 gendos
249 727 288 766 et
322 722 526 765 fovendos
568 734 688 764 senes
722 733 769 764 ac
804 718 1021 775 invalidos,
1055 717 1284 773 destinata,
1316 721 1492 775 possunt
1531 717 1580 759 ab
1618 718 1691 759 01·-

59 794 230 837 dinario
262 793 343 837 loci
377 792 485 850 (6311.
526 792 621 846 198,
653 792 681 849 ξ
716 790 759 848 ’12)
793 792 916 834 6113111
952 788 1116 832 Vicario
1159 788 1342 845 generali
1387 792 1425 831 et
1463 788 1688 844 Capitulari

58 865 167 923 eriyi
199 865 250 908 de
283 877 408 916 novo,
439 869 478 905 et
519 865 687 919 insuper
736 867 803 904 aut
848 860 900 905 ab
942 860 1033 903 aliis
1080 873 1246 917 quoque
1294 863 1430 902 erecta
1477 872 1555 916 per
1601 859 1691 901 eius

63 952 85 977 «
107 933 318 981 Ordinarii
342 950 364 975 »
403 933 574 977 formale
608 932 816 976 dem-etum
852 932 901 975 ad
937 931 1014 974 hoc
1058 932 1338 974 necessarium
1372 943 1554 987 persona
1590 930 1690 973 iuri-

58 1006 153 1050 diea
185 1019 257 1050 seu
295 1004 556 1048 «moralis»
599 1004 709 1061 (can.
751 1003 846 1055 100,
880 1005 904 1056 ἓ
945 1001 997 1058 l),
1035 1006 1074 1044 ut
1111 1006 1219 1058 patet
1255 1014 1332 1043 non
1358 1000 1602 1056 collegialis,
1647 1001 1686 1043 in

58 1077 247 1122 Ecclesia
283 1079 338 1120 uti
374 1078 572 1119 societate
607 1078 785 1132 perlecta
810 1073 862 1118 ob
885 1074 978 1116 finis
1000 1074 1315 1129 congruentiam
1352 1071 1565 1115 constitui.
1595 1072 1690 1115 Ani-

60 1148 347 1192 madvertatur
382 1160 461 1189 non
497 1160 600 1203 opus
634 1159 723 1189 esse
757 1148 858 1199 iure,
895 1149 935 1187 ut
970 1146 1107 1187 omnia
1141 1143 1377 1186 huiusmodi
1424 1145 1605 1187 instituta
1650 1146 1687 1185 in

57 1233 276 1276 personam
313 1218 512 1262 moralem
547 1220 863 1261 constituantur.

179 1289 239 1333 Ex
273 1290 638 1333 animadversione
672 1287 1000 1344 deprehenditur
1042 1290 1236 1329 accurate
1273 1299 1419 1329 sensus
1452 1286 1480 1343 ξ
1511 1288 1554 1328 2.
1590 1284 1689 1329 Loci

61 1360 323 1405 Ordinarius
358 1361 467 1418 (can.
505 1361 600 1403 198.
634 1359 661 1416 ξ
696 1358 739 1416 2)
765 1358 866 1401 haee
898 1358 1095 1401 instituta
1131 1357 1339 1400 declarata
1373 1356 1450 1401 3111)
1481 1356 1528 1414 §⁰
1564 1356 1605 1399 10
1640 1371 1689 1399 ne

56 1432 272 1489 approbet,
308 1432 437 1475 multo
488 1434 624 1474 minus
668 1433 707 1473 in
752 1442 969 1486 personam
1020 1428 1237 1472 iuridicam
1287 1429 1522 1475 constituat,
1557 1432 1595 1470 et
1628 1430 1687 1471 316

55 1503 266 1547 Ecclesiae
299 1503 433 1546 aliena
469 1506 724 1553 remaneant,
758 1501 844 1543 nisi
876 1500 916 1558 a)
951 1500 1046 1557 sinis
1079 1499 1362 1557 fundationis,
1387 1512 1458 1542 seu
1499 1499 1685 1555 erigendi

55 1577 238 1617 erective
283 1576 472 1625 instituti,
498 1573 618 1616 utilis
663 1586 811 1631 reapse
843 1572 899 1615 sit
932 1571 1138 1626 111161111113,
1175 1570 1217 1628 1))
1250 1576 1289 1613 et
1325 1569 1424 1613 talis
1457 1570 1687 1612 constituta

52 1644 187 1702 fuerit
219 1644 308 1696 dos,
346 1645 409 1688 vel
445 1656 607 1688 summa
644 1646 843 1700 pecuniae
878 1648 947 1687 aut
980 1641 1256 1686 immobilium
1295 1656 1365 1697 pro
1401 1643 1486 1697 ipso
1520 1641 1684 1695 tradita,

53 1729 174 1773 (sicae,
207 1714 396 1758 ominibus
431 1715 524 1769 loci,
558 1720 792 1771 temporum
837 1727 885 1758 36
928 1716 1041 1770 scopi
1090 1714 1413 1756 circumstantiis
1453 1712 1685 1769 perpensis,

53 1784 232 1843 sufficiat
254 1785 390 1842 quoad
426 1787 514 1828 eius
549 1785 706 1828 reditus
740 1798 812 1840 pro
836 1797 960 1839 nunc,
984 1783 1047 1826 vel
1071 1782 1276 1840 sufficiens
1309 1782 1402 1839 fore
1435 1785 1473 1824 in
1500 1784 1686 1838 proxime

53 1857 236 1900 futurum
270 1861 433 1913 tempus
462 1855 694 1914 prudenter
725 1868 798 1898 seu
832 1868 926 1898 611111
962 1854 1131 1898 fundata
1170 1867 1242 1910 spe
1282 1853 1588 1911 praevideatur
1631 1853 1686 1895 ad

55 1926 175 1970 illum
208 1928 331 1970 tinem
369 1925 689 1984 assequendum.

171 1997 198 2054 ξ
228 1999 271 2040 3.
306 1996 465 2040 Horum
499 1997 762 2040 diversorum
800 1996 1090 2040 institutorum
1113 1995 1152 2052 ξ
1182 1995 1215 2037 1ἰ
1240 1994 1547 2037 (alininistrare
1578 1993 1685 2037 bona

54 2069 161 2113 dotis
193 2070 364 2125 eiusque
398 2069 606 2111 fructuum
640 2081 713 2125 pro
738 2069 830 2111 111113
853 2069 1145 2111 consecutione
1177 2066 1244 2108 sui
1277 2065 1478 2123 cuiusque
1511 2067 1683 2109 instituti

54 2138 232 2182 rectoris
264 2143 326 2181 est
350 2140 412 2182 ius
444 2143 483 2182 et
517 2139 714 2192 officium,
743 2154 763 2178 <c
787 2151 1052 2196 quocumque
1077 2138 1143 2180 ille
1169 2139 1334 2179 nomine
1367 2141 1586 2180 censeatur
1609 2153 1630 2177 »
1655 2136 1701 2190 ¹„

56 2209 240 2267 illudque
284 2211 420 2253 tacere
463 2208 585 2253 debet
625 2222 672 2252 36
716 2208 873 2252 obtinet
905 2208 1127 2251 seeundum
1165 2221 1334 2251 normas
1371 2220 1442 2250 seu
1487 2207 1684 2250 articulos

54 2279 322 2336 obligatorias
356 2278 526 2322 tabulae
556 2292 628 2322 seu
673 2281 933 2322 instrumenti
967 2277 1250 2336 fundationis,
1285 2290 1364 2334 qua
1404 2282 1587 2320 erectum
1623 2282 1683 2319 est

55 2351 285 2393 institutum
319 2348 703 2407 approbationeque
735 2349 879 2392 saltem
916 2351 1119 2392 munitum
1150 2348 1453 2401 ecclesiastica,
1490 2346 1557 2390 liic
1591 2361 1683 2390 rero

54 2425 190 2464 rector
212 2419 360 2463 iisdem
383 2419 711 2477 obliyationibus
730 2422 900 2476 insuper
924 2421 1024 2463 iuris
1047 2421 1234 2463 canonici
1256 2424 1434 2472 tenetur,
1455 2417 1684 2475 iisdemque

55 2491 216 2534 imibus
249 2505 299 2535 ex
334 2490 402 2534 illo
434 2490 616 2548 fruitur,
649 2490 796 2548 qicibus
839 2490 1212 2534 administratores
1255 2489 1436 2532 (diorum
1481 2488 1681 2531 botrorum

53 2561 445 2616 ecelesiasticorum,
481 2574 631 2618 nempe
663 2561 893 2605 secundum
929 2574 1095 2604 normas
1131 2561 1260 2603 Partis
1291 2561 1502 2617 sequentis
1535 2561 1572 2601 in
1604 2558 1681 2601 lioc

54 2632 188 2678 Libro.

172 2704 269 2747 399.
302 2704 560 2750 Servanda
597 2707 645 2749 in
689 2706 938 2751 erectione
980 2709 1167 2748 recenset
1211 2717 1301 2745 can.
1335 2704 1466 2744 14110.
1501 2701 1528 2759 g
1564 2704 1596 2743 1.
1634 2699 1677 2743 ln

0 2829 25 2843 ss
54 2774 208 2818 tabulis
241 2774 369 2818 idest:
404 2776 621 2831 scripturis
651 2773 933 2832 fundationis,
968 2788 1038 2818 seu
1083 2775 1304 2818 erectionis
1329 2774 1500 2815 instituti
1545 2771 1679 2815 cccle-

171 2929 181 2950 1
209 2927 326 2962 Cone.
355 2927 460 2964 Trid.
487 2927 589 2961 Sess.
619 2927 706 2971 VII,
734 2938 816 2971 cap.
847 2928 905 2971 15,
933 2927 978 2961 de
1005 2927 1092 2962 Res.
