1965 3240
155 81 224 115 386
286 81 368 114 Lm.
395 80 467 114 ΙΙΙ.
496 100 509 105 -
535 80 645 114 PARS
670 79 716 113 V.
745 100 757 104 -
784 80 841 114 De
865 79 987 122 benef.
1015 82 1050 114 et
1076 82 1201 114 instit.
1229 80 1355 113 eccles.
1383 90 1464 114 non
1489 58 1619 123 colleq.

160 199 216 243 ad
246 199 462 245 ecelesiam
504 197 567 242 vel
607 198 921 254 monasterium,
964 201 1082 242 cuius
1113 197 1279 241 utilitati
1311 202 1428 241 erant
1460 197 1663 253 destinati,
1709 212 1780 241 re-

164 276 394 314 vertantur.

280 341 377 385 308.
414 343 672 388 Restrictio
710 343 926 387 eiusdem
964 342 1101 386 vocis
1134 339 1310 382 traditur
1343 341 1382 382 in
1416 353 1506 382 can.
1544 340 1676 394 1413,
1709 340 1779 384 sed

163 414 201 454 in
236 414 259 466 ἓ
293 414 314 454 1
347 410 424 455 sub
455 411 744 455 distinctione:
770 410 880 455 'Nisi
912 409 1033 453 alind
1074 415 1188 453 certo
1232 414 1440 467 appareat
1481 423 1531 453 ex
1574 414 1786 464 contextu,

162 495 340 525 canones
373 481 446 539 qni
478 486 723 539 sequnntur,
757 494 907 537 nempe
945 480 1021 524 sub
1060 480 1137 523 hoc
1170 479 1303 523 Titulo
1348 479 1413 523 vel
1457 482 1659 536 posterius
1691 493 1785 524 cum

161 553 360 597 relatione
402 553 452 596 ad
498 554 647 609 ipsum,
686 551 736 595 de
778 551 985 608 benefieiis
1030 556 1193 593 tannem
1225 550 1266 607 a)
1299 564 1381 594 non
1424 550 1788 594 consistorialibus

161 623 382 668 declaratis
415 625 454 666 111
485 636 586 679 63111.-
611 623 738 677 1411,
773 621 830 678 10,
865 621 907 678 b)
939 621 1113 679 proprie
1144 620 1282 675 diem,
1317 621 1573 679 proindeque
1609 621 1789 665 exclusis

161 707 268 752 quae
300 693 377 738 sub
409 707 500 738 can.
537 694 649 737 1412
695 697 976 748 recensentur,
1011 691 1197 749 intelliyi
1236 690 1394 734 debent.
1429 691 1487 735 De
1525 693 1787 735 consistoria-

163 765 269 809 libus
299 778 449 822 nempe
482 767 619 821 agitur
652 767 690 807 in
726 763 830 808 libro
854 763 886 806 11
910 758 1086 814 Codicis,
1111 765 1207 820 quia
1240 767 1380 819 utpote
1413 764 1569 806 maiora
1603 775 1682 806 non
1718 776 1788 806 ve-

162 838 281 880 niunt
312 837 524 880 communi
546 837 713 878 nomine
736 834 926 878 beneficii
951 847 999 877 ex
1025 836 1332 877 canonistarum
1366 846 1530 891 quoque
1563 835 1788 888 sententia,

163 907 344 951 secunda
381 920 479 950 vero
513 906 697 949 exclusio
731 904 1023 962 requirebatur
1055 918 1105 948 ex
1139 917 1228 949 can.
1254 905 1322 958 18,
1346 906 1441 961 quia
1481 903 1631 960 «leges
1663 903 1789 948 eccle-

162 980 352 1021 siasticae
386 973 678 1033 intelligendae
721 981 815 1019 sunt
856 976 1085 1019 secundum
1130 977 1339 1032 propriam
1380 973 1604 1018 verborum
1637 975 1790 1031 signifi-

163 1050 366 1092 cationem
393 1064 433 1091 ».

284 1120 453 1176 Propter
495 1118 713 1162 utilitatem
756 1120 980 1174 practicam
1026 1121 1281 1160 memoratur
1324 1116 1534 1172 legislator
1575 1115 1652 1160 sub
1690 1119 1715 1170 ἓ
1745 1118 1789 1161 ἓ.

167 1191 355 1236 Uonones
379 1191 585 1243 147-195,
609 1202 680 1232 seu
705 1191 840 1231 omnia
877 1190 1129 1244 praescripta
1159 1203 1179 1228 «
1197 1187 1248 1231 de
1271 1187 1416 1231 officiis
1444 1187 1734 1231 ecclesiasticis
1751 1202 1790 1239 »,

164 1263 291 1306 etiam
315 1260 469 1320 officiis
494 1259 557 1317 (ut
579 1263 702 1316 patet,
726 1259 817 1316 sed)
841 1257 1149 1315 beneficialibus
1177 1272 1248 1301 seu
1278 1258 1386 1316 quod
1422 1258 1532 1301 idem
1565 1262 1625 1301 est
1648 1257 1790 1314 benefi-

165 1334 244 1376 ciis
277 1332 566 1390 applicantur,
598 1343 648 1373 ne
681 1333 773 1388 quis
804 1330 926 1373 stulte
958 1329 1130 1373 dubium
1166 1334 1364 1372 moveret.

285 1404 381 1447 309.
418 1403 710 1448 Distributio
747 1403 895 1446 Tituli
922 1403 970 1445 in
1010 1401 1201 1457 Capita.
1232 1397 1338 1452 Quia
1371 1399 1621 1443 beneficium
1656 1398 1788 1442 eccle—

168 1477 379 1519 siasticum
417 1478 477 1516 est
515 1486 631 1516 «ens
665 1471 887 1515 iuridicum
911 1487 931 1513 ))
970 1467 1130 1527 origine
1171 1483 1259 1525 sua,
1303 1475 1341 1513 et
1374 1475 1531 1514 constat
1564 1470 1698 1513 officio
1730 1482 1793 1513 ec-

167 1546 397 1590 clesiastico
431 1543 700 1600 singulariter
736 1542 847 1586 dicto
885 1555 980 1586 cum
1020 1542 1125 1585 (lotis
1148 1541 1333 1584 eiusdem
1364 1543 1668 1593 coniunctione,
1691 1539 1793 1583 11366

166 1618 304 1660 omnia
338 1619 377 1658 in
411 1614 586 1670 singulis
618 1613 832 1657 beneticiis
870 1613 1148 1656 determinare
1182 1612 1231 1655 ad
1266 1614 1555 1655 auctoritatem
1594 1610 1790 1655 ecclesia·

165 1690 311 1731 sticam
344 1687 534 1743 pertinet,
572 1696 678 1742 quae
712 1683 947 1727 huiusmodi
981 1695 1148 1726 normas
1181 1683 1305 1726 tradit
1337 1684 1377 1725 in
1414 1681 1513 1739 Cap.
1550 1681 1578 1724 Ι.
1614 1681 1674 1725 De
1696 1694 1789 1724 con-

165 1757 387 1801 stitutione
403 1770 476 1799 seu
500 1754 708 1798 erectione
730 1753 1034 1810 beneficiorum.
1059 1752 1172 1796 Haec
1198 1766 1295 1796 vero
1321 1756 1532 1808 primaeva
1555 1753 1792 1795 constitutio

168 1830 417 1872 mutationes
452 1828 589 1870 varias
628 1824 767 1868 subire
791 1829 923 1881 potest
946 1837 1166 1881 progressu
1192 1825 1388 1880 temporis
1410 1822 1462 1866 ob
1486 1822 1792 1866 vicissitudines

167 1899 399 1951 hominum,
434 1902 474 1941 et
507 1896 587 1940 illis
621 1896 812 1952 providet
844 1895 1054 1952 legislator
1088 1907 1159 1950 per
1191 1906 1370 1937 canones
1407 1892 1483 1937 suh
1520 1892 1617 1950 Cap.
1655 1891 1705 1935 II.
1734 1891 1792 1935 De

168 1970 336 2020 unione,
370 1966 665 2018 translatione,
698 1965 919 2020 divisione,
941 1964 1323 2020 (lisrnemln'alione,
1348 1963 1614 2007 conversione
1636 1968 1675 2006 et
1693 1976 1792 2020 sup-

165 2039 383 2098 pressione
422 2037 726 2094 benefieiorum.
771 2037 863 2080 11113
916 2041 955 2080 et
997 2035 1270 2092 obligationes
1311 2037 1351 2077 in
1412 2034 1601 2078 beneficii
1644 2038 1791 2076 natura

168 2112 355 2153 invenire
375 2109 481 2159 licet,
502 2121 608 2166 quae
631 2109 707 2151 nisi
732 2119 753 2150 a
773 2118 947 2163 persona
973 2105 1142 2163 physica
1167 2107 1352 2148 exerceri
1377 2109 1599 2162 nequeunt,
1625 2108 1792 2160 propter

169 2180 399 2238 quod-agit
433 2178 535 2236 Cap.
569 2177 647 2222 III.
682 2177 742 2221 De
784 2176 1074 2234 beneficiorum
1117 2175 1356 2227 collatione,
1398 2179 1442 2218 ut
1485 2177 1576 2232 quis
1609 2174 1792 2230 legitime

170 2253 397 2308 praelatum
433 2252 677 2293 exercitium
711 2247 907 2299 obtineat,
941 2249 980 2290 in
1015 2259 1094 2304 qua
1128 2246 1346 2290 collatione
1382 2256 1695 2302 nonnumquam
1718 2243 1792 2287 alii

170 2326 333 2379 praeter
368 2321 601 2364 Praelatum
637 2333 685 2363 ex
722 2321 810 2362 iure
843 2318 1112 2361 obtinuerunt
1145 2319 1440 2370 interventum,
1483 2316 1591 2373 quod
1627 2316 1795 2371 respicit

172 2389 368 2449 primario
405 2391 505 2449 Cap.
546 2390 618 2434 JV.
653 2389 714 2434 De
746 2390 839 2432 iure
862 2393 1134 2446 patronalus.
1154 2388 1298 2431 Statim
1332 2400 1499 2430 necesse
1532 2387 1607 2429 fuit
1639 2398 1791 2441 cogno-

169 2476 285 2507 scere
323 2461 419 2520 Cap.
468 2461 506 2506 V.
550 2460 607 2504 De
642 2459 803 2503 iuribus
836 2464 875 2502 et
907 2458 1234 2516 obliyationibus
1266 2456 1643 2513 beneficiariorwn,
1667 2468 1718 2499 ne
1741 2469 1792 2499 ex

172 2535 402 2590 ignorantia
438 2532 478 2575 hi
513 2536 708 2588 peccent,
741 2531 811 2574 sed
856 2532 951 2587 quia
993 2528 1276 2585 multipliciter
1318 2527 1566 2571 beneficium
1613 2525 1792 2570 derelin-

170 2598 299 2661 quere
333 2608 516 2660 possunt,
553 2607 595 2645 ut
627 2601 704 2645 lioc
739 2606 850 2644 recte
884 2602 967 2653 liat,
1015 2613 1093 2642 non
1143 2599 1271 2641 ‹lesuit
1320 2597 1529 2654 legislator
1561 2597 1793 2653 adiungens

175 2673 274 2732 Cap.
320 2672 379 2717 VI.
418 2672 476 2716 De
508 2672 753 2715 dimissione
784 2676 823 2713 et
852 2667 1499 2729 permutationebeneficiorum.
