1965 3240
682 99 766 133 Ti'r.
798 99 867 133 IX.
897 119 909 124 -
938 99 993 133 De
1026 99 1192 132 ecclesiis
1709 98 1752 132 27

124 229 162 267 ut
208 222 428 280 quotannis
466 217 661 264 Officium
708 218 987 262 ltedicationis
1033 218 1210 274 persolvi
1258 219 1411 273 possit?
1447 218 1491 261 Et
1525 221 1563 262 S.
1600 218 1678 261 ltit.
1711 217 1752 262 C.

124 291 458 350 respondendum
494 292 666 338 censuit.
693 289 753 332 Ad
782 289 792 331 Ι
819 294 854 332 et
883 288 926 331 ll.
952 288 1172 345 Negative:
1208 302 1277 330 seu
1316 302 1392 330 non
1430 289 1614 344 indigere
1650 301 1754 331 nova

122 365 455 408 consecratione:
491 366 528 404 et
564 364 713 404 iterum
749 360 1028 416 depingantur
1062 363 1099 401 et
1135 364 1395 415 apponantur
1427 361 1579 402 (linces
1615 362 1651 401 in
1689 371 1755 415 pa-

124 434 295 479 rietibus
320 436 356 476 in
383 434 663 476 testimonium
692 436 883 487 peractae
908 431 1246 473 consecrationis.
1272 429 1332 471 Ad
1357 429 1418 471 lll.
1439 430 1697 472 Attirmative
1718 446 1755 470 )).

123 507 219 550 ltem
247 508 285 548 in
308 504 558 548 Nicoterien.
585 508 621 546 et
647 502 821 558 Tropen.
845 502 854 523 ¹
881 503 939 545 sic
976 501 1148 543 relatum
1186 502 1282 543 t'uit:
1309 516 1328 540 «
1350 500 1519 556 lnsnpin·
1554 503 1753 557 parietum

122 583 159 622 et
195 579 399 620 fornicum
445 580 581 618 crusta
630 573 754 630 vulgo
795 575 999 628 intonaco‚
1037 577 1117 615 tota
1151 571 1271 614 simul
1308 572 1477 614 disiecta
1514 574 1599 618 snit,
1634 576 1756 628 atquc

124 650 270 706 partim
308 647 443 690 (tenuo
477 646 664 688 confecta
702 649 739 687 et
775 644 953 700 depicta,
990 645 1136 699 partim
1181 656 1276 685 vero
1323 644 1565 684 marmoreis
1609 641 1758 684 tabulis

121 719 357 775 subrogata.
392 717 497 760 Hinc
531 719 770 773 quaeritur:
807 715 867 758 An
904 713 1087 757 Ecclesia
1133 712 1384 756 cathedralis
1417 712 1606 769 'l'ropien
1647 726 1759 755 exse-

122 795 235 835 crata
268 792 331 844 sit,
367 791 462 846 quia
496 792 578 830 tota
614 787 734 830 simul
770 791 908 829 crusta
956 785 1127 828 disiecta
1165 784 1270 826 fuit?
1305 784 1350 826 Et
1386 786 1423 827 S.
1460 783 1503 827 R.
1540 784 1580 827 (3.
1618 786 1759 826 reseri-

125 862 305 906 bendum
350 862 531 904 censuit:
568 859 628 902 Ad
666 858 692 902 l.
728 857 952 914 Negatixe:
1003 859 1114 899 iuxta
1151 855 1278 899 Dec.In
1313 856 1393 898 diei
1435 856 1482 897 19
1519 854 1608 897 Maii
1652 855 1757 897 1896

122 934 171 977 ad
210 933 253 977 tl.
289 946 308 976 a
344 932 382 975 S.
420 932 617 974 Pontilice
652 931 943 973 contirmatum
982 928 1047 971 die
1082 929 1106 970 8
1140 927 1244 969 lunii
1281 926 1465 971 eiusdem
1502 928 1655 969 anni».
1681 926 1761 969 Sei-

124 1005 239 1048 licet:
287 1002 506 1046 «Ecclesia
552 1006 790 1044 consecrata
837 1003 1037 1047 remanet,
1082 1000 1276 1053 quamvis
1321 1000 1357 1039 in
1403 1000 1491 1039 eius
1536 995 1760 1052 parietibus

123 1090 225 1132 opus
269 1076 485 1117 tectorium
532 1075 581 1115 sit
627 1076 930 1114 renovatum».
967 1069 1053 1112 Hoc
1089 1071 1151 1112 ius
1186 1074 1339 1123 praec}
1373 1070 1517 1110 retinet
1552 1072 1675 1124 atque
1710 1066 1758 1109 ad

122 1147 454 1191 benedictionem
490 1143 762 1187 ecclesiarum
797 1141 980 1184 extendit
1017 1155 1105 1182 cuit.
1133 1142 1259 1183 1170.
1304 1138 1664 1182 Pom-errationem
1703 1136 1762 1179 rel

124 1217 448 1261 benedien'onem
485 1214 659 1258 ecelesia
700 1228 778 1257 non
810 1212 982 1256 (imillil.
1008 1225 1079 1255 seu
1117 1225 1194 1254 non
1231 1215 1487 1263 exsecratur,
1508 1210 1762 1266 proindeque

126 1294 165 1333 ut
209 1288 342 1332 aiebat
386 1286 509 1331 Cone.
550 1284 750 1329 Niceti.²':
798 1283 1033 1328 «Ecclesiis
1076 1282 1203 1326 semel
1248 1281 1332 1324 Deo
1375 1283 1641 1324 consecratis.
1683 1293 1760 1322 non

124 1360 246 1404 debet
283 1362 431 1402 iterum
467 1359 724 1402 consecratio
770 1354 974 1407 adbiberi,
1010 1356 1085 1397 nisi
1119 1361 1186 1396 aut
1221 1352 1272 1396 ab
1307 1356 1399 1409 igne
1434 1357 1603 1394 exustae
1623 1368 1661 1405 »‚
1700 1350 1761 1394 vel

124 1431 377 1489 generaliter
413 1432 448 1472 in
483 1442 665 1472 canone:
703 1427 786 1469 m'si'
819 1427 860 1484 a)
896 1431 982 1469 tola
1018 1425 1233 1468 desti-ueta
1274 1424 1419 1481 suerii,
1453 1426 1541 1466 sive
1587 1422 1761 1465 naturali

125 1516 247 1547 causa
286 1516 323 1544 V.
357 1516 418 1558 gr.
454 1500 737 1552 inundatione,
771 1501 861 1541 sive
907 1497 1120 1540 bominum
1170 1496 1324 1538 malitia
1366 1494 1434 1537 wi
1476 1494 1524 1537 ad
1562 1496 1761 1536 instaura-

126 1578 276 1619 tionem
313 1578 353 1616 ut
389 1575 427 1615 in
464 1570 688 1614 Aretina³:
731 1586 749 1610 ι(
772 1569 948 1613 Dubium
987 1568 1032 1611 ll.
1070 1568 1108 1610 ln
1147 1569 1444 1610 instauratione
1489 1567 1575 1607 lieri
1621 1564 1761 1608 debuit

127 1660 271 1689 murus
305 1647 465 1701 integer
498 1648 536 1686 et
571 1642 704 1686 absis:
741 1646 821 1684 tota
848 1640 1032 1684 Ecclesia
1078 1653 1186 1682 noro
1226 1641 1398 1681 tectorio
1432 1642 1488 1680 est
1527 1637 1691 1679 inducta
1727 1641 1763 1678 et

127 1716 282 1760 affabre
318 1718 601 1758 instaurantur
645 1718 781 1769 partes
824 1724 1116 1769 quaecumque
1151 1711 1406 1753 deficientes.
1442 1708 1564 1751 Hisce
1610 1709 1764 1764 positis,

127 1790 343 1845 quaeritur
367 1800 430 1842 an,
457 1799 549 1829 cum
587 1786 730 1827 divino
765 1783 891 1827 cultui
928 1788 986 1826 est
1023 1781 1291 1825 restituenda.
1316 1780 1465 1824 debeat
1501 1782 1647 1822 iterum
1674 1791 1765 1821 con-

128 1859 358 1903 εθυι·’(ιι·ἰ.)..
384 1858 422 1900 5.
450 1870 547 1900 vero
582 1855 662 1899 Rit.
685 1854 728 1899 C.
756 1853 1068 1898 resmibendum
1104 1854 1286 1896 censuit:
1322 1852 1383 1894 Ad
1411 1850 1454 1893 ll.
1490 1850 1764 1899 Attirmatire,

128 1944 198 1974 seu
236 1929 423 1986 indigere
458 1940 565 1970 nova
601 1917 913 1969 consecratione
937 1944 971 1967 ».
998 1924 1126 1981 idque
1150 1926 1309 1966 eruitur
1333 1936 1381 1965 ex
1410 1926 1552 1964 natura
1579 1923 1650 1973 rei,
1670 1922 1764 1977 quia

130 2015 207 2044 nou
243 2004 303 2044 est
339 1999 549 2042 moraliter
581 1998 726 2041 eadem
763 1996 952 2051 ecelesia,
986 1998 1091 2039 sicut
1127 1997 1248 2038 etiam
1286 1996 1323 2036 in
1359 2006 1454 2036 casu
1494 2006 1578 2048 seq.
1617 2004 1767 2034 memo-

130 2077 217 2116 rato
252 2085 301 2115 ex
339 2084 474 2127 praec.
511 2072 622 2113 iure:
660 2068 702 2125 b)
737 2067 801 2111 vel
838 2067 977 2110 iustior
1007 2066 1219 2125 parietum
1251 2078 1355 2123 pars
1389 2063 1611 2110 corruerit,
1648 2067 1765 2118 prout

131 2146 254 2188 etiam
294 2143 510 2186 vetustatis
542 2141 625 2184 sola
661 2152 784 2183 causa
820 2141 990 2182 evenire
1026 2142 1171 2195 potest,
1200 2150 1278 2179 non
1318 2149 1414 2178 xero
1438 2137 1469 2176 si
1500 2150 1518 2174 «
1540 2138 1620 2176 tota
1657 2135 1767 2175 trinis

131 2214 331 2258 ecclesiae
366 2212 551 2270 (circiter
584 2224 679 2268 pars
711 2214 826 2254 sexta
862 2211 990 2266 ipsius
1026 2208 1195 2252 muralis
1233 2205 1430 2262 ambitus)
1465 2218 1557 2248 cum
1605 2206 1763 2246 ruinani

133 2287 406 2337 minitaretur,
432 2285 521 2326 erui
555 2282 697 2326 debuit
733 2294 863 2339 usque
886 2281 936 2324 ad
965 2280 1231 2323 fundamenta
1265 2290 1371 2335 quae
1408 2278 1765 2323 i·ema.nsei·unt,et

134 2359 171 2399 in
197 2355 349 2414 quibus
384 2368 517 2397 novus
553 2367 695 2396 murus
731 2366 802 2408 pro
839 2354 1018 2396 maxima
1047 2355 1161 2407 parte
1187 2353 1351 2392 erectus
1374 2352 1431 2390 est
1453 2363 1492 2395 »,
1517 2349 1572 2389 uti
1595 2347 1633 2388 S.
1653 2345 1698 2388 R.
1723 2343 1764 2388 C.

134 2426 363 2471 rescribere
397 2431 484 2469 rata
518 2430 579 2469 est
602 2427 640 2467 in
666 2423 1034 2480 Marianonolitana
1055 2422 1083 2463 ⁴.
1109 2421 1226 2464 Ratio
1252 2420 1373 2463 buius
1396 2420 1565 2462 canonis
1597 2417 1767 2460 allertur

132 2512 154 2542 a
188 2498 312 2543 Conc.
346 2497 435 2541 Nic.
471 2496 567 2552 (loc.
602 2495 712 2553 cit.):
753 2497 887 2551 «quia
927 2497 1031 2538 sicut
1078 2493 1209 2535 intans
1242 2504 1262 2534 a
1298 2490 1593 2548 qualicumque
1636 2500 1768 2531 sacer-

134 2570 229 2613 dote
264 2571 301 2611 in
338 2570 505 2611 nomine
540 2567 670 2610 Patris
703 2572 741 2610 et
777 2566 864 2609 Filii
899 2571 935 2609 et
970 2567 1147 2621 Spiritus
1180 2563 1315 2606 Sancti
1355 2560 1481 2604 semel
1513 2559 1767 2616 baptizatus,

136 2654 215 2684 uon
252 2639 373 2684 debet
411 2641 559 2682 iterum
596 2638 879 2695 baptizari,ita
915 2650 990 2679 nec
1026 2635 1140 2678 locus
1175 2634 1259 2677 Deo
1293 2633 1468 2685 dicatus,
1494 2634 1640 2674 iterun]
1676 2641 1769 2672 con-

135 2711 364 2755 secrandus
397 2715 457 2754 est
476 2725 514 2752 )).
541 2735 553 2741 -
579 2709 771 2752 Attamen
806 2722 900 2752 cum
926 2708 1183 2751 consecratio
1205 2717 1252 2748 ac
1277 2703 1511 2748 benedictio
1534 2704 1612 2744 sint
1637 2712 1770 2743 sacra-

256 2819 266 2839 ¹
294 2818 315 2851 9
343 2818 446 2861 Aug.
479 2815 582 2855 1897,
612 2827 650 2848 n.
680 2815 784 2849 3962.
817 2834 855 2838 —
885 2814 898 2836 ‘2
926 2813 966 2848 C.
995 2813 1042 2845 ‘20
1067 2812 1170 2845 Dist.
1201 2811 1218 2845 I
1246 2810 1291 2844 de
1318 2820 1488 2843 consecr.
1512 2829 1553 2832 —
1573 2808 1586 2829 3
1612 2808 1634 2840 4
1661 2806 1766 2850 Sept.

145 2864 251 2915 1875,Ἰ
275 2876 314 2898 n.
335 2864 441 2898 3372.
462 2884 507 2887 —
525 2863 539 2884 4
566 2864 609 2896 11
636 2862 751 2896 Mart.
783 2862 886 2905 len,
915 2873 955 2894 n.
983 2860 1088 2893 3240.
