1965 3240
170 133 237 167 162
547 131 631 166 Lm.
656 132 727 167 III.
754 152 766 157 -
794 132 904 167 PARS
930 132 1001 168 III.
1029 153 1041 158 -
1068 133 1125 167 De
1151 133 1262 168 cultu
1287 134 1424 168 dim'no

171 257 323 295 ssmam
357 251 660 294 Eucharistiam
694 264 922 296 asservare.
957 252 1023 295 Ait
1048 266 1068 295 e
1092 257 1233 296 contra
1257 252 1284 309 ξ
1305 255 1350 296 ἓ..
1375 251 1426 297 Ut
1448 253 1493 296 in
1516 253 1618 297 aliis
1641 260 1805 312 praeter

172 324 525 366 enumerationem
559 322 587 379 ξ
622 322 658 374 1,
692 321 879 365 eeclesiis
912 337 983 365 sea
1016 322 1233 376 oratoriis,
1269 328 1353 366 tum
1390 324 1566 380 publicis
1599 338 1647 369 ac
1679 327 1802 370 semi-

173 393 362 450 publicis,
397 398 481 436 tum
516 393 708 437 omnibus
758 396 931 450 privatis
964 393 1171 437 custodiri
1199 395 1334 451 possit
1369 394 1477 439 licite
1520 397 1569 439 ad
1616 409 1801 440 normam

171 477 221 507 ss.
255 476 476 517 canonum,
510 464 794 506 necessarium
827 470 888 507 est
926 464 1137 508 imlultmn
1176 465 1469 522 apostolicum,
1504 481 1674 524 nempe:
1710 480 1802 524 gra-

172 537 273 577 tiosa
307 535 344 578 S.
370 534 487 578 Sedis
520 537 732 578 concessio
766 549 838 591 per
861 535 898 578 S.
925 535 1072 592 Congr.
1099 536 1150 579 de
1174 536 1392 591 disciplina
1425 537 1819 592 Sacramentoruni„

177 621 197 647 ct
217 606 266 649 ad
292 617 415 663 quam
444 607 619 660 pertinet
642 606 872 649 concedere
897 606 1133 650 facultatem
1153 607 1404 650 adservandi
1428 613 1578 651 ssmam
1605 608 1802 652 Euchari-

171 679 290 721 stiam
318 679 355 719 in
381 675 545 732 templis
568 681 639 718 aut
663 678 700 718 in
725 676 888 720 sacellis
911 690 958 720 eo
984 679 1072 720 iure
1096 677 1334 721 carentibus
1357 696 1371 716 »
1400 677 1427 719 ¹.
1452 677 1571 731 Quod
1597 679 1800 723 indultum

171 761 260 792 esse
295 749 444 804 poterit
476 746 526 790 ad
563 751 739 803 tempus,
777 747 838 790 vel
876 750 912 790 in
950 752 1193 804 perpetuum
1229 762 1309 806 quo
1344 752 1383 792 111
1418 762 1515 793 casu
1551 752 1715 807 proprie
1747 750 1806 793 di-

171 821 278 863 citur
304 817 594 875 privilegium3
629 817 710 860 loci
747 817 1006 861 Ordimzrius
1039 817 1147 861 lianc
1179 818 1409 872 licentiam,
1437 825 1479 864 ut
1500 833 1623 878 supra
1647 821 1684 864 S.
1709 821 1803 864 Sedi

172 896 443 945 reservatam,
463 890 687 934 concedere
705 896 843 949 potest
868 893 924 934 uti
950 904 1023 947 per
1045 893 1332 948 exceptionem
1369 891 1654 935 {antummodo
1677 890 1718 949 a)
1742 905 1802 934 ec-

171 962 325 1005 clesiae
367 964 533 1019 proprie
576 962 713 1005 dictae
756 968 830 1004 aul
873 962 1063 1005 oratorio
1103 961 1284 1020 publico,
1328 963 1436 1018 quod
1482 963 1670 1006 «eodem
1716 965 1805 1006 iure

172 1033 373 1077 ecclesiae
409 1035 567 1089 regitur
590 1049 611 1074 ))
650 1033 758 1090 (0311.
781 1034 907 1087 1191,
932 1036 956 1083 ξ
980 1032 1038 1090 1),
1063 1047 1111 1076 ex
1135 1033 1458 1090 ‘comprehensis
1490 1033 1566 1077 sub
1601 1035 1803 1090 praesenti

172 1103 432 1161 paragrapho
458 1104 514 1151 ⁶2³,
539 1103 577 1157 b)
599 1117 651 1146 eoe
682 1104 797 1147 iusta
829 1118 900 1147 seu
935 1107 1242 1161 proportionata
1266 1118 1395 1147 causa
1428 1105 1464 1160 c)
1481 1110 1520 1147 et
1537 1118 1617 1162 per
1639 1104 1803 1147 niodum

172 1181 304 1229 actus,
337 1175 519 1219 scilicet:
556 1180 817 1218 transeunter
851 1189 922 1231 pro
956 1175 1113 1233 aliquot
1146 1175 1307 1219 diebus.

289 1248 313 1300 ἓ
335 1247 377 1289 3.
398 1245 566 1290 Nemini
590 1245 702 1299 licet,
719 1246 828 1303 quod
857 1246 1091 1290 universale
1113 1246 1286 1290 verbum
1307 1247 1431 1290 3111011
1452 1259 1616 1304 quoque
1634 1247 1673 1290 S.
1693 1246 1738 1289 R.
1758 1245 1801 1289 E.

171 1316 423 1370 Cardinales,
457 1317 770 1359 sanctissimam
802 1316 1121 1360 Eudemi-sliam
1148 1317 1188 1374 a)
1213 1317 1328 1375 apud
1351 1331 1408 1368 se,
1431 1318 1611 1361 scilicet:
1648 1319 1686 1360 111
1712 1331 1802 1374 pro-

173 1390 259 1445 pria
292 1388 415 1431 domo
448 1401 520 1431 seu
556 1387 709 1431 Palatio
746 1387 871 1431 veluti
905 1391 1068 1445 pietatis
1100 1388 1323 1441 obiectum,
1354 1390 1428 1431 etsi
1463 1388 1689 1431 honorifice
1723 1393 1803 1431 tra-

171 1465 339 1513 ctatum,
366 1458 550 1501 retinere
575 1458 711 1512 1))(1111
743 1473 880 1502 secum
914 1464 1109 1517 tanquam
1145 1462 1405 1503 carissimum
1440 1462 1631 1503 comitem
1658 1459 1701 1502 in
1734 1459 1804 1502 iti-

172 1543 270 1573 nere
301 1528 481 1587 deferre,
517 1532 677 1573 etiamsi
721 1543 845 1587 super
890 1535 1031 1586 pectus
1069 1543 1116 1574 ac
1148 1533 1411 1574 securissime
1456 1534 1649 1587 portaret.
1683 1528 1801 1582 Quod

173 1601 363 1645 ultimum
388 1601 427 1644 S.
452 1600 662 1644 Pontilicis
695 1606 754 1644 est
789 1601 1069 1657 privilegium,
1094 1604 1200 1645 sicut
1233 1614 1282 1644 ex
1317 1600 1486 1644 historia
1520 1605 1679 1644 constat
1712 1614 1802 1657 per·

171 1677 307 1716 actum
344 1672 479 1714 fuisse.
1244 1689 1246 1691 ·

293 1742 388 1785 134.
423 1744 567 1788 Liber
589 1744 752 1788 aditus
776 1756 927 1788 causa
949 1745 1180 1788 visitandi
1209 1745 1390 1788 ssfflum
1415 1743 1798 1788 Sacramentum.

170 1812 271 1858 Cum
307 1812 456 1856 Divina
490 1813 697 1868 Sapientia
733 1814 998 1857 testiticetur:
1040 1812 1260 1856 «Deliciae
1294 1825 1410 1856 meae
1444 1825 1532 1855 esse
1570 1825 1663 1855 cum
1709 1811 1802 1855 siliis

172 1884 446 1937 hominum»,
483 1888 523 1926 et
566 1886 775 1927 amicitiae
820 1886 1031 1940 proprium
1078 1887 1129 1927 sit
1172 1883 1346 1927 libenter
1388 1897 1481 1927 cum
1527 1886 1661 1927 amico
1704 1897 1800 1927 con·

171 1955 359 2009 fabulari,
379 1954 529 1998 Christi
549 1954 705 2011 Sponsa
726 1954 994 2012 fideliumque
1014 1960 1145 1998 mater
1163 1954 1347 1998 Ecclesia
1368 1954 1481 1998 iubet
1498 1956 1536 1997 in
1557 1968 1647 1999 can.
1667 1955 1799 1997 1266.

170 2025 386 2069 Ecclesiae
420 2028 583 2082 proprie
622 2025 771 2080 dictae,
805 2028 901 2083 quia
946 2028 1008 2069 ius
1052 2039 1205 2069 novum
1250 2027 1444 2081 continet,
1478 2029 1601 2082 atque
1633 2025 1685 2068 de
1717 2037 1804 2068 ora-

172 2099 285 2139 toriis
320 2095 495 2152 publicis
533 2109 679 2153 «quae
713 2096 858 2139 eodem
893 2098 982 2139 iure
1016 2096 1216 2140 ecclesiae
1250 2100 1488 2152 reguntur»
1529 2095 1638 2152 (can.
1674 2095 1799 2147 1191,

169 2166 196 2224 ξ
232 2167 271 2223 l)
299 2180 377 2209 non
412 2180 514 2223 opus
549 2168 623 2209 fuit
658 2167 764 2209 idem
799 2172 997 2221 statuere,
1018 2172 1158 2224 utpote
1192 2169 1270 2210 iam
1306 2166 1574 2209 observatum
1610 2170 1797 2221 respectu

172 2236 490 2280 inhabitantium
526 2237 695 2280 domum
733 2237 795 2280 vel
832 2237 1068 2294 collegium,
1093 2237 1135 2280 'in
1170 2236 1316 2294 quibus
1349 2236 1619 2279 scmetz'ssima
1640 2234 1802 2279 Eucha-

171 2307 296 2350 ristia
336 2313 596 2362 asservatur,
632 2310 719 2351 iure
766 2308 828 2351 vel
873 2309 924 2352 de
967 2308 1129 2351 licentia
1164 2306 1375 2352 Ordinarii
1420 2307 1496 2350 loci
1542 2309 1653 2355 iuxta
1696 2312 1805 2350 canf-

172 2384 324 2435 pi·aec.⁸
357 2380 381 2431 ,ξ
418 2379 453 2433 1,
485 2379 740 2436 praesertim
770 2379 1046 2436 paroeciales
1080 2381 1175 2436 quia
1209 2392 1257 2422 ex
1293 2391 1434 2422 earum
1479 2382 1625 2421 natura
1669 2378 1799 2433 magis

173 2453 321 2505 urgent
365 2451 558 2495 rationes,
604 2454 642 2492 et
685 2449 844 2492 facilius
885 2451 1044 2492 servari
1096 2450 1224 2505 potest
1269 2450 1583 2505 praescriptum,
1629 2460 1798 2503 nempe:

172 2519 359 2577 quotidie
389 2533 466 2577 per
500 2519 663 2577 aliquot
701 2520 851 2563 saltem
895 2519 1034 2573 horas,
1069 2533 1242 2577 quarum
1289 2520 1395 2563 duae
1436 2519 1646 2562 sufiiciunt
1688 2520 1798 2560 iuxta

173 2603 256 2645 reg.
293 2590 346 2632 40
383 2590 484 2632 luris
530 2593 565 2632 111
602 2590 669 2633 60:
710 2606 729 2630 «
757 2590 928 2633 Pluralis
972 2590 1136 2642 locutio,
1170 2590 1345 2633 duorum
1390 2602 1564 2632 numero
1607 2593 1666 2631 est
1707 2600 1799 2631 con-

171 2665 280 2702 tenta
304 2676 343 2714 )),
378 2659 568 2716 fidelibus
599 2666 791 2717 palemis,
828 2666 868 2704 ut
902 2660 941 2703 hi
976 2666 1129 2718 queant.
1165 2661 1348 2704 volentes
1381 2659 1581 2703 accedere
1613 2656 1798 2702 31101111-

171 2735 277 2773 stum
318 2746 338 2770 «
362 2730 412 2773 de
446 2744 527 2788 quo
565 2733 695 2774 virtus
728 2731 867 2774 exibat
901 2737 940 2774 et
972 2731 1144 2775 sanabat
1178 2745 1321 2774 omnes
1344 2747 1382 2773 ».

290 2882 299 2903 ¹
329 2881 431 2915 Ordo
457 2881 717 2916 servandus...
748 2882 911 2916 Norinae
937 2882 1168 2926 peculiares.
1198 2881 1288 2926 Cap.
1306 2881 1392 2923 VIL
1422 2879 1507 2915 Artss
1529 2881 1599 2925 ΙΙΙ,
1622 2892 1659 2914 n.
1683 2881 1726 2914 10
1743 2885 1793 2923 a).
