<?xml version="1.0" encoding="UTF-8"?>
<!DOCTYPE html PUBLIC "-//W3C//DTD XHTML 1.0 Transitional//EN"
    "http://www.w3.org/TR/xhtml1/DTD/xhtml1-transitional.dtd">
<html xmlns="http://www.w3.org/1999/xhtml" xml:lang="en" lang="en">
 <head>
  <title>
</title>
<meta http-equiv="Content-Type" content="text/html;charset=utf-8" />
  <meta name='ocr-system' content='tesseract 3.04.00' />
  <meta name='ocr-capabilities' content='ocr_page ocr_carea ocr_par ocr_line ocrx_word'/>
</head>
<body>
  <div class='ocr_page' id='page_1' title='image "./commentariumtext03blatuoft_0383.png"; bbox 0 0 1965 3240; ppageno 0'>
   <div class='ocr_carea' id='block_1_1' title="bbox 489 151 1677 196">
    <p class='ocr_par' dir='ltr' id='par_1_1' title="bbox 489 151 1677 196">
     <span class='ocr_line' id='line_1_1' title="bbox 489 151 1677 196; baseline 0 -11"><span class='ocrx_word' id='word_1_1' title='bbox 489 151 572 185; x_wconf 80' lang='lat' dir='ltr'>TIT.</span> <span class='ocrx_word' id='word_1_2' title='bbox 603 151 748 186; x_wconf 69' lang='lat' dir='ltr'>XXIV.</span> <span class='ocrx_word' id='word_1_3' title='bbox 777 171 787 176; x_wconf 96' lang='lat'>-</span> <span class='ocrx_word' id='word_1_4' title='bbox 815 151 870 186; x_wconf 85' lang='lat' dir='ltr'>De</span> <span class='ocrx_word' id='word_1_5' title='bbox 896 151 985 195; x_wconf 75' lang='lat' dir='ltr'>fidei</span> <span class='ocrx_word' id='word_1_6' title='bbox 1008 152 1251 196; x_wconf 62' lang='lat' dir='ltr'>professione</span> <span class='ocrx_word' id='word_1_7' title='bbox 1610 153 1677 187; x_wconf 79' lang='lat'>371</span> 
     </span>
    </p>
   </div>
   <div class='ocr_carea' id='block_1_2' title="bbox 106 206 1002 223">
    <p class='ocr_par' dir='ltr' id='par_1_2' title="bbox 106 206 1002 223">
     <span class='ocr_line' id='line_1_2' title="bbox 106 206 1002 223; baseline 0 0"><span class='ocrx_word' id='word_1_8' title='bbox 106 206 1002 223; x_wconf 95' lang='lat' dir='ltr'> </span> 
     </span>
    </p>
   </div>
   <div class='ocr_carea' id='block_1_3' title="bbox 7 270 1708 2734">
    <p class='ocr_par' dir='ltr' id='par_1_3' title="bbox 56 270 1684 674">
     <span class='ocr_line' id='line_1_3' title="bbox 58 270 1683 328; baseline 0.001 -15"><span class='ocrx_word' id='word_1_9' title='bbox 58 272 242 327; x_wconf 76' lang='lat' dir='ltr'><strong>proprie:</strong></span> <span class='ocrx_word' id='word_1_10' title='bbox 283 272 522 325; x_wconf 83' lang='lat' dir='ltr'>«cogitatio</span> <span class='ocrx_word' id='word_1_11' title='bbox 555 284 648 313; x_wconf 91' lang='lat' dir='ltr'>cnm</span> <span class='ocrx_word' id='word_1_12' title='bbox 693 283 860 313; x_wconf 81' lang='lat' dir='ltr'>assensn</span> <span class='ocrx_word' id='word_1_13' title='bbox 888 270 899 291; x_wconf 77' lang='lat'>¹</span> <span class='ocrx_word' id='word_1_14' title='bbox 935 282 1077 312; x_wconf 91' lang='lat' dir='ltr'>earum</span> <span class='ocrx_word' id='word_1_15' title='bbox 1130 273 1347 313; x_wconf 68' lang='lat' dir='ltr'>veritatum</span> <span class='ocrx_word' id='word_1_16' title='bbox 1388 285 1494 328; x_wconf 61' lang='lat' dir='ltr'>(tuae</span> <span class='ocrx_word' id='word_1_17' title='bbox 1528 271 1578 314; x_wconf 90' lang='lat' dir='ltr'>ab</span> <span class='ocrx_word' id='word_1_18' title='bbox 1612 270 1683 314; x_wconf 85' lang='lat' dir='ltr'>Ec-</span> 
     </span>
     <span class='ocr_line' id='line_1_4' title="bbox 56 339 1683 399; baseline 0 -15"><span class='ocrx_word' id='word_1_19' title='bbox 56 340 179 384; x_wconf 84' lang='lat' dir='ltr'>clesia</span> <span class='ocrx_word' id='word_1_20' title='bbox 214 339 406 383; x_wconf 83' lang='lat' dir='ltr'>tidelibus</span> <span class='ocrx_word' id='word_1_21' title='bbox 441 346 726 397; x_wconf 85' lang='lat' dir='ltr'>proponuntur</span> <span class='ocrx_word' id='word_1_22' title='bbox 761 345 954 397; x_wconf 77' lang='lat' dir='ltr'>tanquam</span> <span class='ocrx_word' id='word_1_23' title='bbox 987 353 1006 384; x_wconf 92' lang='lat' dir='ltr'>a</span> <span class='ocrx_word' id='word_1_24' title='bbox 1032 340 1116 383; x_wconf 88' lang='lat' dir='ltr'>Dco</span> <span class='ocrx_word' id='word_1_25' title='bbox 1142 340 1321 383; x_wconf 67' lang='lat' dir='ltr'>rex-elata</span> <span class='ocrx_word' id='word_1_26' title='bbox 1345 358 1382 393; x_wconf 70' lang='lat' dir='ltr'>n,</span> <span class='ocrx_word' id='word_1_27' title='bbox 1404 341 1683 399; x_wconf 52' lang='lat' dir='ltr'>profanatione,</span> 
     </span>
     <span class='ocr_line' id='line_1_5' title="bbox 57 410 1682 468; baseline 0.002 -16"><span class='ocrx_word' id='word_1_28' title='bbox 57 423 162 468; x_wconf 79' lang='lat' dir='ltr'>quae</span> <span class='ocrx_word' id='word_1_29' title='bbox 196 411 303 453; x_wconf 90' lang='lat' dir='ltr'>idem</span> <span class='ocrx_word' id='word_1_30' title='bbox 330 416 387 453; x_wconf 88' lang='lat' dir='ltr'>est</span> <span class='ocrx_word' id='word_1_31' title='bbox 414 423 461 453; x_wconf 92' lang='lat' dir='ltr'>ac</span> <span class='ocrx_word' id='word_1_32' title='bbox 501 428 521 451; x_wconf 71' lang='grc' dir='ltr'>α</span> <span class='ocrx_word' id='word_1_33' title='bbox 547 410 709 460; x_wconf 80' lang='lat' dir='ltr'>publica</span> <span class='ocrx_word' id='word_1_34' title='bbox 734 411 1021 462; x_wconf 89' lang='lat' dir='ltr'>utplurimum</span> <span class='ocrx_word' id='word_1_35' title='bbox 1056 416 1095 454; x_wconf 76' lang='lat' dir='ltr'>ct</span> <span class='ocrx_word' id='word_1_36' title='bbox 1129 411 1252 453; x_wconf 88' lang='lat' dir='ltr'>oralis</span> <span class='ocrx_word' id='word_1_37' title='bbox 1274 413 1488 464; x_wconf 75' lang='lat' dir='ltr'>consessio,</span> <span class='ocrx_word' id='word_1_38' title='bbox 1533 425 1611 468; x_wconf 77' lang='lat' dir='ltr'>qna</span> <span class='ocrx_word' id='word_1_39' title='bbox 1637 413 1682 454; x_wconf 91' lang='lat' dir='ltr'>ti-</span> 
     </span>
     <span class='ocr_line' id='line_1_6' title="bbox 58 481 1684 538; baseline 0.001 -15"><span class='ocrx_word' id='word_1_40' title='bbox 58 483 131 525; x_wconf 87' lang='lat' dir='ltr'>des</span> <span class='ocrx_word' id='word_1_41' title='bbox 156 487 293 524; x_wconf 90' lang='lat' dir='ltr'>mente</span> <span class='ocrx_word' id='word_1_42' title='bbox 318 487 473 525; x_wconf 89' lang='lat' dir='ltr'>retenta</span> <span class='ocrx_word' id='word_1_43' title='bbox 499 485 803 538; x_wconf 76' lang='lat' dir='ltr'>exprimitur».</span> <span class='ocrx_word' id='word_1_44' title='bbox 825 481 924 525; x_wconf 74' lang='lat' dir='ltr'>&#39;l‘res</span> <span class='ocrx_word' id='word_1_45' title='bbox 941 487 1033 525; x_wconf 91' lang='lat' dir='ltr'>sunt</span> <span class='ocrx_word' id='word_1_46' title='bbox 1059 495 1250 535; x_wconf 77' lang='lat' dir='ltr'>canones,</span> <span class='ocrx_word' id='word_1_47' title='bbox 1274 484 1310 524; x_wconf 96' lang='lat' dir='ltr'>in</span> <span class='ocrx_word' id='word_1_48' title='bbox 1338 485 1469 538; x_wconf 87' lang='lat' dir='ltr'>primo</span> <span class='ocrx_word' id='word_1_49' title='bbox 1499 483 1605 525; x_wconf 72' lang='lat' dir='ltr'>tino</span> <span class='ocrx_word' id='word_1_50' title='bbox 1628 496 1684 525; x_wconf 87' lang='lat' dir='ltr'>re-</span> 
     </span>
     <span class='ocr_line' id='line_1_7' title="bbox 58 551 1682 606; baseline 0 -12"><span class='ocrx_word' id='word_1_51' title='bbox 58 556 280 594; x_wconf 75' lang='lat' dir='ltr'>censentur</span> <span class='ocrx_word' id='word_1_52' title='bbox 304 551 473 606; x_wconf 87' lang='lat' dir='ltr'>obligati</span> <span class='ocrx_word' id='word_1_53' title='bbox 494 552 543 593; x_wconf 89' lang='lat' dir='ltr'>ad</span> <span class='ocrx_word' id='word_1_54' title='bbox 565 565 654 594; x_wconf 86' lang='lat' dir='ltr'>eam</span> <span class='ocrx_word' id='word_1_55' title='bbox 676 551 962 605; x_wconf 69' lang='lat' dir='ltr'>emittendam,</span> <span class='ocrx_word' id='word_1_56' title='bbox 984 552 1132 594; x_wconf 76' lang='lat' dir='ltr'>modus</span> <span class='ocrx_word' id='word_1_57' title='bbox 1150 554 1374 595; x_wconf 81' lang='lat' dir='ltr'>canonicus</span> <span class='ocrx_word' id='word_1_58' title='bbox 1400 554 1436 594; x_wconf 88' lang='lat' dir='ltr'>in</span> <span class='ocrx_word' id='word_1_59' title='bbox 1457 566 1546 595; x_wconf 88' lang='lat' dir='ltr'>can.</span> <span class='ocrx_word' id='word_1_60' title='bbox 1576 552 1682 595; x_wconf 65' lang='lat'>1407</span> 
     </span>
     <span class='ocr_line' id='line_1_8' title="bbox 59 622 1436 674; baseline 0.001 -10"><span class='ocrx_word' id='word_1_61' title='bbox 59 622 249 674; x_wconf 74' lang='lat' dir='ltr'>edicitur,</span> <span class='ocrx_word' id='word_1_62' title='bbox 284 627 322 665; x_wconf 91' lang='lat' dir='ltr'>et</span> <span class='ocrx_word' id='word_1_63' title='bbox 356 622 407 665; x_wconf 93' lang='lat' dir='ltr'>de</span> <span class='ocrx_word' id='word_1_64' title='bbox 440 625 645 665; x_wconf 85' lang='lat' dir='ltr'>contraria</span> <span class='ocrx_word' id='word_1_65' title='bbox 681 623 979 665; x_wconf 88' lang='lat' dir='ltr'>consuetudine</span> <span class='ocrx_word' id='word_1_66' title='bbox 1012 624 1153 665; x_wconf 76' lang='lat' dir='ltr'>statuit</span> <span class='ocrx_word' id='word_1_67' title='bbox 1186 636 1274 665; x_wconf 78' lang='lat' dir='ltr'>can</span> <span class='ocrx_word' id='word_1_68' title='bbox 1316 623 1436 666; x_wconf 67' lang='lat'>1108.</span> 
     </span>
    </p>

    <p class='ocr_par' dir='ltr' id='par_1_4' title="bbox 58 692 1697 1671">
     <span class='ocr_line' id='line_1_9' title="bbox 180 692 1684 750; baseline 0.003 -17"><span class='ocrx_word' id='word_1_69' title='bbox 180 692 275 735; x_wconf 74' lang='lat'>297.</span> <span class='ocrx_word' id='word_1_70' title='bbox 311 695 547 740; x_wconf 84' lang='lat' dir='ltr'>Recensio</span> <span class='ocrx_word' id='word_1_71' title='bbox 581 708 749 739; x_wconf 84' lang='lat' dir='ltr'>eorum</span> <span class='ocrx_word' id='word_1_72' title='bbox 784 708 815 739; x_wconf 90' lang='lat' dir='ltr'>a</span> <span class='ocrx_word' id='word_1_73' title='bbox 847 695 1026 750; x_wconf 86' lang='lat' dir='ltr'>quibus</span> <span class='ocrx_word' id='word_1_74' title='bbox 1059 697 1108 739; x_wconf 90' lang='lat' dir='ltr'>et</span> <span class='ocrx_word' id='word_1_75' title='bbox 1142 707 1307 738; x_wconf 84' lang='lat' dir='ltr'>coram</span> <span class='ocrx_word' id='word_1_76' title='bbox 1342 696 1519 750; x_wconf 88' lang='lat' dir='ltr'>quibus</span> <span class='ocrx_word' id='word_1_77' title='bbox 1550 696 1684 739; x_wconf 83' lang='lat' dir='ltr'>emit-</span> 
     </span>
     <span class='ocr_line' id='line_1_10' title="bbox 58 763 1688 821; baseline -0.002 -13"><span class='ocrx_word' id='word_1_78' title='bbox 58 766 208 809; x_wconf 84' lang='lat' dir='ltr'>tenda</span> <span class='ocrx_word' id='word_1_79' title='bbox 231 768 306 810; x_wconf 83' lang='lat' dir='ltr'>est</span> <span class='ocrx_word' id='word_1_80' title='bbox 328 765 445 810; x_wconf 84' lang='lat' dir='ltr'>fidei</span> <span class='ocrx_word' id='word_1_81' title='bbox 474 766 737 821; x_wconf 79' lang='lat' dir='ltr'>professio.</span> <span class='ocrx_word' id='word_1_82' title='bbox 763 763 864 808; x_wconf 68' lang='lat' dir='ltr'>Can.</span> <span class='ocrx_word' id='word_1_83' title='bbox 887 767 1005 807; x_wconf 64' lang='lat'><em>1400·</em></span> <span class='ocrx_word' id='word_1_84' title='bbox 1034 780 1055 803; x_wconf 70' lang='lat' dir='ltr'>s(</span> <span class='ocrx_word' id='word_1_85' title='bbox 1077 766 1285 820; x_wconf 65' lang='lat' dir='ltr'>vigentem</span> <span class='ocrx_word' id='word_1_86' title='bbox 1312 763 1391 806; x_wconf 81' lang='lat' dir='ltr'>liuc</span> <span class='ocrx_word' id='word_1_87' title='bbox 1417 777 1545 820; x_wconf 77' lang='lat' dir='ltr'>usque</span> <span class='ocrx_word' id='word_1_88' title='bbox 1569 763 1688 805; x_wconf 77' lang='lat' dir='ltr'>disci-</span> 
     </span>
     <span class='ocr_line' id='line_1_11' title="bbox 61 834 1686 891; baseline 0 -15"><span class='ocrx_word' id='word_1_89' title='bbox 61 835 211 891; x_wconf 90' lang='lat' dir='ltr'>plinam</span> <span class='ocrx_word' id='word_1_90' title='bbox 238 837 397 887; x_wconf 84' lang='lat' dir='ltr'>retinet,</span> <span class='ocrx_word' id='word_1_91' title='bbox 426 834 519 877; x_wconf 86' lang='lat' dir='ltr'>licet</span> <span class='ocrx_word' id='word_1_92' title='bbox 543 840 774 891; x_wconf 75' lang='lat' dir='ltr'>opportune</span> <span class='ocrx_word' id='word_1_93' title='bbox 799 848 923 878; x_wconf 87' lang='lat' dir='ltr'>unam</span> <span class='ocrx_word' id='word_1_94' title='bbox 946 834 1218 887; x_wconf 88' lang='lat' dir='ltr'>additionem,</span> <span class='ocrx_word' id='word_1_95' title='bbox 1241 834 1471 877; x_wconf 71' lang='lat' dir='ltr'>alteramve</span> <span class='ocrx_word' id='word_1_96' title='bbox 1496 836 1686 876; x_wconf 92' lang='lat' dir='ltr'>immuta-</span> 
     </span>
     <span class='ocr_line' id='line_1_12' title="bbox 60 904 1690 962; baseline -0.001 -14"><span class='ocrx_word' id='word_1_97' title='bbox 60 908 212 948; x_wconf 88' lang='lat' dir='ltr'>tionem</span> <span class='ocrx_word' id='word_1_98' title='bbox 247 906 391 948; x_wconf 73' lang='lat' dir='ltr'>atferat</span> <span class='ocrx_word' id='word_1_99' title='bbox 416 922 436 945; x_wconf 89' lang='lat'>»</span> <span class='ocrx_word' id='word_1_100' title='bbox 476 905 583 962; x_wconf 87' lang='lat' dir='ltr'>(can.</span> <span class='ocrx_word' id='word_1_101' title='bbox 621 908 672 955; x_wconf 77' lang='lat' dir='ltr'>ti).</span> <span class='ocrx_word' id='word_1_102' title='bbox 709 909 791 959; x_wconf 57' lang='lat'>{1-</span> <span class='ocrx_word' id='word_1_103' title='bbox 832 904 1100 962; x_wconf 72' lang='lat' dir='ltr'>0bli9alione</span> <span class='ocrx_word' id='word_1_104' title='bbox 1133 919 1183 948; x_wconf 79' lang='lat' dir='ltr'>ex</span> <span class='ocrx_word' id='word_1_105' title='bbox 1218 905 1339 947; x_wconf 81' lang='lat' dir='ltr'>liuius</span> <span class='ocrx_word' id='word_1_106' title='bbox 1372 907 1542 947; x_wconf 83' lang='lat' dir='ltr'>canonis</span> <span class='ocrx_word' id='word_1_107' title='bbox 1577 918 1690 960; x_wconf 91' lang='lat' dir='ltr'>prae-</span> 
     </span>
     <span class='ocr_line' id='line_1_13' title="bbox 58 975 1690 1034; baseline -0.001 -15"><span class='ocrx_word' id='word_1_108' title='bbox 58 978 212 1032; x_wconf 82' lang='lat' dir='ltr'>scripto</span> <span class='ocrx_word' id='word_1_109' title='bbox 236 975 454 1019; x_wconf 78' lang='lat' dir='ltr'>emittendi</span> <span class='ocrx_word' id='word_1_110' title='bbox 477 975 614 1019; x_wconf 78' lang='lat' dir='ltr'>verbis</span> <span class='ocrx_word' id='word_1_111' title='bbox 644 975 952 1034; x_wconf 71' lang='lat' dir='ltr'>professionem</span> <span class='ocrx_word' id='word_1_112' title='bbox 975 975 1074 1032; x_wconf 79' lang='lat' dir='ltr'>fidei</span> <span class='ocrx_word' id='word_1_113' title='bbox 1096 975 1172 1019; x_wconf 84' lang='lat' dir='ltr'>sub</span> <span class='ocrx_word' id='word_1_114' title='bbox 1198 978 1464 1031; x_wconf 79' lang='lat' dir='ltr'>inscriptione</span> <span class='ocrx_word' id='word_1_115' title='bbox 1489 975 1594 1018; x_wconf 86' lang='lat' dir='ltr'>tituli</span> <span class='ocrx_word' id='word_1_116' title='bbox 1619 975 1690 1018; x_wconf 88' lang='lat' dir='ltr'>‹le—</span> 
     </span>
     <span class='ocr_line' id='line_1_14' title="bbox 60 1046 1688 1105; baseline -0.001 -15"><span class='ocrx_word' id='word_1_117' title='bbox 60 1046 256 1090; x_wconf 88' lang='lat' dir='ltr'>claratam</span> <span class='ocrx_word' id='word_1_118' title='bbox 276 1046 501 1090; x_wconf 45' lang='lat' dir='ltr'>seeundum</span> <span class='ocrx_word' id='word_1_119' title='bbox 519 1046 750 1105; x_wconf 76' lang='lat' dir='ltr'>formulam</span> <span class='ocrx_word' id='word_1_120' title='bbox 773 1062 799 1090; x_wconf 82' lang='lat' dir='ltr'>a</span> <span class='ocrx_word' id='word_1_121' title='bbox 818 1046 922 1091; x_wconf 80' lang='lat' dir='ltr'>Sede</span> <span class='ocrx_word' id='word_1_122' title='bbox 939 1046 1182 1105; x_wconf 63' lang='lat' dir='ltr'>Apes-[oliva</span> <span class='ocrx_word' id='word_1_123' title='bbox 1205 1046 1444 1104; x_wconf 77' lang='lat' dir='ltr'>probatam,</span> <span class='ocrx_word' id='word_1_124' title='bbox 1464 1059 1570 1104; x_wconf 80' lang='lat' dir='ltr'>qnae</span> <span class='ocrx_word' id='word_1_125' title='bbox 1594 1060 1688 1089; x_wconf 87' lang='lat' dir='ltr'>cnm</span> 
     </span>
     <span class='ocr_line' id='line_1_15' title="bbox 60 1117 1690 1174; baseline 0.001 -15"><span class='ocrx_word' id='word_1_126' title='bbox 60 1117 326 1174; x_wconf 87' lang='lat' dir='ltr'>singulariter</span> <span class='ocrx_word' id='word_1_127' title='bbox 359 1120 608 1173; x_wconf 87' lang='lat' dir='ltr'>nominetur,</span> <span class='ocrx_word' id='word_1_128' title='bbox 645 1121 830 1162; x_wconf 88' lang='lat' dir='ltr'>innuitur</span> <span class='ocrx_word' id='word_1_129' title='bbox 854 1121 989 1173; x_wconf 84' lang='lat' dir='ltr'>unica,</span> <span class='ocrx_word' id='word_1_130' title='bbox 1014 1123 1053 1161; x_wconf 88' lang='lat' dir='ltr'>et</span> <span class='ocrx_word' id='word_1_131' title='bbox 1086 1121 1198 1161; x_wconf 80' lang='lat' dir='ltr'>iuxta</span> <span class='ocrx_word' id='word_1_132' title='bbox 1224 1117 1484 1174; x_wconf 77' lang='lat' dir='ltr'>disciplinam</span> <span class='ocrx_word' id='word_1_133' title='bbox 1523 1130 1690 1173; x_wconf 87' lang='lat' dir='ltr'>praece-</span> 
     </span>
     <span class='ocr_line' id='line_1_16' title="bbox 62 1188 1691 1246; baseline 0 -16"><span class='ocrx_word' id='word_1_134' title='bbox 62 1188 227 1231; x_wconf 91' lang='lat' dir='ltr'>dentem</span> <span class='ocrx_word' id='word_1_135' title='bbox 263 1193 321 1231; x_wconf 91' lang='lat' dir='ltr'>est</span> <span class='ocrx_word' id='word_1_136' title='bbox 357 1189 422 1232; x_wconf 94' lang='lat' dir='ltr'>illa</span> <span class='ocrx_word' id='word_1_137' title='bbox 457 1202 564 1246; x_wconf 78' lang='lat' dir='ltr'>quae</span> <span class='ocrx_word' id='word_1_138' title='bbox 599 1189 838 1232; x_wconf 83' lang='lat' dir='ltr'>immediate</span> <span class='ocrx_word' id='word_1_139' title='bbox 872 1191 1140 1246; x_wconf 88' lang='lat' dir='ltr'>praeponitur</span> <span class='ocrx_word' id='word_1_140' title='bbox 1173 1188 1312 1232; x_wconf 91' lang='lat' dir='ltr'>Codici</span> <span class='ocrx_word' id='word_1_141' title='bbox 1359 1188 1461 1231; x_wconf 89' lang='lat' dir='ltr'>luris</span> <span class='ocrx_word' id='word_1_142' title='bbox 1504 1190 1691 1231; x_wconf 82' lang='lat' dir='ltr'>canonici</span> 
     </span>
     <span class='ocr_line' id='line_1_17' title="bbox 64 1258 1692 1304; baseline 0 -3"><span class='ocrx_word' id='word_1_143' title='bbox 64 1261 101 1302; x_wconf 93' lang='lat' dir='ltr'>in</span> <span class='ocrx_word' id='word_1_144' title='bbox 137 1259 258 1302; x_wconf 80' lang='lat' dir='ltr'>liuius</span> <span class='ocrx_word' id='word_1_145' title='bbox 281 1259 544 1303; x_wconf 86' lang='lat' dir='ltr'>editionibus.</span> <span class='ocrx_word' id='word_1_146' title='bbox 579 1260 691 1304; x_wconf 89' lang='lat' dir='ltr'>Haec</span> <span class='ocrx_word' id='word_1_147' title='bbox 730 1277 751 1300; x_wconf 87' lang='lat'>«</span> <span class='ocrx_word' id='word_1_148' title='bbox 773 1260 972 1303; x_wconf 78' lang='lat' dir='ltr'>Professio</span> <span class='ocrx_word' id='word_1_149' title='bbox 996 1259 1226 1303; x_wconf 85' lang='lat' dir='ltr'>catholicae</span> <span class='ocrx_word' id='word_1_150' title='bbox 1251 1259 1344 1302; x_wconf 90' lang='lat' dir='ltr'>tidei</span> <span class='ocrx_word' id='word_1_151' title='bbox 1365 1275 1386 1299; x_wconf 84' lang='grc'>))</span> <span class='ocrx_word' id='word_1_152' title='bbox 1414 1273 1487 1302; x_wconf 88' lang='lat' dir='ltr'>seu</span> <span class='ocrx_word' id='word_1_153' title='bbox 1517 1258 1692 1302; x_wconf 78' lang='lat' dir='ltr'>formula</span> 
     </span>
     <span class='ocr_line' id='line_1_18' title="bbox 64 1330 1689 1387; baseline 0 -15"><span class='ocrx_word' id='word_1_154' title='bbox 64 1331 138 1373; x_wconf 82' lang='lat' dir='ltr'>suit</span> <span class='ocrx_word' id='word_1_155' title='bbox 181 1333 313 1387; x_wconf 80' lang='lat' dir='ltr'>primo</span> <span class='ocrx_word' id='word_1_156' title='bbox 357 1331 464 1375; x_wconf 88' lang='lat' dir='ltr'>edita</span> <span class='ocrx_word' id='word_1_157' title='bbox 517 1334 554 1374; x_wconf 93' lang='lat' dir='ltr'>in</span> <span class='ocrx_word' id='word_1_158' title='bbox 599 1337 746 1375; x_wconf 74' lang='lat' dir='ltr'>coiist.⁵</span> <span class='ocrx_word' id='word_1_159' title='bbox 784 1331 1109 1375; x_wconf 76' lang='lat' dir='ltr'>«iniunctum»</span> <span class='ocrx_word' id='word_1_160' title='bbox 1146 1336 1185 1373; x_wconf 89' lang='lat' dir='ltr'>et</span> <span class='ocrx_word' id='word_1_161' title='bbox 1238 1348 1258 1369; x_wconf 87' lang='lat'>«</span> <span class='ocrx_word' id='word_1_162' title='bbox 1285 1330 1324 1373; x_wconf 94' lang='lat' dir='ltr'>ln</span> <span class='ocrx_word' id='word_1_163' title='bbox 1374 1332 1689 1373; x_wconf 62' lang='lat' dir='ltr'>sacrosancta»</span> 
     </span>
     <span class='ocr_line' id='line_1_19' title="bbox 67 1400 1693 1458; baseline -0.001 -14"><span class='ocrx_word' id='word_1_164' title='bbox 67 1401 120 1444; x_wconf 85' lang='lat' dir='ltr'>l&#39;ii</span> <span class='ocrx_word' id='word_1_165' title='bbox 158 1400 207 1443; x_wconf 72' lang='lat' dir='ltr'>tv</span> <span class='ocrx_word' id='word_1_166' title='bbox 232 1401 260 1457; x_wconf 79' lang='lat'>²,</span> <span class='ocrx_word' id='word_1_167' title='bbox 296 1407 337 1445; x_wconf 94' lang='lat' dir='ltr'>ut</span> <span class='ocrx_word' id='word_1_168' title='bbox 372 1407 516 1445; x_wconf 82' lang='lat' dir='ltr'>exacte</span> <span class='ocrx_word' id='word_1_169' title='bbox 550 1402 881 1458; x_wconf 87' lang='lat' dir='ltr'>adimplerentur</span> <span class='ocrx_word' id='word_1_170' title='bbox 914 1401 1088 1445; x_wconf 79' lang='lat' dir='ltr'>Decreta</span> <span class='ocrx_word' id='word_1_171' title='bbox 1123 1402 1246 1445; x_wconf 73' lang='lat' dir='ltr'>(lonc.</span> <span class='ocrx_word' id='word_1_172' title='bbox 1281 1400 1390 1444; x_wconf 90' lang='lat' dir='ltr'>Trid.</span> <span class='ocrx_word' id='word_1_173' title='bbox 1426 1401 1477 1444; x_wconf 92' lang='lat' dir='ltr'>de</span> <span class='ocrx_word' id='word_1_174' title='bbox 1522 1401 1597 1444; x_wconf 88' lang='lat' dir='ltr'>bac</span> <span class='ocrx_word' id='word_1_175' title='bbox 1638 1414 1693 1453; x_wconf 88' lang='lat' dir='ltr'>re,</span> 
     </span>
     <span class='ocr_line' id='line_1_20' title="bbox 64 1470 1691 1528; baseline 0 -14"><span class='ocrx_word' id='word_1_176' title='bbox 64 1471 134 1515; x_wconf 91' lang='lat' dir='ltr'>sed</span> <span class='ocrx_word' id='word_1_177' title='bbox 171 1477 291 1528; x_wconf 90' lang='lat' dir='ltr'>prout</span> <span class='ocrx_word' id='word_1_178' title='bbox 314 1477 427 1515; x_wconf 80' lang='lat' dir='ltr'>extat</span> <span class='ocrx_word' id='word_1_179' title='bbox 458 1486 580 1525; x_wconf 85' lang='lat' dir='ltr'>nunc,</span> <span class='ocrx_word' id='word_1_180' title='bbox 604 1477 663 1515; x_wconf 88' lang='lat' dir='ltr'>est</span> <span class='ocrx_word' id='word_1_181' title='bbox 699 1475 838 1528; x_wconf 73' lang='lat' dir='ltr'>parvis</span> <span class='ocrx_word' id='word_1_182' title='bbox 862 1471 1143 1516; x_wconf 81' lang='lat' dir='ltr'>additionibus</span> <span class='ocrx_word' id='word_1_183' title='bbox 1167 1477 1286 1515; x_wconf 88' lang='lat' dir='ltr'>aucta</span> <span class='ocrx_word' id='word_1_184' title='bbox 1312 1485 1385 1528; x_wconf 92' lang='lat' dir='ltr'>per</span> <span class='ocrx_word' id='word_1_185' title='bbox 1409 1470 1503 1514; x_wconf 90' lang='lat' dir='ltr'>Dec.</span> <span class='ocrx_word' id='word_1_186' title='bbox 1534 1470 1691 1523; x_wconf 83' lang='lat' dir='ltr'>«Quod</span> 
     </span>
     <span class='ocr_line' id='line_1_21' title="bbox 65 1541 1697 1600; baseline -0.001 -15"><span class='ocrx_word' id='word_1_187' title='bbox 65 1555 86 1585; x_wconf 91' lang='lat' dir='ltr'>a</span> <span class='ocrx_word' id='word_1_188' title='bbox 123 1545 306 1599; x_wconf 78' lang='lat' dir='ltr'>priscis»</span> <span class='ocrx_word' id='word_1_189' title='bbox 344 1544 382 1587; x_wconf 85' lang='lat' dir='ltr'>S.</span> <span class='ocrx_word' id='word_1_190' title='bbox 417 1542 458 1587; x_wconf 92' lang='lat' dir='ltr'>C.</span> <span class='ocrx_word' id='word_1_191' title='bbox 493 1542 534 1587; x_wconf 88' lang='lat' dir='ltr'>C.</span> <span class='ocrx_word' id='word_1_192' title='bbox 556 1543 584 1595; x_wconf 80' lang='lat'>³,</span> <span class='ocrx_word' id='word_1_193' title='bbox 622 1549 663 1586; x_wconf 94' lang='lat' dir='ltr'>ut</span> <span class='ocrx_word' id='word_1_194' title='bbox 696 1543 891 1600; x_wconf 83' lang='lat' dir='ltr'>explicite</span> <span class='ocrx_word' id='word_1_195' title='bbox 916 1546 1146 1586; x_wconf 85' lang='lat' dir='ltr'>contineret</span> <span class='ocrx_word' id='word_1_196' title='bbox 1180 1543 1374 1599; x_wconf 82' lang='lat' dir='ltr'>dogmata</span> <span class='ocrx_word' id='word_1_197' title='bbox 1411 1544 1447 1585; x_wconf 96' lang='lat' dir='ltr'>in</span> <span class='ocrx_word' id='word_1_198' title='bbox 1472 1542 1594 1585; x_wconf 71' lang='lat' dir='ltr'>(lonc.</span> <span class='ocrx_word' id='word_1_199' title='bbox 1626 1541 1697 1585; x_wconf 59' lang='lat' dir='ltr'>Va-</span> 
     </span>
     <span class='ocr_line' id='line_1_22' title="bbox 67 1612 1665 1671; baseline -0.001 -15"><span class='ocrx_word' id='word_1_200' title='bbox 67 1616 202 1657; x_wconf 88' lang='lat' dir='ltr'>ticano</span> <span class='ocrx_word' id='word_1_201' title='bbox 235 1614 419 1659; x_wconf 78' lang='lat' dir='ltr'>definita.</span> <span class='ocrx_word' id='word_1_202' title='bbox 443 1641 500 1644; x_wconf 85' lang='lat'><em>—</em></span> <span class='ocrx_word' id='word_1_203' title='bbox 538 1612 883 1670; x_wconf 80' lang='lat' dir='ltr'>«Obligatione»</span> <span class='ocrx_word' id='word_1_204' title='bbox 922 1617 1049 1671; x_wconf 87' lang='lat' dir='ltr'>igitur</span> <span class='ocrx_word' id='word_1_205' title='bbox 1081 1616 1139 1657; x_wconf 88' lang='lat' dir='ltr'>sic</span> <span class='ocrx_word' id='word_1_206' title='bbox 1173 1613 1380 1657; x_wconf 90' lang='lat' dir='ltr'>declarata</span> <span class='ocrx_word' id='word_1_207' title='bbox 1419 1618 1665 1656; x_wconf 77' lang='lat' dir='ltr'>lenenlar:.</span> 
     </span>
    </p>

    <p class='ocr_par' dir='ltr' id='par_1_5' title="bbox 7 1684 1708 2734">
     <span class='ocr_line' id='line_1_23' title="bbox 184 1684 1694 1742; baseline -0.001 -15"><span class='ocrx_word' id='word_1_208' title='bbox 184 1684 240 1727; x_wconf 76' lang='lat' dir='ltr'>L⁰</span> <span class='ocrx_word' id='word_1_209' title='bbox 279 1684 427 1728; x_wconf 72' lang='lat' dir='ltr'>(oram</span> <span class='ocrx_word' id='word_1_210' title='bbox 468 1684 668 1742; x_wconf 72' lang='lat' dir='ltr'>praeside</span> <span class='ocrx_word' id='word_1_211' title='bbox 698 1685 957 1741; x_wconf 88' lang='lat' dir='ltr'>singulorum</span> <span class='ocrx_word' id='word_1_212' title='bbox 1002 1684 1281 1728; x_wconf 76' lang='lat' dir='ltr'>Conciliorun]</span> <span class='ocrx_word' id='word_1_213' title='bbox 1329 1697 1375 1727; x_wconf 88' lang='lat' dir='ltr'>ac</span> <span class='ocrx_word' id='word_1_214' title='bbox 1418 1684 1694 1740; x_wconf 66' lang='lat' dir='ltr'>synodorum.</span> 
     </span>
     <span class='ocr_line' id='line_1_24' title="bbox 67 1755 1696 1813; baseline -0.001 -15"><span class='ocrx_word' id='word_1_215' title='bbox 67 1756 206 1799; x_wconf 71' lang='lat' dir='ltr'>eiusce</span> <span class='ocrx_word' id='word_1_216' title='bbox 237 1755 428 1811; x_wconf 62' lang='lat' dir='ltr'>delegato</span> <span class='ocrx_word' id='word_1_217' title='bbox 454 1758 637 1800; x_wconf 80' lang='lat' dir='ltr'>fortassis</span> <span class='ocrx_word' id='word_1_218' title='bbox 671 1759 709 1799; x_wconf 96' lang='lat' dir='ltr'>in</span> <span class='ocrx_word' id='word_1_219' title='bbox 746 1756 854 1799; x_wconf 84' lang='lat' dir='ltr'>liunc</span> <span class='ocrx_word' id='word_1_220' title='bbox 889 1760 1046 1799; x_wconf 90' lang='lat' dir='ltr'>tantum</span> <span class='ocrx_word' id='word_1_221' title='bbox 1084 1757 1221 1810; x_wconf 89' lang='lat' dir='ltr'>tinem,</span> <span class='ocrx_word' id='word_1_222' title='bbox 1247 1755 1319 1813; x_wconf 73' lang='lat' dir='ltr'>qai</span> <span class='ocrx_word' id='word_1_223' title='bbox 1346 1755 1616 1799; x_wconf 69' lang='lat' dir='ltr'>Oecamenieo</span> <span class='ocrx_word' id='word_1_224' title='bbox 1641 1755 1696 1805; x_wconf 70' lang='lat' dir='ltr'>tlii</span> 
     </span>
     <span class='ocr_line' id='line_1_25' title="bbox 69 1826 1697 1885; baseline -0.001 -15"><span class='ocrx_word' id='word_1_225' title='bbox 69 1829 182 1871; x_wconf 84' lang='lat' dir='ltr'>iuxta</span> <span class='ocrx_word' id='word_1_226' title='bbox 216 1829 377 1884; x_wconf 85' lang='lat' dir='ltr'>praxim</span> <span class='ocrx_word' id='word_1_227' title='bbox 411 1829 523 1884; x_wconf 93' lang='lat' dir='ltr'>prius</span> <span class='ocrx_word' id='word_1_228' title='bbox 555 1827 784 1884; x_wconf 75' lang='lat' dir='ltr'>servatam)</span> <span class='ocrx_word' id='word_1_229' title='bbox 821 1826 881 1870; x_wconf 78' lang='lat' dir='ltr'>rel</span> <span class='ocrx_word' id='word_1_230' title='bbox 910 1827 1185 1885; x_wconf 74' lang='lat' dir='ltr'>particulari,</span> <span class='ocrx_word' id='word_1_231' title='bbox 1210 1829 1299 1870; x_wconf 75' lang='lat' dir='ltr'>sive</span> <span class='ocrx_word' id='word_1_232' title='bbox 1340 1827 1588 1869; x_wconf 69' lang='lat' dir='ltr'>Provinciali</span> <span class='ocrx_word' id='word_1_233' title='bbox 1632 1828 1697 1869; x_wconf 90' lang='lat' dir='ltr'>cui</span> 
     </span>
     <span class='ocr_line' id='line_1_26' title="bbox 71 1897 1699 1955; baseline -0.001 -14"><span class='ocrx_word' id='word_1_234' title='bbox 71 1900 202 1954; x_wconf 89' lang='lat' dir='ltr'>primo</span> <span class='ocrx_word' id='word_1_235' title='bbox 236 1900 426 1941; x_wconf 84' lang='lat' dir='ltr'>intersint</span> <span class='ocrx_word' id='word_1_236' title='bbox 458 1912 506 1942; x_wconf 86' lang='lat' dir='ltr'>ex</span> <span class='ocrx_word' id='word_1_237' title='bbox 543 1911 632 1955; x_wconf 79' lang='lat' dir='ltr'>cap.</span> <span class='ocrx_word' id='word_1_238' title='bbox 668 1900 705 1953; x_wconf 77' lang='grc'>2,</span> <span class='ocrx_word' id='word_1_239' title='bbox 740 1912 838 1942; x_wconf 88' lang='lat' dir='ltr'>sess.</span> <span class='ocrx_word' id='word_1_240' title='bbox 877 1898 988 1941; x_wconf 82' lang='lat' dir='ltr'>XXV</span> <span class='ocrx_word' id='word_1_241' title='bbox 1028 1899 1079 1941; x_wconf 94' lang='lat' dir='ltr'>de</span> <span class='ocrx_word' id='word_1_242' title='bbox 1113 1899 1217 1951; x_wconf 52' lang='lat' dir='ltr'>Res„</span> <span class='ocrx_word' id='word_1_243' title='bbox 1251 1901 1340 1942; x_wconf 76' lang='lat' dir='ltr'>sive</span> <span class='ocrx_word' id='word_1_244' title='bbox 1376 1900 1413 1940; x_wconf 96' lang='lat' dir='ltr'>in</span> <span class='ocrx_word' id='word_1_245' title='bbox 1448 1897 1699 1955; x_wconf 78' lang='lat' dir='ltr'>subsequen-</span> 
     </span>
     <span class='ocr_line' id='line_1_27' title="bbox 71 1967 1697 2025; baseline -0.002 -13"><span class='ocrx_word' id='word_1_246' title='bbox 71 1969 190 2025; x_wconf 82' lang='lat' dir='ltr'>tibus,</span> <span class='ocrx_word' id='word_1_247' title='bbox 231 1986 252 2011; x_wconf 79' lang='lat'>«</span> <span class='ocrx_word' id='word_1_248' title='bbox 273 1983 366 2013; x_wconf 89' lang='lat' dir='ltr'>cum</span> <span class='ocrx_word' id='word_1_249' title='bbox 404 1983 478 2013; x_wconf 78' lang='lat' dir='ltr'>usu</span> <span class='ocrx_word' id='word_1_250' title='bbox 512 1972 714 2014; x_wconf 87' lang='lat' dir='ltr'>constanti</span> <span class='ocrx_word' id='word_1_251' title='bbox 739 1973 797 2014; x_wconf 91' lang='lat' dir='ltr'>sic</span> <span class='ocrx_word' id='word_1_252' title='bbox 823 1975 1035 2025; x_wconf 90' lang='lat' dir='ltr'>receptum</span> <span class='ocrx_word' id='word_1_253' title='bbox 1070 1973 1166 2013; x_wconf 85' lang='lat' dir='ltr'>sit»</span> <span class='ocrx_word' id='word_1_254' title='bbox 1196 1970 1224 2023; x_wconf 65' lang='lat'>³¹,</span> <span class='ocrx_word' id='word_1_255' title='bbox 1259 1971 1348 2012; x_wconf 74' lang='lat' dir='ltr'>sive</span> <span class='ocrx_word' id='word_1_256' title='bbox 1384 1969 1567 2025; x_wconf 85' lang='lat' dir='ltr'>plenario</span> <span class='ocrx_word' id='word_1_257' title='bbox 1595 1967 1697 2011; x_wconf 81' lang='lat' dir='ltr'>Con-</span> 
     </span>
     <span class='ocr_line' id='line_1_28' title="bbox 71 2039 1698 2099; baseline -0.001 -16"><span class='ocrx_word' id='word_1_258' title='bbox 71 2039 183 2091; x_wconf 78' lang='lat' dir='ltr'>cilio,</span> <span class='ocrx_word' id='word_1_259' title='bbox 216 2040 255 2083; x_wconf 91' lang='lat' dir='ltr'>hi</span> <span class='ocrx_word' id='word_1_260' title='bbox 290 2054 456 2098; x_wconf 79' lang='lat' dir='ltr'>qnoque</span> <span class='ocrx_word' id='word_1_261' title='bbox 495 2056 514 2082; x_wconf 68' lang='lat'>1&lt;</span> <span class='ocrx_word' id='word_1_262' title='bbox 539 2055 588 2084; x_wconf 83' lang='lat' dir='ltr'>ex</span> <span class='ocrx_word' id='word_1_263' title='bbox 625 2055 699 2085; x_wconf 90' lang='lat' dir='ltr'>usu</span> <span class='ocrx_word' id='word_1_264' title='bbox 734 2043 950 2093; x_wconf 81' lang='lat' dir='ltr'>constanti,</span> <span class='ocrx_word' id='word_1_265' title='bbox 985 2047 1058 2083; x_wconf 74' lang='lat' dir='ltr'>{tect</span> <span class='ocrx_word' id='word_1_266' title='bbox 1093 2039 1259 2099; x_wconf 70' lang='lat' dir='ltr'>Synodo</span> <span class='ocrx_word' id='word_1_267' title='bbox 1293 2039 1581 2092; x_wconf 53' lang='lat' dir='ltr'>dioecesanae,</span> <span class='ocrx_word' id='word_1_268' title='bbox 1614 2043 1698 2081; x_wconf 91' lang='lat' dir='ltr'>tum</span> 
     </span>
     <span class='ocr_line' id='line_1_29' title="bbox 71 2108 1698 2168; baseline -0.002 -15"><span class='ocrx_word' id='word_1_269' title='bbox 71 2112 107 2153; x_wconf 86' lang='lat' dir='ltr'>ei</span> <span class='ocrx_word' id='word_1_270' title='bbox 146 2125 166 2150; x_wconf 74' lang='lat' dir='ltr'>&lt;c</span> <span class='ocrx_word' id='word_1_271' title='bbox 189 2123 295 2167; x_wconf 81' lang='lat' dir='ltr'>quae</span> <span class='ocrx_word' id='word_1_272' title='bbox 320 2113 452 2166; x_wconf 84' lang='lat' dir='ltr'>primo</span> <span class='ocrx_word' id='word_1_273' title='bbox 475 2123 640 2168; x_wconf 82' lang='lat' dir='ltr'>quoque</span> <span class='ocrx_word' id='word_1_274' title='bbox 665 2116 851 2167; x_wconf 89' lang='lat' dir='ltr'>tempore</span> <span class='ocrx_word' id='word_1_275' title='bbox 885 2111 1168 2155; x_wconf 82' lang='lat' dir='ltr'>celebrabitur</span> <span class='ocrx_word' id='word_1_276' title='bbox 1194 2115 1280 2167; x_wconf 83' lang='lat' dir='ltr'>post</span> <span class='ocrx_word' id='word_1_277' title='bbox 1315 2110 1528 2154; x_wconf 87' lang='lat' dir='ltr'>obtentum</span> <span class='ocrx_word' id='word_1_278' title='bbox 1564 2108 1616 2152; x_wconf 91' lang='lat' dir='ltr'>ab</span> <span class='ocrx_word' id='word_1_279' title='bbox 1639 2111 1698 2151; x_wconf 89' lang='lat' dir='ltr'>eis</span> 
     </span>
     <span class='ocr_line' id='line_1_30' title="bbox 75 2179 1702 2236; baseline -0.001 -13"><span class='ocrx_word' id='word_1_280' title='bbox 75 2180 318 2224; x_wconf 88' lang='lat' dir='ltr'>beneticium</span> <span class='ocrx_word' id='word_1_281' title='bbox 355 2181 731 2225; x_wconf 83' lang='lat' dir='ltr'>ecclesiasticum»</span> <span class='ocrx_word' id='word_1_282' title='bbox 757 2182 770 2203; x_wconf 76' lang='lat'><strong>⁵</strong></span> <span class='ocrx_word' id='word_1_283' title='bbox 807 2187 890 2225; x_wconf 89' lang='lat' dir='ltr'>tum</span> <span class='ocrx_word' id='word_1_284' title='bbox 926 2184 1075 2226; x_wconf 89' lang='lat' dir='ltr'>ceteris</span> <span class='ocrx_word' id='word_1_285' title='bbox 1110 2182 1320 2224; x_wconf 69' lang='lat' dir='ltr'>intersunt</span> <span class='ocrx_word' id='word_1_286' title='bbox 1353 2181 1404 2223; x_wconf 91' lang='lat' dir='ltr'>de</span> <span class='ocrx_word' id='word_1_287' title='bbox 1453 2182 1558 2223; x_wconf 88' lang='lat' dir='ltr'>t&#39;acto</span> <span class='ocrx_word' id='word_1_288' title='bbox 1593 2179 1702 2236; x_wconf 86' lang='lat' dir='ltr'>(pro-</span> 
     </span>
     <span class='ocr_line' id='line_1_31' title="bbox 75 2251 1701 2310; baseline -0.001 -17"><span class='ocrx_word' id='word_1_289' title='bbox 75 2251 264 2309; x_wconf 79' lang='lat' dir='ltr'>indeque,</span> <span class='ocrx_word' id='word_1_290' title='bbox 300 2259 387 2308; x_wconf 74' lang='lat' dir='ltr'>posi</span> <span class='ocrx_word' id='word_1_291' title='bbox 420 2255 691 2308; x_wconf 87' lang='lat' dir='ltr'>aperitionem</span> <span class='ocrx_word' id='word_1_292' title='bbox 725 2252 897 2297; x_wconf 85' lang='lat' dir='ltr'>Concilii</span> <span class='ocrx_word' id='word_1_293' title='bbox 935 2253 998 2296; x_wconf 73' lang='lat' dir='ltr'>vel</span> <span class='ocrx_word' id='word_1_294' title='bbox 1033 2252 1223 2310; x_wconf 68' lang='lat' dir='ltr'>synodi),</span> <span class='ocrx_word' id='word_1_295' title='bbox 1256 2252 1327 2295; x_wconf 88' lang='lat' dir='ltr'>sed</span> <span class='ocrx_word' id='word_1_296' title='bbox 1363 2266 1454 2294; x_wconf 77' lang='lat' dir='ltr'>eum</span> <span class='ocrx_word' id='word_1_297' title='bbox 1499 2256 1587 2294; x_wconf 74' lang='lat' dir='ltr'>colo</span> <span class='ocrx_word' id='word_1_298' title='bbox 1630 2264 1701 2293; x_wconf 72' lang='lat' dir='ltr'>seu</span> 
     </span>
     <span class='ocr_line' id='line_1_32' title="bbox 74 2321 1704 2381; baseline 0 -17"><span class='ocrx_word' id='word_1_299' title='bbox 74 2321 304 2366; x_wconf 71' lang='lat' dir='ltr'>consullivo</span> <span class='ocrx_word' id='word_1_300' title='bbox 337 2337 408 2365; x_wconf 77' lang='lat' dir='ltr'>seu</span> <span class='ocrx_word' id='word_1_301' title='bbox 442 2322 732 2377; x_wconf 70' lang='lat' dir='ltr'>deliberativo,</span> <span class='ocrx_word' id='word_1_302' title='bbox 766 2337 869 2381; x_wconf 80' lang='lat' dir='ltr'>quos</span> <span class='ocrx_word' id='word_1_303' title='bbox 902 2337 1072 2367; x_wconf 87' lang='lat' dir='ltr'>noscere</span> <span class='ocrx_word' id='word_1_304' title='bbox 1106 2328 1270 2379; x_wconf 89' lang='lat' dir='ltr'>oportet</span> <span class='ocrx_word' id='word_1_305' title='bbox 1300 2326 1412 2366; x_wconf 80' lang='lat' dir='ltr'>iuxta</span> <span class='ocrx_word' id='word_1_306' title='bbox 1446 2322 1704 2365; x_wconf 83' lang='lat' dir='ltr'>Commenta-</span> 
     </span>
     <span class='ocr_line' id='line_1_33' title="bbox 76 2393 1698 2451; baseline -0.001 -16"><span class='ocrx_word' id='word_1_307' title='bbox 76 2396 181 2436; x_wconf 92' lang='lat' dir='ltr'>rium</span> <span class='ocrx_word' id='word_1_308' title='bbox 216 2393 371 2437; x_wconf 80' lang='lat' dir='ltr'>Textns</span> <span class='ocrx_word' id='word_1_309' title='bbox 402 2394 452 2437; x_wconf 89' lang='lat' dir='ltr'>ad</span> <span class='ocrx_word' id='word_1_310' title='bbox 502 2408 681 2438; x_wconf 89' lang='lat' dir='ltr'>canones</span> <span class='ocrx_word' id='word_1_311' title='bbox 721 2394 819 2448; x_wconf 79' lang='grc'>286,</span> <span class='ocrx_word' id='word_1_312' title='bbox 854 2395 952 2443; x_wconf 75' lang='grc'>287,</span> <span class='ocrx_word' id='word_1_313' title='bbox 988 2395 1071 2438; x_wconf 79' lang='grc'>282</span> <span class='ocrx_word' id='word_1_314' title='bbox 1107 2400 1147 2438; x_wconf 87' lang='lat' dir='ltr'>et</span> <span class='ocrx_word' id='word_1_315' title='bbox 1182 2395 1287 2441; x_wconf 67' lang='lat'>:3:582</span> <span class='ocrx_word' id='word_1_316' title='bbox 1330 2407 1503 2451; x_wconf 69' lang='lat' dir='ltr'>praeses</span> <span class='ocrx_word' id='word_1_317' title='bbox 1546 2398 1698 2446; x_wconf 76' lang='lat' dir='ltr'>autem,</span> 
     </span>
     <span class='ocr_line' id='line_1_34' title="bbox 74 2463 1702 2521; baseline -0.001 -14"><span class='ocrx_word' id='word_1_318' title='bbox 74 2464 253 2508; x_wconf 86' lang='lat' dir='ltr'>scilieet:</span> <span class='ocrx_word' id='word_1_319' title='bbox 288 2464 328 2521; x_wconf 87' lang='lat' dir='ltr'>a)</span> <span class='ocrx_word' id='word_1_320' title='bbox 368 2480 388 2505; x_wconf 66' lang='grc' dir='ltr'>(ε</span> <span class='ocrx_word' id='word_1_321' title='bbox 415 2464 589 2521; x_wconf 83' lang='lat' dir='ltr'>Legatus</span> <span class='ocrx_word' id='word_1_322' title='bbox 620 2478 641 2508; x_wconf 88' lang='lat' dir='ltr'>a</span> <span class='ocrx_word' id='word_1_323' title='bbox 686 2465 871 2509; x_wconf 85' lang='lat' dir='ltr'>Romano</span> <span class='ocrx_word' id='word_1_324' title='bbox 916 2465 1113 2509; x_wconf 89' lang='lat' dir='ltr'>Pontilice</span> <span class='ocrx_word' id='word_1_325' title='bbox 1156 2465 1206 2508; x_wconf 89' lang='lat' dir='ltr'>ad</span> <span class='ocrx_word' id='word_1_326' title='bbox 1241 2463 1423 2509; x_wconf 87' lang='lat' dir='ltr'>Concilio</span> <span class='ocrx_word' id='word_1_327' title='bbox 1468 2463 1702 2520; x_wconf 83' lang='lat' dir='ltr'>praesiden-</span> 
     </span>
     <span class='ocr_line' id='line_1_35' title="bbox 76 2533 1704 2593; baseline -0.002 -15"><span class='ocrx_word' id='word_1_328' title='bbox 76 2535 174 2578; x_wconf 90' lang='lat' dir='ltr'>dum</span> <span class='ocrx_word' id='word_1_329' title='bbox 195 2550 214 2576; x_wconf 86' lang='lat'>»</span> <span class='ocrx_word' id='word_1_330' title='bbox 237 2534 347 2591; x_wconf 84' lang='lat' dir='ltr'>(can.</span> <span class='ocrx_word' id='word_1_331' title='bbox 368 2535 485 2592; x_wconf 82' lang='grc'>281),</span> <span class='ocrx_word' id='word_1_332' title='bbox 510 2535 551 2593; x_wconf 88' lang='lat' dir='ltr'>b)</span> <span class='ocrx_word' id='word_1_333' title='bbox 581 2552 602 2576; x_wconf 84' lang='lat'>&lt;‹</span> <span class='ocrx_word' id='word_1_334' title='bbox 625 2535 897 2592; x_wconf 86' lang='lat' dir='ltr'>Metropolita,</span> <span class='ocrx_word' id='word_1_335' title='bbox 923 2549 1056 2593; x_wconf 79' lang='lat' dir='ltr'>eoque</span> <span class='ocrx_word' id='word_1_336' title='bbox 1082 2536 1265 2593; x_wconf 85' lang='lat' dir='ltr'>legitime</span> <span class='ocrx_word' id='word_1_337' title='bbox 1291 2535 1487 2591; x_wconf 88' lang='lat' dir='ltr'>impedito</span> <span class='ocrx_word' id='word_1_338' title='bbox 1515 2534 1575 2577; x_wconf 66' lang='lat' dir='ltr'>rel</span> <span class='ocrx_word' id='word_1_339' title='bbox 1601 2533 1704 2576; x_wconf 73' lang='lat' dir='ltr'>Sede</span> 
     </span>
     <span class='ocr_line' id='line_1_36' title="bbox 7 2604 1707 2664; baseline -0.002 -15"><span class='ocrx_word' id='word_1_340' title='bbox 7 2646 12 2654; x_wconf 95' lang='grc'><em>,</em></span> <span class='ocrx_word' id='word_1_341' title='bbox 75 2605 429 2662; x_wconf 73' lang='lat' dir='ltr'>Arcliiepiscopali</span> <span class='ocrx_word' id='word_1_342' title='bbox 466 2612 653 2658; x_wconf 79' lang='lat' dir='ltr'>vacante,</span> <span class='ocrx_word' id='word_1_343' title='bbox 687 2608 983 2663; x_wconf 83' lang='lat' dir='ltr'>Sutl&#39;raganeus</span> <span class='ocrx_word' id='word_1_344' title='bbox 1015 2609 1224 2664; x_wconf 83' lang='lat' dir='ltr'>antiquior</span> <span class='ocrx_word' id='word_1_345' title='bbox 1259 2607 1517 2663; x_wconf 89' lang='lat' dir='ltr'>promotione</span> <span class='ocrx_word' id='word_1_346' title='bbox 1550 2604 1599 2647; x_wconf 91' lang='lat' dir='ltr'>ad</span> <span class='ocrx_word' id='word_1_347' title='bbox 1645 2617 1707 2647; x_wconf 90' lang='lat' dir='ltr'>ec-</span> 
     </span>
     <span class='ocr_line' id='line_1_37' title="bbox 77 2673 1708 2734; baseline -0.002 -14"><span class='ocrx_word' id='word_1_348' title='bbox 77 2676 247 2720; x_wconf 88' lang='lat' dir='ltr'>clesiam</span> <span class='ocrx_word' id='word_1_349' title='bbox 270 2676 575 2733; x_wconf 82' lang='lat' dir='ltr'>suffraganeam</span> <span class='ocrx_word' id='word_1_350' title='bbox 600 2693 621 2717; x_wconf 85' lang='lat'>»</span> <span class='ocrx_word' id='word_1_351' title='bbox 651 2677 758 2734; x_wconf 87' lang='lat' dir='ltr'>(can.</span> <span class='ocrx_word' id='word_1_352' title='bbox 781 2677 877 2721; x_wconf 71' lang='lat'>284:</span> <span class='ocrx_word' id='word_1_353' title='bbox 915 2677 988 2734; x_wconf 55' lang='lat'>⁴2⁰),</span> <span class='ocrx_word' id='word_1_354' title='bbox 1034 2678 1074 2734; x_wconf 84' lang='lat' dir='ltr'>c)</span> <span class='ocrx_word' id='word_1_355' title='bbox 1114 2694 1135 2718; x_wconf 85' lang='lat'>«</span> <span class='ocrx_word' id='word_1_356' title='bbox 1159 2677 1386 2734; x_wconf 86' lang='lat' dir='ltr'>Episcopus</span> <span class='ocrx_word' id='word_1_357' title='bbox 1422 2675 1483 2718; x_wconf 70' lang='lat' dir='ltr'>vet</span> <span class='ocrx_word' id='word_1_358' title='bbox 1521 2673 1708 2717; x_wconf 63' lang='lat' dir='ltr'>Yicarins</span> 
     </span>
    </p>
   </div>
   <div class='ocr_carea' id='block_1_4' title="bbox 79 2804 1709 2945">
    <p class='ocr_par' dir='ltr' id='par_1_6' title="bbox 79 2804 1709 2945">
     <span class='ocr_line' id='line_1_38' title="bbox 197 2804 1705 2851; baseline -0.002 -11"><span class='ocrx_word' id='word_1_359' title='bbox 197 2808 208 2828; x_wconf 83' lang='lat'>1</span> <span class='ocrx_word' id='word_1_360' title='bbox 235 2806 282 2840; x_wconf 90' lang='lat' dir='ltr'>D.</span> <span class='ocrx_word' id='word_1_361' title='bbox 313 2805 381 2841; x_wconf 70' lang='lat' dir='ltr'>Th.</span> <span class='ocrx_word' id='word_1_362' title='bbox 409 2806 519 2847; x_wconf 84' lang='grc' dir='ltr'><strong>ΙΙ-ΙΙ,</strong></span> <span class='ocrx_word' id='word_1_363' title='bbox 549 2818 583 2851; x_wconf 89' lang='lat' dir='ltr'>q.</span> <span class='ocrx_word' id='word_1_364' title='bbox 613 2806 666 2847; x_wconf 79' lang='grc' dir='ltr'>Π,</span> <span class='ocrx_word' id='word_1_365' title='bbox 693 2818 727 2839; x_wconf 74' lang='lat' dir='ltr'>a.</span> <span class='ocrx_word' id='word_1_366' title='bbox 761 2810 774 2840; x_wconf 91' lang='lat'>1</span> <span class='ocrx_word' id='word_1_367' title='bbox 805 2818 837 2840; x_wconf 86' lang='lat' dir='ltr'>c.</span> <span class='ocrx_word' id='word_1_368' title='bbox 867 2827 909 2831; x_wconf 83' lang='lat'><strong>—</strong></span> <span class='ocrx_word' id='word_1_369' title='bbox 936 2807 949 2828; x_wconf 71' lang='lat'><strong>²</strong></span> <span class='ocrx_word' id='word_1_370' title='bbox 978 2807 1020 2841; x_wconf 81' lang='lat'>13</span> <span class='ocrx_word' id='word_1_371' title='bbox 1046 2807 1145 2841; x_wconf 58' lang='lat' dir='ltr'>Now</span> <span class='ocrx_word' id='word_1_372' title='bbox 1178 2807 1281 2840; x_wconf 78' lang='lat'>1564.</span> <span class='ocrx_word' id='word_1_373' title='bbox 1312 2826 1353 2830; x_wconf 95' lang='lat'><strong>—</strong></span> <span class='ocrx_word' id='word_1_374' title='bbox 1380 2806 1394 2826; x_wconf 69' lang='lat'>3</span> <span class='ocrx_word' id='word_1_375' title='bbox 1420 2805 1466 2838; x_wconf 74' lang='lat'>20</span> <span class='ocrx_word' id='word_1_376' title='bbox 1490 2804 1574 2838; x_wconf 83' lang='lat' dir='ltr'>Ian.</span> <span class='ocrx_word' id='word_1_377' title='bbox 1602 2804 1705 2838; x_wconf 69' lang='lat'>1877.</span> 
     </span>
     <span class='ocr_line' id='line_1_39' title="bbox 80 2853 1709 2898; baseline -0.002 -11"><span class='ocrx_word' id='word_1_378' title='bbox 80 2873 121 2878; x_wconf 89' lang='lat'>—</span> <span class='ocrx_word' id='word_1_379' title='bbox 148 2853 161 2875; x_wconf 64' lang='lat'><strong>⁴</strong></span> <span class='ocrx_word' id='word_1_380' title='bbox 189 2853 226 2887; x_wconf 84' lang='lat' dir='ltr'>S.</span> <span class='ocrx_word' id='word_1_381' title='bbox 251 2853 292 2888; x_wconf 93' lang='lat' dir='ltr'>C.</span> <span class='ocrx_word' id='word_1_382' title='bbox 321 2853 367 2887; x_wconf 82' lang='lat' dir='ltr'>de</span> <span class='ocrx_word' id='word_1_383' title='bbox 397 2853 508 2898; x_wconf 85' lang='lat' dir='ltr'>Prop.</span> <span class='ocrx_word' id='word_1_384' title='bbox 540 2853 649 2890; x_wconf 70' lang='lat' dir='ltr'>Fide.</span> <span class='ocrx_word' id='word_1_385' title='bbox 677 2854 699 2887; x_wconf 76' lang='lat' dir='ltr'>S</span> <span class='ocrx_word' id='word_1_386' title='bbox 725 2853 819 2887; x_wconf 79' lang='lat' dir='ltr'>Maii</span> <span class='ocrx_word' id='word_1_387' title='bbox 848 2854 940 2888; x_wconf 74' lang='lat'>1860</span> <span class='ocrx_word' id='word_1_388' title='bbox 965 2854 1012 2888; x_wconf 86' lang='lat' dir='ltr'>ad</span> <span class='ocrx_word' id='word_1_389' title='bbox 1040 2854 1222 2898; x_wconf 63' lang='lat' dir='ltr'>Arc-hiep.</span> <span class='ocrx_word' id='word_1_390' title='bbox 1249 2853 1643 2887; x_wconf 59' lang='lat' dir='ltr'>XVestmonasterion.</span> <span class='ocrx_word' id='word_1_391' title='bbox 1667 2871 1709 2875; x_wconf 90' lang='lat'><strong>—</strong></span> 
     </span>
     <span class='ocr_line' id='line_1_40' title="bbox 79 2900 724 2945; baseline -0.002 -10"><span class='ocrx_word' id='word_1_392' title='bbox 79 2901 92 2922; x_wconf 67' lang='grc'><strong>5</strong></span> <span class='ocrx_word' id='word_1_393' title='bbox 119 2900 197 2945; x_wconf 88' lang='lat' dir='ltr'>Cap</span> <span class='ocrx_word' id='word_1_394' title='bbox 239 2902 274 2943; x_wconf 73' lang='lat'>2,</span> <span class='ocrx_word' id='word_1_395' title='bbox 303 2912 397 2935; x_wconf 81' lang='lat' dir='ltr'>sess.</span> <span class='ocrx_word' id='word_1_396' title='bbox 426 2901 539 2935; x_wconf 80' lang='lat' dir='ltr'>XXV</span> <span class='ocrx_word' id='word_1_397' title='bbox 566 2900 611 2935; x_wconf 86' lang='lat' dir='ltr'>de</span> <span class='ocrx_word' id='word_1_398' title='bbox 638 2900 724 2935; x_wconf 69' lang='lat' dir='ltr'>Res.</span> 
     </span>
    </p>
   </div>
  </div>
 </body>
</html>
