1965 3240
219 176 301 210 Tl'r.
328 175 480 211 XXIII.
507 195 517 201 -
546 176 602 211 De
623 178 787 220 praevia
813 185 976 209 censura
1004 176 1194 209 librorum
1221 187 1430 220 eomrmqne
1452 177 1603 220 prohib.
1652 176 1719 210 341

219 292 281 337 lV.
315 291 500 346 Quaevis
523 296 659 350 typica
684 293 809 337 editio
832 291 1141 349 approbationis
1167 294 1311 336 ret'eret
1340 292 1572 344 Decretum,
1599 293 1720 337 talem

98 365 321 409 editionem
346 377 435 407 esse
460 367 640 421 typicam
666 364 897 418 declaranS,
915 363 1121 420 simulque
1145 364 1336 407 omnibus
1359 364 1587 407 editoribus
1611 377 1723 421 prae-

97 435 296 490 scribens,
332 439 374 478 ut
415 435 650 491 praedictae
692 435 861 479 editioni
903 436 1067 490 typicae
1112 435 1270 477 futuras
1312 435 1513 478 editiones
1555 437 1722 477 ommno

98 507 371 551 conforment.

219 576 262 621 V.
296 576 499 631 Editores,
533 576 670 634 aliqua
705 576 885 619 editione
920 577 1054 632 typica
1090 575 1308 631 completa,
1343 576 1424 618 duo
1468 576 1720 632 exeinplaria

98 648 193 692 huic
226 648 264 691 S.
300 647 346 691 R.
381 646 545 704 Congr.i
572 647 779 691 tradent...

215 717 279 761 Vl.
314 716 463 771 Quivis
495 717 810 775 ‘l'ypograplius,
843 717 1070 761 accedente
1113 731 1314 761 consensu
1355 723 1391 760 et
1426 718 1721 774 approbatione

97 792 321 848 respectivi
354 786 582 843 Ordinarii,
618 789 821 832 editiones
856 791 968 832 iuxta
1002 788 1190 845 Typieas,
1224 801 1330 846 quae
1364 802 1512 846 nempe
1535 790 1722 833 adamus-

94 864 170 905 sim
206 861 430 918 praedictis
464 860 717 904 editionibus
750 862 900 917 typicis
934 860 1225 917 respondeant,
1258 860 1467 903 excudere
1503 866 1646 917 potest.

218 931 298 977 vlt.
333 931 440 975 Rmi.
475 931 658 974 locorum
695 928 923 985 Ordinarii,
957 930 1143 987 diligenti
1178 944 1400 988 rerumque
1436 930 1720 987 liturgicarum

95 1005 226 1060 perito
259 1004 483 1046 constituto
519 1004 716 1056 revisere,
750 1004 818 1059 qui
858 1001 995 1044 videat
1027 1014 1077 1044 an
1114 1003 1318 1057 praelatae
1362 1002 1563 1045 editiones
1602 1002 1721 1058 plane

93 1087 186 1117 cum
221 1075 371 1130 typicis
404 1073 672 1126 concordent,
707 1072 827 1119 talem
873 1072 1211 1116 concordantiam
1252 1072 1465 1116 declarent
1507 1078 1545 1116 et
1580 1075 1720 1130 impri-

95 1149 231 1188 matur
263 1149 485 1201 apponant.

215 1214 312 1258 Vlll.
347 1215 492 1270 Quoad
528 1215 730 1259 editiones
764 1214 979 1259 Missarum
1013 1220 1083 1259 aut
1114 1213 1358 1260 Oiliciorum
1394 1216 1568 1260 alieuius
1604 1216 1718 1260 Dioe-

91 1288 198 1331 cesis
233 1287 515 1344 Propriorum,
564 1286 798 1344 dequibus
845 1287 970 1330 editio
1020 1289 1156 1343 typica
1205 1300 1282 1330 non
1334 1291 1458 1341 extat,
1492 1289 1524 1331 si
1560 1290 1597 1330 in
1634 1290 1719 1344 ipsa

91 1346 278 1401 Dioecesi
312 1357 528 1401 cudendae
561 1359 655 1413 sint,
682 1356 786 1401 Rmi.
814 1357 999 1401 locorum
1024 1355 1234 1402 Ordinarii
1260 1358 1597 1402 concordantiam
1623 1372 1716 1402 cum

90 1427 363 1485 imaginalibus
386 1428 601 1471 declarent
624 1432 663 1471 et
688 1430 952 1484 irnsinimatur
975 1434 1198 1485 apponant.
1222 1430 1367 1484 Quoad
1396 1443 1493 1473 vero
1518 1430 1719 1474 editiones

91 1499 356 1555 Propi-iorum
392 1503 476 1542 tum
512 1498 671 1542 alienae
705 1498 928 1553 Dioecesis,
963 1504 1046 1542 tum
1081 1497 1288 1544 Ordinum
1332 1499 1599 1556 Regularium
1645 1514 1715 1544 seu

89 1570 482 1626 Congregationum,
517 1569 622 1615 Rmi.
659 1570 845 1613 locorum
864 1568 1091 1623 Ordinarii,
1125 1584 1302 1628 quorum
1339 1571 1610 1615 iurisdictioni
1641 1571 1717 1627 Ty-

89 1640 289 1697 pograplii
323 1640 552 1694 subiacent,
588 1643 853 1697 imprimatur
885 1646 1107 1698 apponant,
1133 1646 1348 1699 postquam
1380 1642 1442 1685 vel
1468 1640 1717 1687 Ordinarius

87 1710 310 1765 Dioecesis,
348 1711 411 1754 vel
445 1711 643 1768 Superior
675 1709 846 1756 Ordinis
878 1725 949 1755 seu
984 1712 1338 1769 Congregationis,
1374 1713 1423 1756 ad
1458 1727 1560 1771 quos
1599 1727 1716 1770 prae-

88 1782 197 1826 dicta
231 1779 378 1827 Officia
412 1796 485 1826 seu
528 1785 694 1839 propria
739 1785 958 1839 pertinent,
993 1784 1044 1827 de
1086 1783 1231 1826 barum
1272 1784 1499 1827 editionum
1545 1798 1715 1828 coneor-

86 1853 225 1896 dantia
274 1866 368 1897 cum
417 1853 691 1909 originalibus
722 1867 744 1898 a
777 1856 816 1899 S.
853 1854 896 1898 R.
932 1854 975 1898 C.
1008 1854 1247 1911 approbatis
1290 1855 1564 1913 Rescriptum,
1605 1857 1713 1914 quod

88 1925 242 1980 pariter
273 1923 482 1967 edendum
518 1929 591 1980 est,
625 1924 702 1968 sibi
739 1927 1036 1970 remiserint».

204 1993 281 2037 Hic
313 1994 596 2038 adnotandum
631 2008 681 2037 ex
717 1994 812 2038 Dec.
848 1995 888 2037 S.
917 1995 960 2039 u.
985 1994 1028 2039 C.
1054 1998 1091 2038 in
1118 2008 1196 2039 una
1221 1995 1506 2040 Ratisbonensi
1534 1997 1545 2018 ²
1586 2014 1607 2036 «
1629 1995 1714 2039 Pri-

88 2078 195 2107 mam
228 2063 454 2107 editionem
491 2064 779 2122 Propriorum‚
813 2078 919 2123 quae
952 2066 1149 2110 exhibent
1194 2072 1361 2110 cantum
1405 2069 1714 2124 gregoriamim.

84 2134 237 2178 debere
270 2148 359 2178 esse
393 2137 575 2192 typicam
611 2135 853 2192 praehabita
877 2137 1045 2194 quidem
1072 2137 1236 2181 licentia
1262 2137 1370 2181 illius
1393 2136 1604 2182 Ordinarii
1635 2138 1712 2182 loci

87 2204 151 2248 vel
179 2204 456 2249 'Moderatoris
487 2209 670 2263 supremi
705 2204 876 2251 Ordinis
913 2207 975 2251 vel
1010 2207 1199 2263 lnstituti,
1236 2211 1273 2251 in
1319 2211 1437 2252 cuius
1479 2223 1598 2253 usum
1643 2222 1710 2266 pa-

85 2280 200 2318 ratur
231 2275 460 2329 editio‚...»
505 2276 580 2333 (lb.
605 2277 655 2321 ad
681 2277 734 2334 l);
779 2283 818 2321 et
861 2278 1211 2336 subsequentibus
1255 2279 1505 2323 editionibus
1549 2284 1713 2337 aptatur

84 2345 329 2403 obligatorio
363 2348 486 2391 modo
514 2361 621 2406 quae
655 2348 849 2393 iubentur
873 2352 912 2392 in
949 2363 987 2393 n.
1017 2349 1100 2393 Vlll
1133 2356 1251 2394 antea
1287 2351 1428 2395 relato.
1466 2378 1516 2381 —
1542 2351 1712 2408 lnsuper

84 2416 229 2460 eadem
265 2420 372 2462 iussa
406 2419 475 2461 η.18
509 2417 595 2462 Vlll
633 2419 797 2463 videtur
829 2420 1076 2477 applicanda
1116 2436 1204 2465 esse
1245 2421 1323 2465 illis
1367 2422 1569 2477 melodiis,
1604 2436 1709 2480 quae

84 2490 123 2530 in
157 2487 348 2532 Editione
381 2491 518 2546 typica
557 2488 749 2534 Vaticana
801 2504 879 2534 non
930 2495 1205 2548 reperiantur,
1242 2506 1278 2534 v.
1314 2506 1352 2548 g.
1389 2492 1633 2548 hymnorum
1670 2499 1708 2536 et

83 2555 296 2602 Ordinarii
331 2558 491 2615 Missae,
525 2573 631 2617 quae
664 2573 686 2604 a
719 2562 758 2605 5.
792 2561 838 2606 R.
871 2560 913 2606 C.
948 2562 1169 2619 approbari
1204 2565 1438 2619 contigerit.

206 2645 227 2669 «
251 2628 318 2674 IX.
354 2628 469 2673 Inter
501 2629 630 2674 libros
663 2631 703 2676 S.
738 2630 978 2690 Liturqiam
1020 2639 1270 2691 spectantes,
1310 2633 1364 2675 od
1405 2635 1588 2690 effbelmn
1624 2636 1706 2678 cit.i

82 2698 194 2743 Dec.i
220 2700 232 2721 ²
267 2705 486 2757 sequentes
521 2703 744 2758 praecipue
777 2702 1079 2747 adnumerandi
1118 2710 1233 2748 sunt:

207 2785 228 2810 «
255 2769 419 2813 Praeter
451 2784 523 2814 sex
559 2772 662 2815 infra
703 2774 999 2818 recensendos:

203 2922 213 2943 1
240 2922 285 2955 24
313 2921 404 2956 Feb.
435 2923 538 2957 1911.
569 2922 645 2958 CO.
673 2924 745 2963 ΙΙΙ,
776 2925 855 2960 105.
884 2946 923 2950 -
952 2926 966 2947 ²
994 2927 1035 2961 17
1055 2926 1148 2961 Maii
1171 2928 1271 2960 1911.
