1965 3240
576 159 659 193 ΤιΤ.
689 159 835 193 XVIII.
862 179 874 183 -
901 159 957 193 Dc
982 171 1094 193 sacra
1120 162 1351 204 supellectile·
1706 161 1773 194 201

147 278 268 333 diliis,
303 282 389 321 tuin
435 278 687 321 indumentis
719 279 863 321 sericis
905 290 952 320 ac
998 277 1114 320 lineis
1159 280 1492 327 ministrantium,
1530 284 1613 321 turn
1658 292 1774 320 orna-

149 351 296 392 mentis
319 348 510 391 altarium
548 351 702 404 pariter
723 350 867 391 sericis
890 360 937 390 ac
973 348 1101 402 lineis,
1128 353 1213 390 tuni
1248 349 1426 405 denique
1453 349 1644 392 omnibus
1666 362 1772 405 quae

144 419 194 463 ad
220 424 410 462 ornatum
431 419 632 462 ecclcsiae
657 421 829 476 eiusque
854 421 1085 461 accessoria
1110 423 1214 462 sunt.
1236 418 1352 461 Circa
1379 420 1606 462 custodiam
1632 432 1775 462 sacrae

145 489 427 546 supellectilis,
464 491 694 543 materiam,
728 502 775 532 ac
809 490 984 531 somnam
1020 494 1057 531 et
1099 491 1400 545 reparationem
1437 492 1525 532 eius¹
1558 491 1638 532 duo
1681 495 1774 531 sunt

145 561 299 604 conditi
332 573 422 604 can.
452 560 576 611 1296,
600 560 723 602 1297.
748 560 799 602 de
822 572 965 602 sacrae
988 559 1257 615 supellectilis
1288 562 1560 616 acquisitione
1584 575 1632 603 ex
1661 565 1775 615 parte

144 631 356 675 Ecclesiae
391 637 558 686 propter
581 629 737 673 obitum
763 642 854 673 eam
891 629 1189 686 possidentium
1214 635 1363 673 cavent
1398 643 1488 673 can.
1518 630 1775 680 teos-1:301,

145 702 331 746 eiusdem
376 713 476 744 cura
514 705 553 744 et
595 700 923 744 subministratio
966 701 1206 744 dccci-nitur
1250 714 1321 756 per
1363 715 1452 745 can.
1491 702 1614 750 1:302,
1654 702 1778 751 1303,

145 773 324 830 denique
360 772 690 816 benedictionem
724 771 833 814 illius
867 772 1150 824 moderantur,
1175 776 1213 814 et
1247 785 1336 814 can.
1378 772 1483 813 1:301
1520 777 1702 815 statuens
1726 773 1776 815 de

147 845 348 897 ministre,
382 848 421 886 et
454 856 544 887 can.
584 843 692 885 1:305
726 843 777 885 de
812 842 1113 886 benedictionis
1145 844 1380 895 amissione,
1414 847 1536 899 atquc
1578 845 1776 898 praescri-

146 919 261 971 ptum
297 913 506 970 peculiare
541 918 709 970 propter
743 913 855 956 illam
890 913 1221 957 benedictionem
1261 915 1498 956 continetur
1545 916 1582 955 in
1634 913 1777 956 ultuno

145 998 236 1029 can.
271 985 401 1028 1306.

265 1056 362 1098 167.
397 1058 648 1108 Custodia,
682 1058 890 1101 materia
934 1059 983 1101 et
1023 1056 1184 1101 forma
1223 1057 1544 1112 supellectilis
1588 1070 1778 1101 sacrae.

142 1128 316 1171 Sensum
351 1126 597 1183 ampliorem
635 1125 763 1169 verbo
802 1138 998 1169 «sacra»
1040 1128 1319 1182 inscriptionis
1352 1126 1596 1169 attributum
1630 1127 1777 1169 contir-

143 1202 227 1240 mat
259 1211 349 1239 can.
386 1199 520 1249 1296,
556 1197 655 1240 dnm
688 1197 716 1253 3'
750 1199 770 1238 1
806 1198 963 1253 inquit:
999 1195 1136 1238 Sam-a
1170 1195 1362 1253 supellec¹
1394 1196 1603 1253 quaelibet
1638 1196 1687 1238 ad
1723 1198 1778 1237 in—

141 1270 409 1324 scriptionem
443 1267 669 1321 declarata,
702 1267 743 1324 a)
765 1267 1019 1324 praesertim
1056 1266 1252 1323 partialis,
1290 1266 1330 1323 b)
1357 1281 1476 1323 quae,
1500 1266 1556 1309 ml
1590 1280 1778 1309 normam

143 1338 281 1397 leyzcm
316 1338 631 1396 lilmyieawcm,
655 1351 759 1396 quas
793 1340 982 1381 invenire
1017 1338 1111 1381 licet
1145 1338 1333 1381 diversas
1368 1340 1405 1380 in
1441 1337 1606 1390 MissalL
1643 1337 1775 1379 Ponti-

144 1409 253 1454 lieali
286 1423 333 1453 ac
366 1409 519 1453 Rituali
554 1397 669 1453 Rom.
705 1409 935 1453 secundum
971 1409 1111 1452 titulos
1144 1411 1183 1451 in
1218 1408 1554 1451 adnotationibus
1581 1408 1631 1451 ad
1668 1407 1777 1451 hunc

143 1493 344 1525 canonem
379 1483 539 1534 citatos,
573 1479 787 1523 benedicta
817 1486 891 1522 aut
924 1486 1167 1522 consecrant
1204 1494 1275 1536 pro
1314 1480 1499 1522 eiusdem
1535 1479 1776 1522 diversitate

143 1566 232 1595 esse
253 1551 382 1606 (lebet,
407 1552 448 1608 c)
470 1562 664 1610 quaeqae·
690 1551 800 1609 (post
834 1551 923 1594 illas
958 1552 1288 1595 benedictionem
1315 1555 1385 1593 aut
1407 1552 1776 1603 consecrationem,

143 1629 213 1667 aut
246 1626 334 1667 sine
370 1623 468 1680 illis)
508 1623 674 1680 publico
713 1623 757 1666 in
801 1622 916 1666 cultu
950 1623 1184 1666 exercendo
1218 1621 1443 1665 adhibetur
1478 1636 1515 1665 v.
1550 1635 1609 1677 gr.
1646 1621 1775 1663 thuri-

144 1694 303 1748 bulum,
327 1694 368 1751 a)
393 1699 514 1736 caule
545 1695 595 1737 ad
624 1694 839 1738 vitandum
865 1694 1162 1752 quodcumque
1190 1697 1487 1736 nocumentum
1512 1691 1779 1734 custodiatur

143 1766 187 1809 in
220 1765 422 1808 eeclesiae
453 1765 663 1821 sacrario,
687 1765 796 1823 quod
831 1765 1074 1821 designatur
1097 1778 1292 1821 expresse
1317 1764 1366 1807 ad
1401 1763 1477 1806 boc
1511 1763 1774 1816 destinatum,

142 1835 278 1879 aliove
313 1842 400 1879 tulo
434 1841 577 1880 contra
613 1837 724 1880 fures
756 1849 804 1880 ac
837 1836 1048 1892 animalia,
1083 1850 1132 1877 dc
1164 1835 1327 1878 [lecenli
1362 1849 1434 1891 pro
1469 1847 1605 1877 rerum
1641 1838 1775 1876 custo-

142 1908 389 1951 diendarum
425 1912 571 1951 natura
606 1907 709 1959 Ioco,
743 1907 787 1964 b)
810 1922 884 1950 nee
915 1907 971 1950 acl
1005 1921 1104 1950 usus
1134 1906 1341 1964 profanos
1375 1919 1544 1961 nempe:
1571 1905 1776 1947 humanae

142 1981 486 2033 conversationis,
519 1981 713 2035 quamvis
746 1992 826 2021 non
861 1979 1161 2030 discordantes,
1196 1976 1461 2020 adhibeatur:
1487 1976 1603 2029 Quae
1638 1975 1773 2031 prohi-

144 2049 242 2093 bitio
275 2052 385 2094 circa
419 2063 585 2094 omnem
613 2063 773 2094 sacram
808 2041 1125 2106 Supellectilem,
1150 2049 1372 2092 admittens
1406 2050 1772 2103 transgressionem

143 2120 293 2169 levem,
327 2123 522 2177 supponit
554 2123 642 2165 eius
675 2121 993 2165 destinationem
1028 2134 1152 2177 supra
1186 2121 1353 2163 dictam.

259 2192 287 2250 ξ
317 2194 360 2235 ’3.
386 2191 449 2235 Ad
482 2197 671 2235 normam
705 2207 796 2235 can.
832 2195 964 2246 1533,
997 2192 1054 2250 ἐξ
1087 2197 1128 2236 ζ).
1151 2195 1195 2245 3,
1230 2204 1277 2234 ac
1305 2194 1342 2233 ri
1379 2191 1499 2233 liuius
1530 2190 1571 2247 ξ
1604 2188 1771 2245 speciali

141 2262 182 2319 a)
218 2263 439 2305 zmiversae
471 2264 682 2321 (quamvis
725 2277 804 2306 non
852 2263 1114 2319 benedictae)
1147 2276 1296 2305 sacrae
1328 2260 1604 2319 supellectilis
1638 2260 1774 2302 inven-

144 2332 301 2375 tarium
334 2332 408 2389 fiat
443 2333 564 2376 modo
599 2333 653 2377 ibi
687 2333 909 2390 descripto,
946 2333 989 2390 b)
1024 2339 1061 2375 el
1097 2338 1295 2375 ‹weuram›
1327 2337 1530 2385 servam,
1568 2344 1617 2373 ne
1652 2330 1774 2373 detri-

142 2408 327 2447 mentum
363 2406 530 2459 impune
566 2406 745 2461 patiatur
784 2404 897 2448 locus
930 2417 1063 2448 sacer.

257 2474 286 2532 ἓ
316 2476 360 2520 3.
397 2473 523 2518 Circa
569 2475 805 2521 materiam,
841 2489 1012 2532 nempe:
1058 2488 1244 2529 auream,
1282 2478 1536 2529 argenteam,
1580 2474 1771 2518 sericam,

141 2544 305 2597 lineam‚
332 2549 410 2589 etc.
444 2550 483 2587 et
515 2545 698 2603 sormam,
724 2560 762 2587 v.
786 2560 846 2602 gr.
873 2546 1227 2595 imluinentorum,
1261 2544 1413 2593 calicis,
1450 2549 1526 2587 etc.
1552 2542 1770 2586 cuiuslibet

139 2628 289 2658 sacrae
320 2615 611 2673 supellectilis,
644 2622 864 2659 serventur
896 2616 936 2673 a)
969 2616 1239 2674 praescripta
1273 2615 1488 2669 [ilar-qim,
1511 2616 1541 2656 si
1577 2626 1682 2670 quae
1721 2613 1771 2654 de

139 2685 324 2743 qualibet
360 2700 402 2729 re
437 2688 620 2729 fortassis
655 2686 734 2730 lata
757 2689 851 2742 sint,
886 2687 929 2744 b)
954 2686 1239 2729 ecelesiastica
1277 2685 1596 2741 l1·‹1rl1'lio,quae
1620 2698 1668 2727 ex
1695 2696 1768 2725 usn

138 2768 219 2799 non
248 2758 457 2800 contrario
483 2756 660 2800 rubricis
683 2760 876 2813 cognosci
912 2762 1059 2814 potest,
1083 2761 1153 2800 aut
1177 2770 1227 2799 ex
1252 2754 1494 2798 tractatibus
1517 2754 1567 2797 de
1594 2767 1635 2796 re
1660 2753 1769 2795 litur-

140 2829 247 2883 gica,
281 2827 321 2884 c)
345 2833 398 2882 ec,
434 2826 600 2870 meliori
633 2841 711 2885 quo
745 2828 838 2884 fieri
868 2834 1003 2886 poles!
1041 2827 1172 2881 modo,
1208 2841 1279 2883 pro
1304 2827 1480 2868 diversis
1503 2828 1769 2868 circumstan-

140 2899 207 2941 tiis
241 2900 413 2954 peritiae
447 2899 652 2942 artiticum
689 2903 728 2942 et
760 2899 1017 2949 facultatum,
1051 2899 1176 2941 eliam
1212 2897 1319 2939 artis
1353 2910 1501 2938 werae
1533 2895 1654 2951 (esses.
