1965 3240
131 161 201 194 250
503 159 585 192 LIB.
613 158 684 192 ΙΙΙ.
715 178 725 183 -
754 158 864 192 PARS
889 158 961 192 ΙΙΙ.
992 178 1003 183 -
1030 158 1086 192 De
1115 158 1223 192 cultu
1250 158 1384 192 divino

132 280 182 323 de
216 279 279 322 liis
311 291 419 336 quae
452 283 546 321 sunt
580 278 713 321 fienda
748 290 769 321 3
803 277 935 332 nobis,
954 277 1150 333 obligatio
1173 277 1326 320 cadite
1349 281 1490 320 contra
1514 289 1639 333 super
1662 290 1749 320 rem

131 363 254 408 quam
290 349 439 407 aliquis
473 351 704 392 iuramento
745 349 949 392 firmavit:
993 352 1158 391 tenetur
1200 349 1310 390 enim
1353 346 1502 404 aliquis
1544 351 1587 390 ut
1631 348 1752 390 faciat

133 435 277 464 verum
313 433 402 464 esse
452 420 490 463 id
540 419 647 477 quod
700 421 871 473 iuravit3
905 419 1087 476 alioquin
1123 418 1237 461 deest
1272 420 1425 461 veritas
1458 420 1750 461 iuramento».

129 491 249 540 ldest,
285 496 328 535 ut
361 493 414 534 ait
439 503 594 534 canon:
624 489 839 548 peculiari
861 489 1083 547 reliqiom's
1106 488 1373 546 obliqatione,
1400 488 1579 532 scilicet:
1621 507 1636 527 «
1664 502 1752 545 pro-

128 567 218 619 pter
251 564 527 605 reverentiam
568 561 699 604 divini
746 562 968 603 testimonii
1019 559 1127 617 quod
1168 561 1447 615 invocatur»,
1484 564 1649 602 tenetur
1680 559 1753 601 im-

125 632 272 690 plendi
303 632 412 690 quod
443 631 722 674 imeimando
756 630 1001 687 firmaverit,
1033 643 1106 674 seu
1146 645 1166 671 ((
1189 629 1396 686 obligatur
1419 629 1541 673 bomo
1565 635 1608 673 ut
1630 630 1752 673 faciat

127 717 216 747 esse
250 717 395 746 verum
432 703 469 746 id
505 702 611 760 quod
649 704 815 753 iuravit,
849 701 1077 745 secundum
1112 713 1227 744 suam
1259 700 1586 758 possibilitatem,
1610 702 1685 744 nisi
1711 703 1748 743 in

126 774 374 818 deteriorem
420 776 575 816 exitum
622 777 780 829 vei-gat,
826 785 919 815 nam
964 774 1239 815 iuramentum
1284 785 1361 814 non
1401 776 1462 815 est
1498 771 1749 815 servandum

129 846 168 887 in
202 858 250 887 eo
283 857 379 887 casu
414 857 495 901 quo
538 848 595 886 est
642 847 872 899 peccatum,
907 842 971 885 vel
1020 841 1111 885 boni
1153 842 1458 898 impeditivum‚
1501 846 1597 885 tunc
1641 844 1749 885 enim

128 917 358 958 iuramento
390 915 505 957 ‹leest
539 916 690 957 iustitia
716 929 736 954 »
766 913 794 967 1,
839 915 971 955 «sive
1014 912 1065 956 ab
1107 915 1193 969 ipso
1237 915 1439 969 principio
1488 913 1525 955 id
1576 912 1750 966 accidat,

128 985 365 1028 huiusmodi
404 987 511 1028 enim
563 987 840 1028 iuramentum
890 997 911 1027 3
961 985 1164 1040 principio
1197 989 1257 1026 est
1291 983 1494 1038 illicitum,
1528 986 1616 1026 sive
1650 983 1748 1026 illud

125 1058 291 1099 eveniat
325 1061 492 1112 propter
523 1055 679 1113 aliquid
712 1055 821 1112 quod
857 1055 907 1097 (le
940 1068 1048 1097 novo
1082 1056 1311 1108 emerserit,
1346 1054 1454 1111 quod
1479 1055 1555 1097 fuit
1579 1056 1750 1110 imprae-

127 1127 384 1181 meditatum,
416 1129 521 1170 sicut
557 1131 665 1182 patet
709 1128 746 1168 in
792 1127 1023 1168 iuramento
1064 1125 1254 1177 Herodis,
1288 1127 1356 1182 qui
1400 1127 1551 1167 iuravit
1591 1124 1750 1181 puellae

123 1197 287 1240 saltanti
336 1210 379 1240 se
427 1197 619 1239 daturum
671 1196 779 1253 quod
827 1198 1021 1252 petiisset,
1057 1209 1138 1252 quo
1171 1208 1267 1239 casu
1304 1194 1487 1252 impletio
1531 1197 1748 1238 iuramenti

124 1273 229 1311 esset
265 1267 444 1311 illicita»
474 1267 502 1308 2.

243 1338 463 1396 Hypotesis
487 1352 564 1381 non
590 1339 888 1395 comprehensa
907 1338 984 1382 sub
1002 1338 1044 1393 ἕο
1068 1339 1107 1381 1⁰
1132 1341 1284 1382 aiente:
1310 1354 1329 1380 «
1348 1338 1426 1391 Qui
1448 1339 1574 1383 libere
1595 1342 1701 1384 iurat
1723 1356 1743 1381 )>

124 1409 410 1453 consideratur
434 1411 472 1451 in
497 1412 521 1463 ἓ
546 1409 582 1450 ἱ).
608 1408 909 1452 Ιηείιιγτιηαήηι
936 1423 1079 1453 verum
1109 1423 1179 1453 seu
1205 1423 1299 1453 cum
1324 1411 1548 1453 intentione
1572 1411 1748 1458 iurandi,

123 1480 224 1524 alias
247 1485 352 1523 esset
387 1482 521 1523 irrisio
555 1480 685 1523 divini
720 1483 910 1529 nominis,
947 1480 987 1537 a)
1014 1494 1090 1538 per
1122 1480 1201 1523 vim
1237 1480 1449 1537 physicam
1484 1480 1527 1538 b)
1564 1486 1638 1524 aut
1669 1495 1749 1523 me-

126 1559 207 1594 tum
231 1565 403 1608 [frarem
435 1565 483 1594 ex
521 1553 642 1594 minis
665 1554 807 1607 gravis
832 1551 927 1595 mali
953 1551 1223 1608 probabiliter
1246 1552 1502 1609 exequendis
1524 1558 1747 1601 extortum,

122 1625 218 1680 quia
251 1622 448 1665 alterutra
483 1634 603 1665 causa
642 1624 680 1664 in
718 1622 826 1665 hunc
861 1623 983 1665 tinem
1019 1624 1148 1679 posita
1182 1636 1352 1678 scopum
1387 1628 1640 1680 consequuta
1674 1628 1745 1676 est7

122 1693 248 1747 valet)
283 1695 378 1751 quia
414 1695 648 1736 reverentia
683 1693 813 1735 divini
847 1695 1025 1736 nominis
1058 1698 1178 1749 urget
1210 1706 1374 1750 quoque
1408 1692 1485 1736 sub
1520 1693 1594 1736 bac
1618 1693 1746 1750 hypo-

122 1764 238 1817 thesi,
272 1762 345 1805 sed
382 1777 406 1805 α
453 1763 681 1821 Superiore
712 1763 994 1806 ecclesiastico
1028 1763 1223 1806 relaxari
1252 1768 1402 1818 polest,
1438 1768 1480 1806 ut
1516 1766 1617 1806 ratio
1651 1763 1746 1807 boni

124 1834 277 1891 publici
312 1834 544 1890 expostulat
580 1836 616 1876 in
652 1833 852 1877 libertatis
874 1833 1132 1890 singulorum
1160 1834 1424 1889 praesidium.
1461 1834 1515 1877 lta
1542 1835 1667 1877 fuisse
1692 1836 1745 1877 fa-

121 1910 231 1948 ctum
277 1909 449 1948 testatur
492 1903 747 1948 Coelestinus
783 1904 830 1947 lll
857 1903 871 1926 ³
905 1906 1040 1948 aiens:
1082 1903 1277 1947 «Verum
1320 1907 1357 1947 in
1402 1918 1447 1947 ea
1492 1907 1746 1962 quaestione,

123 1988 228 2032 quae
262 1977 404 2033 quinto
440 1975 527 2018 loco
563 1978 739 2031 ponitur,
765 1988 814 2018 an
839 1987 859 2018 a
884 1978 1132 2018 sacramenti
1171 1975 1336 2019 vinculo
1369 1975 1652 2031 absolvantur,
1677 1978 1745 2033 qui

124 2046 221 2089 illud
258 2048 376 2088 inviti
412 2059 483 2102 pro
520 2048 600 2089 vita
635 2051 671 2088 et
708 2045 830 2089 rebus
861 2046 1080 2089 servandis
1113 2048 1322 2098 fecerunt3
1359 2046 1457 2088 nibil
1493 2046 1602 2090 aliud
1638 2046 1744 2090 arbi-

123 2121 295 2170 tramur,
329 2129 452 2173 quam
487 2116 594 2173 quod
631 2121 913 2159 antecessores
947 2119 1073 2159 nostri
1110 2116 1279 2160 Romani
1308 2117 1525 2160 Pontifices
1558 2116 1745 2160 arbitrati

121 2188 245 2229 tuisse
265 2192 509 2230 noscuntur:
535 2189 602 2244 qui
624 2187 724 2229 tales
743 2200 762 2229 a
790 2189 1008 2230 iuramenti
1029 2187 1204 2231 nexibus
1223 2187 1542 2230 absolvei·unt)):
1566 2187 1743 2244 ldipsum

122 2257 239 2300 Alex.
265 2257 313 2299 lll
339 2257 517 2313 explicat
541 2259 744 2301 Senonen.
771 2257 973 2314 Episcopo
999 2258 1035 2301 ⁴¹:
1076 2274 1095 2298 ‹<
1119 2258 1158 2301 Si
1196 2271 1293 2300 vero
1318 2257 1467 2314 aliquis
1491 2271 1742 2315 quemquam

121 2330 369 2384 gravissimo
403 2333 514 2371 metu
548 2327 624 2371 sub
660 2328 858 2383 religione
892 2330 1127 2381 iuramenti,
1160 2341 1281 2371 suum
1326 2330 1387 2371 ius
1433 2329 1610 2371 refutare
1653 2342 1744 2371 coe-

122 2401 270 2454 gerit...
305 2398 393 2441 Tibi
427 2399 623 2441 <luximus
659 2399 1006 2454 respomlendum,
1043 2399 1150 2456 quod
1197 2412 1274 2441 non
1319 2403 1379 2442 est
1424 2403 1570 2452 tutum,
1604 2412 1745 2455 quem-

123 2469 218 2512 libet
252 2474 394 2512 contra
430 2473 706 2512 iuramentum
741 2483 860 2512 suum
899 2472 1052 2521 venire,
1078 2472 1152 2512 nisi
1189 2469 1267 2512 tale
1300 2472 1365 2523 sit,
1388 2470 1496 2527 quod
1531 2475 1742 2512 servatum

124 2545 268 2595 vergat
302 2542 339 2582 in
376 2542 585 2582 interitum
621 2539 764 2582 salutis
795 2545 1010 2583 aeternae:
1046 2553 1120 2583 nec
1146 2553 1218 2583 nos
1240 2540 1364 2583 alicui
1394 2540 1492 2583 dare
1528 2542 1742 2583 materiam

125 2609 315 2653 volumus
352 2610 542 2653 veniendi
568 2615 709 2653 contra
735 2612 1012 2653 iuramentum
1041 2612 1276 2666 proprium:
1312 2624 1361 2653 ne
1385 2615 1550 2653 autores
1574 2612 1742 2666 periurii

126 2680 357 2723 xideamur.
398 2680 545 2724 Verum
581 2680 803 2738 aliquando
836 2683 874 2722 in
909 2680 1093 2724 Romana
1129 2681 1302 2724 ecclesia
1346 2694 1366 2724 a
1412 2680 1599 2737 pluribus
1633 2694 1744 2737 prae-

122 2751 411 2794 decessoribus
444 2753 593 2794 nostris
627 2753 776 2794 sactum
813 2764 901 2794 esse
936 2751 1144 2806 recolitur,
1180 2752 1288 2809 quod
1333 2751 1472 2795 clerici
1512 2754 1580 2809 qui
1613 2755 1743 2795 coacti

236 2858 246 2878 ¹
276 2857 365 2890 Loc.
396 2857 462 2890 cit.
493 2870 525 2890 3.
555 2858 574 2892 ’ἲ
602 2856 650 2890 ad
678 2858 725 2890 1¹1¹
753 2860 828 2890 etc.
860 2877 902 2881 —
927 2858 941 2879 ‘2
967 2857 1024 2890 Ib.
1053 2856 1099 2891 ad
1126 2857 1187 2891 3¹¹1.
1219 2878 1259 2882 —
1287 2858 1300 2879 3
1328 2857 1418 2901 Cap.
1449 2857 1505 2898 15,
1527 2856 1573 2891 de
1600 2857 1743 2891 iureiu-

119 2902 240 2937 rando
267 2905 330 2937 tit.
360 2905 418 2944 24,
448 2904 533 2938 Lib.
555 2904 604 2938 II.
636 2923 678 2930 —-
705 2904 718 2925 4
745 2904 834 2939 Loc.
861 2904 926 2938 cit.
952 2915 1032 2949 cap.
1061 2905 1095 2938 S.
