1965 3240
641 175 726 208 TiT.
755 174 887 209 XXII.
917 196 928 200 -
958 176 1012 209 De
1038 177 1177 210 scholis
1651 179 1717 212 321

95 293 170 335 etsi
221 293 501 335 testimonium
545 292 738 349 equidem
783 292 1065 335 authenticum
1100 299 1318 337 constituat
1369 309 1473 339 nunc
1525 299 1720 352 temporis

96 361 369 417 incompletae
413 361 522 405 illius
565 363 793 418 doctrinae,
827 362 1098 412 obtinuerint,
1132 365 1275 407 eodeni
1321 380 1440 408 sensu
1475 379 1521 409 ac
1565 366 1718 410 obtenti

95 433 275 476 fuerunt.

214 502 311 546 263.
348 503 647 550 Condendae
696 506 897 550 scholae
945 507 1233 550 catholicae.
1287 506 1480 549 §munins
1535 507 1716 551 l'ontit'ex

78 573 189 616 'Pius
224 572 276 616 ix
310 573 438 616 edixit
473 574 739 631 Friburgensi
774 575 984 632 quondam
1018 575 1341 632 Arcliiepiscopo
1387 579 1437 619 ita
1471 577 1656 620 scribens
1682 579 1716 621 ¹:

98 643 257 688 «Certe
289 644 456 701 quidem
495 645 560 688 ubi
607 647 644 687 in
679 645 913 703 quibusque
963 645 1062 688 locis
1096 646 1416 703 regionibusque
1462 651 1717 703 perniciosis-

91 717 243 758 simum
292 714 530 759 huiusmodi
569 716 630 759 vel
681 719 977 772 susciperetur,
1013 716 1075 759 vel
1121 717 1171 760 ad
1217 719 1371 759 exitum
1423 718 1719 773 perduceretur

92 786 310 829 consilium
345 786 579 843 expellendi
615 799 636 830 a
670 786 821 830 scholis
864 787 1074 831 Ecclesiae
1107 790 1411 841 auctoritatem,
1446 794 1483 831 et
1528 791 1719 832 iuventus

94 858 243 900 misere
276 862 555 914 exponeretur
597 858 748 900 damno
782 860 892 901 circa
932 858 1070 913 tidem,
1106 863 1190 901 tum
1236 857 1419 901 Ecclesia
1466 873 1542 901 non
1586 860 1716 902 solum

92 926 263 971 deberet
297 930 570 971 intentissimo
612 929 749 972 studio
783 932 920 972 omnia
953 931 1107 983 conari,
1143 928 1349 986 nullisque
1383 932 1494 973 curis
1538 944 1715 987 unquam

93 1010 279 1054 parcere,
314 1004 353 1042 ut
388 999 535 1042 eadem
570 1001 764 1042 iuventus
798 1002 1072 1043 necessariam
1107 999 1372 1043 christianam
1422 1003 1716 1043 institutionem

91 1073 129 1111 et
165 1069 453 1112 educationem
490 1069 653 1124 habeat,
690 1083 834 1113 verum
869 1072 994 1113 etiam
1028 1075 1248 1126 cogeretur
1281 1084 1424 1113 omnes
1458 1070 1600 1113 tideles
1635 1085 1717 1113 ino—

91 1153 203 1193 nere,
238 1142 380 1198 eisque
423 1141 636 1184 declarare
679 1141 882 1184 eiusmodi
915 1141 1078 1184 scholas
1128 1140 1334 1185 Ecclesiae
1378 1140 1605 1184 catholicae
1648 1142 1717 1184 atl-

96 1224 238 1255 versas
272 1211 379 1255 baud
417 1226 534 1268 posse
570 1214 606 1254 in
642 1214 890 1255 conscientia
927 1213 1237 1269 frequentari».

208 1281 256 1325 Et
290 1282 393 1326 liaec
426 1283 609 1340 quidem,
637 1288 776 1339 utpote
811 1283 979 1326 tundata
1012 1286 1101 1326 iure
1125 1283 1301 1325 naturali
1333 1296 1380 1326 ac
1414 1283 1570 1327 divino.
1594 1296 1715 1339 gene-

92 1353 177 1396 rale
212 1353 420 1411 quoddam
456 1356 671 1397 enuntiant
721 1356 985 1410 principium,
1022 1356 1189 1411 vimque
1239 1353 1517 1396 universalem
1552 1353 1716 1408 babent,

92 1436 172 1481 qua
206 1423 257 1467 de
291 1436 415 1467 causa
449 1429 561 1468 recte
606 1427 738 1482 inquit
772 1438 862 1467 ean.
898 1425 1029 1467 1379.
1065 1428 1089 1478 g
1121 1428 1155 1467 1.
1190 1423 1240 1467 Si
1272 1423 1439 1467 scholae
1472 1422 1716 1477 catholicae,

91 1508 262 1551 nempe:
299 1497 336 1537 in
372 1495 523 1552 quibus
560 1495 812 1551 «religionis
844 1495 1072 1539 catholicae
1106 1497 1293 1538 doctrina
1327 1494 1597 1546 excolatur»,
1622 1507 1714 1537 nam

91 1565 197 1608 illae-
233 1568 292 1609 sic
346 1571 547 1610 vocantur
595 1566 650 1609 acl
698 1580 886 1609 wormiam
920 1580 1012 1608 ean.
1046 1568 1179 1620 1373,
1213 1565 1253 1622 a)
1287 1565 1372 1608 siz-e
1419 1564 1717 1608 elementariae

92 1635 132 1692 b)
165 1636 251 1679 sive
275 1636 436 1680 mediae
459 1642 497 1680 et
531 1642 834 1695 consequenter
857 1637 896 1694 c)
931 1639 962 1679 si
997 1642 1197 1694 utraeque
1232 1640 1269 1679 in
1294 1635 1415 1679 Tituli
1451 1638 1716 1692 inscriptione

89 1707 325 1751 declaratae
358 1707 510 1760 desint,
533 1707 764 1751 cam-andum
801 1722 873 1764 pro
897 1721 986 1752 can.
1017 1708 1124 1751 1374
1149 1707 1427 1761 observantia,
1453 1706 1503 1750 ab
1527 1706 1718 1750 omnibus

90 1777 282 1822 fidelibus
314 1784 352 1822 et
386 1779 620 1836 pastoribus
648 1782 895 1835 animarum,
928 1779 1182 1837 praesertim
1206 1793 1230 1821 a
1259 1778 1443 1821 locorum
1472 1776 1717 1820 Orslimirii‘s

90 1854 258 1906 propter
290 1852 594 1907 auctoritatem,
627 1863 675 1894 ac
720 1852 985 1907 praecipuam
1031 1849 1216 1893 tidelium
1251 1862 1409 1902 curam,
1447 1853 1716 1904 «opportune

90 1919 225 1964 oblata
269 1923 500 1977 occasione,
534 1923 623 1964 sive
668 1920 941 1978 pastoralibus
990 1920 1149 1974 litteris,
1181 1922 1270 1963 sire
1313 1918 1595 1963 concionibus.
1629 1921 1717 1962 sive

92 1993 264 2047 privatis
297 1991 516 2049 colloquiis
546 1994 654 2035 serio
702 2005 871 2036 necesse
905 1997 965 2035 est
1008 1997 1051 2035 ut.
1098 1994 1173 2048 ipsi
1208 1991 1351 2034 tideles
1383 1990 1714 2044 commonebant,

89 2075 182 2106 sese
214 2063 349 2106 officio
392 2076 466 2106 suo
513 2065 701 2119 graviter
742 2063 970 2117 defuturos,
1004 2065 1081 2106 nisi
1116 2064 1226 2105 omni
1276 2074 1354 2119 qua
1405 2066 1570 2117 possunt
1603 2072 1715 2111 cura,

91 2134 373 2190 impensaque,
396 2133 548 2177 scholis
571 2133 785 2177 catholicis
805 2134 1102 2190 providerint»
1128 2132 1157 2188 ²,
1182 2138 1225 2175 ut
1258 2131 1494 2175 condantur
1515 2135 1713 2188 quantum

91 2204 180 2246 lieri
215 2205 340 2259 possit
378 2203 594 2260 «publicis
626 2203 778 2248 scholis
811 2204 920 2247 haud
957 2205 1232 2247 inferiores».

207 2273 493 2331 Congruenter
525 2274 587 2318 liis
627 2288 734 2333 quae
766 2276 875 2318 dicta
908 2280 1015 2330 sunt,
1050 2275 1101 2318 de
1148 2272 1498 2319 [nivei-sitatibus
1542 2271 1715 2328 publicis

90 2349 254 2388 nostrae
285 2347 432 2388 aetatis
479 2347 535 2388 ait
565 2347 590 2399 ἓ
621 2348 664 2388 2.
697 2344 893 2403 Itemque,
927 2359 1005 2388 non
1039 2347 1148 2389 enim
1184 2347 1319 2387 minus
1354 2348 1472 2399 urget
1509 2345 1570 2385 ius
1603 2347 1716 2385 natu-

91 2414 176 2458 rale
207 2427 255 2459 ac
288 2416 496 2470 divinum,
517 2416 556 2458 si
582 2415 779 2474 publicae
810 2416 862 2460 ob
895 2418 1181 2460 auctoritatem
1222 2428 1243 2458 a
1277 2427 1357 2472 qua
1391 2413 1625 2470 dependent
1658 2415 1712 2456 ci-

91 2485 217 2529 vilem
250 2485 488 2529 studiorum
518 2485 822 2530 Unz'eersilates
848 2489 907 2530 sic
940 2487 1090 2539 dictae,
1113 2488 1208 2543 quia
1243 2485 1448 2528 liumanae
1473 2482 1714 2539 disciplinae

88 2556 357 2615 quamplures
390 2556 444 2601 ibi
477 2557 746 2611 edoceantur,
778 2556 971 2600 doctrina
1005 2570 1086 2615 qua
1122 2556 1363 2612 religionem
1397 2556 1594 2597 attinente
1623 2566 1712 2593 sen-

88 2641 218 2685 suque
240 2627 376 2685 quoad
411 2629 704 2684 magistrorum
729 2641 969 2685 expressam
996 2632 1173 2671 mentem
1200 2625 1405 2669 catholieo
1430 2623 1611 2667 imbutae
1635 2636 1711 2665 non

87 2697 186 2746 sint,
221 2698 330 2756 quod
365 2697 521 2752 verbis,
544 2699 674 2753 tactis,
696 2698 948 2755 despectivis
980 2704 1049 2742 aut
1084 2711 1162 2741 non
1197 2695 1438 2741 curantibus
1467 2692 1711 2737 catholicam

89 2768 331 2826 religionem
368 2770 522 2825 patefit,
556 2768 785 2827 oplandum
820 2771 858 2812 in
891 2771 1155 2813 securitatem
1193 2768 1285 2811 lidei
1320 2780 1365 2809 ac
1402 2777 1562 2808 morum
1597 2766 1710 2806 iuve-

205 2923 217 2944 1
246 2923 289 2956 14
315 2921 389 2956 Iul.
418 2921 521 2956 1864.
547 2941 588 2946 -
617 2921 631 2943 ²
657 2920 734 2956 Cic.
763 2921 884 2956 Instr.
915 2921 952 2955 S.
980 2921 1020 2956 C.
1051 2920 1088 2954 S.
1120 2919 1262 2954 Officii.

172 3000 268 3028 BLAT
292 3015 311 3022 -
339 2998 462 3028 Comm.
489 2999 573 3028 Text.
600 2999 675 3028 0001.
699 2999 772 3028 zur.
798 2999 880 3028 Can.
1592 2996 1625 3022 2¹1
