1965 3240
176 125 248 159 208
556 125 639 159 Lm.
666 125 737 161 ΠΙ.
762 144 776 150 -
802 125 913 159 PARS
938 125 1008 160 III.
1035 145 1048 151 -
1073 125 1131 160 De
1156 127 1268 160 cultu
1293 127 1428 161 divino

177 244 324 288 Missae
357 244 625 296 sacrificium,
660 258 741 288 pon
775 243 906 287 solum
932 244 972 301 a)
1007 244 1051 287 in
1084 244 1260 287 eeclesia
1293 243 1546 301 cathedrali,
1570 250 1614 289 ut
1636 247 1808 292 evidens

175 319 251 369 est,
284 313 358 357 sed
390 314 433 357 in
469 314 570 357 aliis
604 328 764 372 quoque
796 314 839 372 b)
873 314 1060 357 civitatis
1107 315 1368 371 episcopalis,
1403 318 1485 358 imo
1518 315 1558 373 c)
1592 316 1655 359 ecl
1685 317 1808 361 huius

174 383 365 427 suburbii
396 383 595 429 eeclesiis.
629 384 735 429 Hinc
768 387 955 442 sequitur
988 398 1067 428 non
1093 384 1246 428 debere
1279 386 1456 442 idipsum
1491 386 1807 432 subministrare

177 469 250 512 pro
284 455 388 508 aliis,
422 457 497 498 etsi
530 469 610 498 non
647 456 769 499 valde
801 455 1050 500 distantibus
1081 456 1284 500 dioecesis
1317 457 1515 500 ecclesiis.
1564 457 1656 502 Huc
1689 461 1809 515 perti-

176 531 275 569 nent
322 525 623 570 declarationes
670 527 709 571 S.
743 526 790 570 R.
824 525 865 571 C.
917 529 955 569 in
1003 525 1231 570 Vercellen.
1280 528 1561 585 sequentes&
1617 529 1699 572 «4.
1743 530 1804 574 An

174 597 342 654 quando
375 596 604 654 Episcopus
637 597 930 654 pontificaliter
962 602 1100 640 cantat
1138 599 1177 640 in
1212 597 1347 655 aliqua
1386 597 1571 642 Ecclesia
1604 598 1805 654 Civitatis,

175 668 224 711 ad
275 680 400 725 quam
435 670 660 711 convenire
703 667 856 711 debent
898 673 938 710 et
979 667 1113 711 solent
1144 667 1339 712 Canonici
1383 682 1539 725 omnes,
1582 670 1806 715 deferenda

171 741 255 782 sint
288 739 339 781 de
371 738 607 783 Cathedrali
641 739 679 783 S.
713 738 879 782 Eusebii
903 740 1041 781 omnia
1074 739 1317 782 indumenta
1351 740 1616 795 pontificalia,
1640 746 1679 784 et
1696 754 1805 799 vquae

174 811 274 865 ipsis
297 808 516 853 Canonieis
548 822 713 866 quoque
736 813 985 865 congruunt,
1010 813 1049 852 et
1071 821 1121 853 au
1156 809 1265 853 idem
1289 811 1542 853 servandum
1566 814 1617 855 sit
1639 813 1805 869 quando

173 879 403 936 Episcopus
443 879 736 936 pontificaliter
758 884 896 923 cantat
921 881 959 922 in
979 880 1088 923 dieta
1111 879 1347 923 Cathedrali
1380 880 1418 923 S.
1437 880 1590 925 Mariae
1612 881 1804 926 Maioris?

176 977 228 981 —
256 951 292 994 5.
317 950 379 993 An
416 950 537 993 liceat
568 950 773 1007 Episcopo
797 949 1051 993 Pontificalia
1076 953 1287 994 exercenti
1317 953 1354 993 in
1379 950 1568 1006 Civitate,
1591 953 1662 996 sed
1687 958 1804 997 extra

170 1020 480 1074 Cathedralem,
515 1023 656 1063 invitis
688 1023 913 1074 canonicis,
937 1034 1010 1077 pro
1033 1034 1076 1064 se
1109 1025 1149 1064 et
1180 1023 1265 1064 suis
1297 1021 1583 1066 assistentibus
1605 1027 1645 1066 et
1676 1026 1803 1067 inser-

174 1092 397 1147 vientibus,
432 1097 671 1148 paramenta
707 1104 727 1134 3
760 1091 995 1136 Cathedrali
1030 1092 1281 1136 desumere?
1316 1119 1369 1123 —
1393 1092 1455 1136 Ad
1491 1093 1528 1136 4.
1560 1094 1801 1138 Paramenta

170 1163 400 1206 deferenda
432 1176 521 1206 esse
555 1162 606 1205 de
639 1162 874 1210 Cathedrali
909 1163 947 1206 S.
980 1162 1163 1218 Eusebii,
1191 1166 1315 1206 etiam
1350 1164 1516 1220 quando
1550 1164 1802 1209 Pontitiealia

173 1234 272 1276 tiant
304 1236 343 1276 in
378 1232 613 1277 Cathedrali
648 1234 686 1278 S.
721 1232 874 1276 Mariae
907 1233 1085 1278 Maioris.
1120 1233 1182 1277 Ad
1219 1235 1255 1277 5.
1290 1234 1497 1290 Episcopo
1531 1235 1713 1279 licere».

288 1307 313 1358 ἓ
347 1305 383 1347 2.
419 1304 466 1347 St
499 1318 581 1361 qua
614 1303 789 1346 eeclesia
822 1304 871 1347 ad
909 1304 1215 1360 providendum
1249 1304 1326 1348 sibi
1364 1318 1525 1349 sacram
1566 1306 1801 1363 supellecti-

171 1375 251 1419 lem
281 1380 539 1433 paupertate
582 1374 756 1431 laboret,
788 1380 926 1432 potest
963 1374 1223 1418 (jo-dinarius
1261 1376 1524 1434 permittere,
1563 1377 1673 1420 unde
1714 1380 1802 1421 sine

169 1446 247 1490 hae
282 1448 553 1502 permissione
587 1459 666 1488 non
702 1445 811 1498 licet,
845 1451 889 1488 ut
933 1460 959 1487 (ι
1002 1445 1290 1489 sacerdotibus
1322 1446 1394 1504 (μα’
1430 1447 1471 1504 3)
1506 1448 1550 1490 in
1579 1449 1801 1505 preprium

168 1516 441 1567 commodum,
476 1519 572 1574 quia
608 1519 832 1573 peregrini,
868 1517 932 1560 vel
967 1517 1067 1560 bora
1101 1517 1177 1561 sibi
1212 1516 1426 1570 benevisa‚
1450 1531 1529 1561 non
1565 1519 1622 1561 illi
1656 1521 1725 1576 qui
1749 1519 1799 1563 ad

169 1588 410 1631 sustinenda
444 1587 647 1631 ecciesiae
680 1600 820 1639 onera,
856 1587 897 1643 b)
920 1587 1025 1630 tmen·
1052 1587 1262 1630 celebrant
1285 1587 1464 1644 Missam,
1486 1594 1662 1647 propter
1684 1595 1800 1632 uten-

167 1658 270 1702 silia
304 1672 476 1714 nempe:
511 1659 699 1711 calicem,
724 1663 932 1715 patenam,
958 1659 1136 1712 missale,
1161 1664 1380 1716 ceteraque
1407 1673 1442 1704 v.
1463 1673 1524 1716 gr.
1544 1665 1801 1714 ornamenta,

166 1743 326 1784 cereos,
359 1742 522 1786 panem,
562 1731 719 1783 viuum,
754 1728 809 1771 ad
841 1728 1000 1772 Missae
1031 1729 1287 1785 sacrificium
1320 1730 1562 1772 necessaria
1586 1733 1691 1782 usui,
1715 1745 1798 1774 mo-

166 1800 318 1843 derata
352 1800 482 1858 stipes
517 1800 731 1857 emulatur,
757 1804 801 1843 ut
834 1802 1028 1856 expensis
1052 1802 1299 1860 necessa-riis
1321 1801 1429 1858 quod
1457 1803 1608 1844 iustum
1633 1803 1684 1844 sit
1707 1815 1799 1844 eon-

169 1871 366 1915 tribuant.
703 1884 709 1890 ·

284 1942 313 1999 „8²
346 1942 383 1984 3.
420 1940 621 1999 Episcopi
655 1947 832 1994 tantum,
872 1944 1035 1986 «euius
1079 1945 1245 1985 nomine
1292 1944 1406 1986 venit
1448 1955 1613 2000 quoque
1656 1942 1797 1987 Abbas

168 2013 233 2055 vel
270 2013 480 2056 Praelatus
514 2012 709 2056 nullius»
749 2013 858 2070 (can.
895 2014 992 2068 2215,
1016 2013 1044 2070 ἓ
1067 2012 1124 2070 2),
1152 2018 1275 2070 atque
1305 2028 1325 2054 c<
1351 2011 1502 2056 Vicarii
1535 2018 1573 2056 et
1599 2013 1797 2057 Praefecti

167 2083 393 2140 Apostolici
427 2083 575 2126 eodem
610 2086 700 2126 iure
733 2086 771 2126 in
805 2097 879 2127 suo
910 2086 1120 2127 territorio
1153 2083 1378 2139 gaudent»
1418 2083 1527 2140 (can.
1563 2084 1660 2139 294,
1683 2086 1708 2138 ἓ
1742 2084 1796 2141 1),

165 2167 250 2196 pon
283 2159 422 2196 autem
456 2155 495 2209 3)
532 2153 689 2196 Vicam'i
717 2153 981 2211 Capitulm‘is
1004 2153 1191 2197 absolute
1224 2152 1266 2209 b)
1290 2158 1365 2196 aut
1400 2152 1557 2196 Vicam'i
1581 2153 1797 2210 yeneralt's

171 2227 208 2266 vi
242 2224 364 2267 oflicii
398 2224 491 2267 stote
522 2224 701 2281 speciali
732 2223 948 2276 onomate,
981 2224 1091 2281 quod
1126 2224 1261 2267 eidem
1296 2223 1422 2267 tribui
1456 2228 1606 2280 posset,
1641 2229 1702 2266 est
1734 2225 1797 2266 ius

165 2293 340 2336 eandem
373 2294 523 2352 stipem
559 2295 816 2338 moderatam
851 2294 1040 2351 definire,
1064 2296 1186 2337 eiiam
1213 2307 1286 2350 pre
1310 2293 1565 2350 regularium
1595 2293 1795 2348 ecelesiis,

166 2377 260 2407 nam
294 2364 487 2408 subditur
521 2378 780 2422 consequens
815 2367 1140 2421 praescriptum:
1175 2370 1214 2407 et
1245 2365 1418 2419 wentini,
1449 2366 1539 2408 sive
1572 2364 1797 2421 Superiori,

165 2424 256 2478 sive
274 2435 454 2489 subdito,
474 2435 602 2478 etiam
621 2435 836 2492 relt‘qt'osv's
854 2435 1071 2493 earemptis,
1085 2438 1174 2478 iure
1193 2440 1236 2478 ut
1261 2451 1281 2475 ((
1300 2435 1551 2491 regulares»
1570 2434 1678 2491 (can.
1695 2434 1794 2491 615)

168 2505 233 2549 vel
267 2506 437 2562 speciali
471 2508 740 2549 concessione
772 2506 879 2563 (can.
902 2507 998 2559 618,
1022 2506 1050 2564 ἓν
1074 2505 1130 2562 1),
1165 2508 1358 2563 quamvis
1389 2506 1599 2562 Superiori
1634 2507 1793 2559 maiori,

166 2575 317 2619 Abbati
351 2576 401 2619 de
436 2579 654 2632 regimine,
689 2575 785 2618 lieet
818 2590 866 2618 ea
900 2577 1069 2620 delinita
1102 2578 1207 2633 stipe
1239 2576 1441 2618 maiorem
1479 2575 1660 2632 eoet'qere,
1694 2577 1791 2632 quin

167 2646 419 2702 prohibitum
455 2649 506 2689 sit
540 2651 685 2703 sponte
719 2646 897 2689 oblatam
932 2652 1166 2703 acceptare.

282 2716 341 2760 De
375 2717 498 2759 modo
534 2717 758 2760 definiendi
794 2717 899 2760 banc
931 2719 1093 2774 stipem,
1131 2717 1265 2774 quoad
1311 2719 1400 2760 eius
1441 2718 1709 2774 quantitatem
1745 2728 1793 2759 ae

284 2871 295 2891 1
325 2870 367 2903 14
394 2870 510 2903 Mart.
542 2870 645 2913 1643,
674 2881 712 2904 n.
741 2870 823 2903 831,
