1965 3240
685 155 767 190 TlT.
796 155 863 189 XI.
893 176 904 180 -
934 156 989 190 De
1015 158 1210 191 altaribus
1717 157 1762 191 69

136 274 406 317 «dummodo
440 279 574 317 tamen
611 274 756 317 iisdem
792 276 829 316 in
865 274 1076 317 Altaribus
1117 275 1345 318 collocetur
1389 279 1426 319 in
1469 276 1577 319 oxali
1629 277 1760 333 ligura

130 358 255 401 super
287 344 486 401 gradibus
519 344 868 388 candelabrorum
905 348 1028 387 ctiam
1065 348 1201 402 imago
1237 346 1344 389 illius
1367 349 1520 402 §aiu-ti,
1544 347 1620 390 sub
1643 349 1761 390 cuius

131 415 247 458 titulo
282 420 438 459 constat
473 415 602 459 altare
638 417 760 458 t'uisse
795 421 1082 459 consecratum
1129 416 1403 473 (proindetpie
1446 420 1586 472 lixum,
1622 423 1663 461 ut
1696 418 1761 461 dc-

130 486 330 529 claratum
366 491 424 529 est
462 489 498 528 in
534 486 580 543 ἑο
621 486 678 542 10)
715 488 826 529 iuxta
865 485 1037 529 Decreta
1071 501 1102 531 s.
1138 501 1188 529 m.
1225 488 1448 530 Alexandri
1478 489 1608 543 l‘apae
1637 487 1699 530 l'tt
1722 505 1758 529 JJ.

131 556 219 600 Huc
253 559 374 600 etiam
410 563 503 611 apte
539 559 715 614 pertinet
753 556 846 599 Dec.
893 557 1077 600 eiusdem
1119 558 1156 600 5.
1192 558 1340 614 (jongr.
1378 561 1414 600 in
1457 559 1718 602 Ratisbonen.
1746 559 1757 581 ¹

130 627 196 671 ubi
233 627 365 671 Dubio
403 627 514 670 «ΙΙΙ.
551 627 657 671 Num
691 627 847 685 absque
897 628 1059 671 lndulto
1108 628 1281 685 Aplco...
1328 629 1469 672 titulus
1504 629 1655 672 Altaris
1690 632 1757 672 lixi

127 700 373 741 commutari
410 701 662 755 possttcum
697 698 827 742 altero
863 698 1038 753 titulo,...
1073 703 1112 742 et
1147 713 1242 742 num
1278 700 1423 742 saltem
1463 714 1586 756 super
1619 700 1758 743 Altarc

127 769 320 812 collocari
356 772 481 825 possit
516 772 651 826 imago
676 769 754 812 alia
781 769 869 813 loco
895 771 1086 826 imaginis
1109 770 1147 814 S.
1172 769 1415 822 Sebastiam,
1442 771 1544 813 tituli
1571 771 1757 816 Altaris?

125 841 164 882 S.
199 839 244 883 R.
280 840 429 896 Congr.
465 840 779 884 rescribendum
821 843 1003 884 censuit:
1039 840 1100 883 Ad
1128 840 1189 884 lll.
1216 840 1418 897 Negative
1442 842 1492 885 ad
1520 847 1756 899 utrumque,

126 913 238 954 iuxta
272 911 492 955 Decretum
518 928 538 953 JJ
576 926 700 968 supra
735 914 931 956 citatum:
971 917 1095 970 atque
1135 927 1153 952 ((
1179 912 1228 955 ad
1257 911 1317 955 tv.
1346 912 1550 969 imagines
1575 915 1610 955 in
1642 915 1757 955 vitris

125 983 398 1026 fenestrarum
433 983 622 1039 depictae
658 982 756 1025 nillil
792 997 885 1026 cum
933 983 1062 1026 Altari
1108 997 1330 1026 commune
1375 983 1540 1037 liabent,
1579 989 1615 1026 et
1653 983 1754 1026 tituli

125 1054 261 1108 imago
294 1067 419 1109 super
450 1053 580 1097 Altari
615 1053 804 1097 absolute
839 1067 917 1097 non
960 1056 1224 1111 praecipitur.
1271 1054 1405 1111 (Nunc
1441 1054 1755 1110 intelligendum

124 1123 174 1166 de
207 1123 324 1166 altari
362 1123 500 1167 mobili
536 1138 584 1167 ex
621 1126 663 1178 {⁰
705 1124 777 1181 la).
828 1126 867 1168 Si
918 1129 1054 1168 tamen
1103 1126 1309 1183 quaedam
1359 1130 1463 1169 esset
1512 1125 1754 1182 apponenda

124 1193 252 1237 Altari
288 1195 370 1237 fixo
406 1197 554 1251 imago,
591 1195 694 1238 tituli
729 1200 962 1252 apponatur
986 1212 1024 1237 JJ.

246 1265 379 1308 «Emi
429 1271 468 1309 et
516 1265 637 1309 Rdmi
692 1266 831 1309 Patres
879 1266 1016 1310 Sacris
1051 1267 1214 1311 tuendis
1264 1267 1427 1311 Ritibus
1476 1269 1755 1324 praepositi,...

124 1335 249 1391 probe
284 1341 500 1380 noscentes
532 1350 553 1380 a
590 1338 775 1380 Decretis
809 1340 977 1380 omnino
1012 1337 1222 1395 prohiberi
1248 1341 1285 1380 in
1313 1333 1754 1381 Beatorum'honorem

120 1405 327 1450 Ecclesias
349 1407 410 1450 vet
432 1408 586 1451 Altaria
607 1409 798 1464 (proinde
820 1411 899 1452 lixa
926 1409 1156 1465 intelligere
1176 1414 1353 1465 oportet)
1373 1410 1572 1463 dicate...
1594 1423 1755 1465 respon-

121 1477 301 1520 dendum
338 1485 589 1522 censuerunt
624 1482 662 1522 in
698 1479 910 1523 Vercellen
948 1480 985 1523 2;
1021 1478 1197 1525 Obstant
1236 1480 1471 1524 Decreta».
1511 1507 1569 1511 —
1597 1481 1653 1523 Ex
1678 1480 1753 1524 bac

121 1551 387 1604 responsione
423 1551 563 1606 patefit
599 1563 744 1593 sensus
780 1550 1078 1594 Declarationis
1115 1551 1276 1595 Decreti
1311 1565 1435 1608 super
1466 1551 1585 1595 Cultu
1623 1551 1754 1594 Beatis

122 1620 367 1674 praestando
402 1620 431 1674 ³,
468 1620 683 1664 videlicet:
724 1637 743 1662 <c
772 1622 809 1664 l.
850 1623 911 1664 An
960 1621 1025 1666 ubi
1072 1622 1278 1666 indultum
1324 1624 1443 1666 fuerit
1479 1628 1519 1666 ut
1560 1622 1677 1665 Missa
1702 1622 1752 1665 de

119 1689 256 1747 aliquo
292 1691 414 1733 Beato
447 1690 694 1741 celebretur,
731 1692 853 1736 liceat
886 1695 974 1736 eius
1008 1696 1230 1750 imaginem
1272 1698 1311 1737 et
1349 1694 1634 1747 simulacrum,
1679 1707 1752 1737 nec

120 1775 198 1804 non
238 1764 399 1805 votivas
433 1762 605 1806 tabellas
639 1776 764 1819 super
799 1763 928 1807 Altari
964 1766 1212 1820 exponere?
1249 1792 1295 1795 —
1322 1782 1357 1808 J.
1378 1765 1439 1808 An
1461 1765 1650 1821 Episcopi
1675 1765 1751 1808 Re-

119 1832 299 1888 gulares,
349 1835 418 1888 uui
468 1847 519 1876 ex
571 1834 730 1877 indulto
779 1834 898 1878 Sedis
943 1835 1112 1892 Aplcae.
1162 1836 1344 1892 gaudent
1394 1836 1622 1893 prixilcgiis
1655 1850 1753 1879 suae

118 1902 358 1960 Religionis,
392 1904 443 1947 de
477 1903 629 1962 quibus
661 1910 757 1948 sunt
791 1918 966 1962 capaces
1001 1920 1074 1962 pro
1108 1920 1251 1950 eorum
1278 1908 1528 1961 conditione,
1554 1909 1750 1963 possint...

118 1974 259 2017 Altare
296 1974 427 2018 lleatis
458 1989 556 2018 suae
591 1975 819 2033 ReligIonis
852 1978 1050 2033 erigere?
1083 1978 1121 2022 S.
1158 1978 1203 2023 R.
1238 1977 1280 2022 C.
1325 1979 1559 2035 respondit:
1606 1978 1665 2021 Ad
1718 1978 1750 2020 l.

117 2045 393 2089 Attii-mative.
428 2072 485 2077 —
519 2046 580 2089 Ad
618 2048 654 2089 ὃ.
690 2043 893 2103 Negative
919 2064 957 2089 Ι).
995 2048 1066 2091 His
1100 2052 1293 2105 congruit
1326 2062 1372 2093 ac
1408 2064 1480 2105 per
1519 2049 1584 2091 illa
1619 2049 1749 2105 expli-

117 2119 235 2158 catur
265 2115 293 2173 ξ
326 2115 364 2158 4.
399 2115 570 2159 Allaria
609 2116 752 2159 Beulis
787 2120 952 2174 proprie
995 2132 1068 2162 seu
1110 2135 1128 2159 ((
1154 2119 1289 2163 adhuc
1324 2133 1402 2162 non
1438 2122 1749 2172 canonizatis»,

117 2185 243 2228 eliam
279 2186 319 2228 in
354 2186 542 2230 ecclesiis
576 2194 614 2230 et
648 2188 853 2231 oratoriis
887 2188 1033 2246 quibus
1067 2204 1209 2233 eorum
1243 2190 1417 2248 officiam
1443 2196 1480 2233 el
1506 2190 1637 2233 illisus-a
1662 2205 1751 2233 eon-

116 2270 230 2299 ressa
263 2263 360 2300 sunt
409 2271 457 2301 ex
501 2263 643 2302 tenore
694 2259 836 2303 Brevis
886 2260 1206 2305 Beatiticationis
1256 2261 1318 2305 vel
1362 2261 1531 2318 speciali
1576 2261 1752 2313 lndulto,

117 2327 244 2370 multo
279 2331 415 2372 minus
449 2331 486 2371 in
519 2329 624 2385 atus,
649 2329 858 2385 dedicari,
884 2332 993 2387 quod
1020 2335 1184 2389 proprie
1210 2333 1251 2376 lit
1276 2334 1586 2375 consecratione
1610 2332 1752 2375 altaris

117 2398 340 2442 immobilis
375 2402 485 2443 iuxta
521 2401 841 2457 explicationem
878 2403 915 2455 {1
954 2404 1023 2453 1³⁰,
1059 2409 1267 2461 nequeunt
1299 2403 1390 2446 sine
1423 2402 1548 2445 Sedis
1580 2405 1750 2460 Aposto-

115 2468 223 2512 lieae
255 2472 365 2513 circa
401 2470 506 2514 lianc
542 2485 626 2514 rem
664 2471 843 2526 t'mlullov,
881 2473 917 2515 id
955 2479 1016 2517 est
1049 2476 1226 2530 gratiosa
1262 2477 1541 2517 concessione.

235 2541 301 2583 56.
337 2543 576 2587 Altarium
616 2545 897 2590 immunitas
927 2545 1246 2600 praescribitur
1290 2548 1326 2587 in
1362 2560 1452 2587 ean.
1494 2548 1619 2588 1309.
1656 2545 1748 2587 Mis-

114 2611 210 2654 salis
243 2611 416 2655 Romani
451 2612 659 2656 Rubricae
711 2615 928 2670 generales
964 2629 1000 2658 n.
1036 2615 1107 2658 XX
1160 2620 1366 2660 statuunt:
1413 2632 1430 2656 (t
1456 2618 1588 2672 Super
1620 2615 1749 2659 altare

115 2681 307 2739 (nempez
341 2683 450 2740 quod
507 2687 737 2740 «operitur
786 2685 917 2729 tribus
965 2689 1136 2743 mappis,
1187 2701 1257 2730 seu
1309 2686 1480 2730 tobaleis
1516 2687 1680 2730 mundis
1705 2686 1747 2743 n)

114 2752 213 2796 nihil
248 2756 415 2797 omnino
450 2759 639 2810 ponatur,
673 2756 781 2812 quod
817 2756 866 2798 ad
905 2755 1050 2800 Missae
1073 2759 1341 2812 sacrificium,
1369 2757 1429 2800 vel
1457 2759 1584 2813 ipsius
1607 2757 1747 2800 altaris

207 2908 218 2929 1
247 2907 324 2941 Tit.
355 2907 450 2941 VIII
477 2918 556 2951 cap.
584 2908 629 2941 27
657 2919 765 2942 num.
795 2910 828 2953 5,
847 2910 880 2943 6.
913 2930 953 2934 -
982 2910 995 2932 2
1021 2910 1065 2944 27
1093 2910 1197 2954 Aug.
1243 2910 1346 2945 1836.
1388 2921 1426 2942 n.
1456 2910 1560 2944 2752.
