1965 3240
536 164 539 167 ·
604 153 687 188 Trr.
718 153 869 188 XXIX.
897 173 911 178 -
939 153 994 189 De
1018 155 1281 189 contractibus
1685 155 1752 189 567

131 271 177 329 d)
210 271 260 315 de
291 277 529 329 opportuna
561 270 727 314 cautela
762 285 800 313 v.
835 285 894 328 gr.
932 273 1117 328 pignore,
1153 272 1430 328 fideiussione,
1464 278 1540 317 etc.
1561 287 1640 332 pro
1664 287 1754 316 eon-

131 341 363 386 ditionibus
398 343 588 398 praefatis
621 342 795 400 aliisque
827 347 1063 386 contractus
1100 342 1337 401 implendis.

249 415 274 468 ἓ
304 415 346 456 2.
386 412 464 456 Pro
497 412 705 457 locutione
736 426 860 470 supra
893 413 1102 457 declarata
1137 413 1337 457 bonorum
1360 414 1753 466 ecclesiastieorum,

130 484 360 529 seeundum
396 489 585 529 naturam
621 498 779 540 eorum,
823 489 947 542 atque
984 499 1033 528 ex
1063 488 1257 529 citatione
1290 487 1567 544 quorumdam
1601 486 1752 530 solum-

135 555 255 599 modo
281 554 366 613 ἔξω
400 558 509 599 circa
550 571 569 597 <t
593 555 933 606 sollemnitates»
973 557 1011 598 in
1047 570 1135 599 can.
1174 557 1285 600 1533
1318 562 1509 601 extensas
1541 558 1589 601 ad
1616 571 1755 615 quem-

133 625 232 670 libet
264 631 537 680 contractum,
570 629 677 670 sicut
709 631 769 670 est
802 629 890 682 iste,
927 641 947 667 c(
969 639 1052 684 quo
1076 627 1257 671 conditio
1292 627 1502 672 Ecclesiae
1527 631 1641 685 peior
1665 630 1753 672 lieri

134 700 259 754 possit
282 713 322 749 2),
356 700 543 754 seqnitur
575 710 718 740 earum
753 697 933 755 aliquam
967 699 1145 741 existere
1177 711 1355 755 semper,
1393 712 1430 743 v.
1465 712 1526 755 gr.
1566 701 1752 742 «iustam

130 781 300 812 causam
324 784 363 821 n,
401 768 462 812 rel
498 782 577 811 non
614 770 766 825 requiri
805 783 840 813 v.
876 782 937 825 gr.
976 771 1349 812 «aestimationem
1386 772 1441 813 rei
1477 782 1497 813 a
1525 769 1664 826 probis
1689 783 1755 826 pe-

132 841 221 882 ritis
253 840 573 895 seriptot‘actam
600 855 619 880 »
660 843 768 892 (ean.
805 840 929 891 1530,
960 839 988 898 ξ
1022 840 1059 894 1,
1096 840 1152 895 ΞΟ,
1193 839 1267 897 10),
1299 840 1442 883 saltem
1479 854 1556 883 non
1591 854 1757 896 semper

136 923 175 952 v.
209 923 269 967 gr.
306 912 505 966 pecuniae
530 915 752 967 perceptae
784 911 1112 963 collocationem,
1150 914 1368 969 requisitas
1404 925 1502 954 vero
1537 911 1602 954 hic
1636 912 1758 954 fuisse

130 992 364 1036 expressas.
409 979 514 1023 Hine
556 979 747 1024 subditur
785 981 835 1024 de
869 981 1039 1038 legitimi
1084 982 1317 1038 Superioris
1361 981 1553 1026 lieentia:
1592 986 1757 1024 servulo

131 1050 396 1109 praescripto
431 1065 521 1093 ean.
557 1054 677 1093 1479
714 1068 736 1092 α
754 1051 804 1095 de
839 1051 1039 1096 locatione
1065 1052 1267 1096 bonorum
1293 1052 1598 1096 beneficialiuni
1623 1067 1665 1105 n,
1690 1052 1758 1096 ubi

138 1124 428 1178 «anticipatae
469 1121 695 1166 solutiones
740 1122 846 1166 ultra
888 1128 1086 1167 semestre
1130 1123 1444 1180 prohibentur»
1494 1124 1580 1167 lieri
1625 1123 1757 1174 aliter,

130 1205 253 1250 quam
289 1205 419 1236 canon
455 1192 725 1250 praescribit:

250 1266 290 1306 1⁰
323 1263 369 1306 Si
401 1263 521 1306 valor
553 1264 741 1307 annualis
776 1263 999 1307 locationis
1031 1266 1358 1322 uniuscuiusque
1391 1264 1621 1308 secuudum
1666 1277 1760 1307 con-

129 1338 323 1388 tractum,
359 1335 490 1378 idest:
531 1350 551 1376 <c
574 1347 736 1379 annuae
771 1338 1048 1392 responsionis
1081 1335 1291 1392 solutio»,
1327 1341 1370 1379 ut
1394 1335 1576 1393 loquitur
1609 1335 1760 1378 lustru-

128 1407 224 1457 ctio‚
258 1410 297 1449 et
330 1410 547 1449 contextus
587 1409 774 1464 requirit,
809 1420 901 1450 nam
936 1409 967 1450 si
1003 1409 1347 1463 interpretaretur
1378 1407 1429 1451 de
1464 1407 1576 1450 totali
1619 1406 1759 1450 valore

131 1476 344 1531 solvendo,
369 1483 614 1535 sequeretur
637 1478 880 1522 absurdum.
917 1478 1165 1522 Praescribit
1197 1481 1306 1522 enim
1342 1491 1502 1522 canon:
1537 1482 1569 1522 si
1591 1477 1656 1521 ille
1695 1492 1760 1520 ea?-

131 1546 253 1590 eedal
272 1548 450 1605 lw'qinla
470 1548 607 1591 millia
628 1548 869 1592 libellorum
887 1563 958 1592 seu
976 1549 1236 1607 franeorum,
1258 1551 1391 1606 prouti
1426 1549 1571 1592 eadem
1595 1561 1759 1592 summa

132 1619 208 1661 fuit
240 1618 449 1662 declarata
484 1622 521 1662 in
556 1633 647 1663 can.
685 1620 810 1675 1532,
844 1623 869 1675 g
903 1621 940 1675 ⁶2,
974 1626 1013 1664 et
1046 1620 1086 1677 a)
1112 1619 1266 1663 locutio
1289 1620 1345 1663 sit
1369 1620 1485 1663 Μῖνα
1508 1619 1759 1663 novennium

128 1690 456 1746 computandum
491 1704 512 1734 a
547 1691 613 1734 die
657 1693 744 1734 initi
789 1697 1025 1735 contractus
1061 1692 1124 1735 vel
1159 1705 1179 1735 a
1219 1692 1285 1736 die
1319 1705 1401 1750 quo
1436 1693 1581 1748 incipit
1618 1693 1759 1748 vigere

129 1760 358 1802 secundum
405 1759 513 1803 illius
556 1765 756 1815 tenorem,
795 1762 1034 1820 requiritur
1075 1761 1378 1820 beneplacitum
1422 1761 1697 1820 apostolieum
1736 1774 1758 1805 a

128 1829 168 1873 S.
203 1829 534 1887 Congregatione
568 1830 739 1876 Concilii
774 1833 1085 1889 expetendum3
1122 1833 1164 1890 b)
1197 1833 1235 1876 si
1268 1833 1421 1877 locatio
1454 1833 1615 1876 nonsit
1643 1832 1759 1875 ultra

130 1901 394 1955 novennium,
427 1904 586 1945 etiamsi
623 1905 733 1946 iuxta
769 1903 906 1947 datam
944 1906 1325 1960 interpretationem
1371 1904 1560 1948 annualis
1597 1904 1760 1947 «valor

132 1970 346 2015 locationis
368 1988 390 2013 ))
428 1973 605 2017 excedat
638 1975 864 2030 praefatam
889 1988 1110 2031 summam,
1134 1976 1299 2018 servuri
1316 1976 1431 2018 dehet
1447 1975 1758 2033 praescriptum

129 2056 221 2085 eun.
257 2044 389 2095 1532,
420 2043 448 2101 ἓ
480 2045 511 2087 3
544 2044 596 2087 ilJi
642 2045 914 2096 declaratum,
953 2062 975 2087 ((
997 2048 1029 2089 si
1063 2052 1211 2103 agatur
1255 2060 1402 2103 nempe
1437 2047 1487 2090 de
1531 2047 1759 2090 alienandis

130 2112 254 2156 rebus
283 2127 471 2171 -quarum
517 2117 695 2171 pretium
739 2119 974 2160 continetur
1016 2119 1121 2160 intra
1167 2117 1278 2160 mille
1322 2117 1480 2161 libellas
1518 2123 1557 2161 ot
1592 2120 1757 2174 triginta

132 2183 257 2228 millia
294 2183 527 2227 libellarum
562 2199 633 2229 seu
670 2186 906 2234 franeorum
932 2203 969 2230 ³).

247 2254 296 2297 2o
331 2254 376 2298 Si
412 2254 530 2298 valor
570 2269 694 2313 supra
740 2259 854 2300 initio
888 2258 942 2301 n.i
977 2258 1015 2301 1i
1058 2258 1292 2302 declaratus
1333 2259 1602 2302 contineatur
1642 2259 1757 2301 intra

129 2323 246 2368 mille
277 2324 442 2368 libellas
475 2331 514 2369 et
547 2326 725 2383 triqinta
759 2327 897 2371 nullia
931 2328 1170 2372 libellorum
1201 2343 1275 2372 seu
1304 2329 1551 2387 franeorum
1583 2334 1621 2373 el
1654 2332 1760 2372 iusu-

133 2407 204 2451 per
236 2401 273 2449 a)
305 2396 458 2440 locatio
491 2397 547 2440 sit
579 2398 695 2441 ultra
736 2399 1003 2450 novennium,
1051 2401 1375 2458 eomputauduiu
1408 2403 1515 2444 siout
1548 2403 1586 2443 in
1622 2400 1680 2445 n.⁰
1716 2400 1758 2442 1⁰

134 2466 209 2508 suit
241 2466 412 2522 dietum,
446 2471 743 2526 aequiparatur
765 2469 1002 2514 alienationi
1039 2470 1131 2514 boni
1168 2472 1366 2528 praedicti
1395 2471 1557 2526 valoris,
1582 2485 1653 2515 seu
1677 2485 1760 2513 ser-

129 2535 227 2578 vari
257 2536 372 2579 debe!
393 2539 706 2597 praescriptum
739 2540 925 2583 eiusdem
959 2555 1048 2584 can.
1086 2543 1221 2598 1532,
1253 2545 1278 2593 ,Q
1309 2543 1340 2585 3
1374 2545 1452 2585 iam
1473 2543 1754 2599 explicatum:

134 2604 177 2662 b)
199 2605 237 2648 si
259 2606 412 2651 locutio
434 2622 515 2652 non
538 2609 594 2652 sit
619 2609 734 2652 ultra
758 2611 1023 2666 novennium,
1046 2613 1192 2669 supple
1220 2629 1242 2653 «
1263 2615 1422 2656 servari
1447 2613 1567 2656 debet
1592 2629 1613 2653 ›)
1638 2626 1744 2670 prae

130 2676 333 2734 seriptum
377 2678 563 2722 eiusdem
605 2695 695 2724 cun.
743 2683 875 2738 1532,
907 2682 935 2740 g
965 2685 998 2725 2
1040 2683 1094 2727 ibi
1129 2686 1360 2739 expositum
1401 2686 1496 2727 «de
1530 2683 1758 2727 alienandis

130 2746 255 2790 rebus
288 2760 393 2804 quae
428 2749 610 2793 valorem
647 2764 725 2794 non
745 2752 1084 2796 exceduntmille
1104 2753 1335 2797 libellarum
1359 2767 1430 2797 seu
1462 2755 1695 2797 francorum
1716 2769 1755 2796 ».

247 2818 296 2861 3⁰
333 2818 379 2861 Si
410 2818 531 2864 valor
565 2825 607 2863 ut
639 2833 764 2877 supra
799 2824 837 2864 in
882 2821 941 2867 n.⁰
978 2825 1019 2866 1⁰
1063 2838 1143 2867 non
1189 2823 1375 2874 eareeclal,
1413 2826 1575 2868 etiamsi
1609 2828 1757 2881 aequet

133 2887 250 2932 mille
282 2887 448 2932 libellas
479 2903 551 2932 seu
583 2890 756 2949 francos
787 2897 826 2935 et
859 2893 899 2949 a)
934 2892 1087 2937 locatio
1120 2894 1176 2936 sit
1209 2893 1323 2936 ultra
1356 2894 1605 2937 novennium¹
1630 2894 1756 2938 idest:
