1965 3240
521 150 603 184 ΤΙΤ.
631 149 721 184 XII.
752 171 759 176 -
787 150 843 185 De
868 153 1073 195 sepultura
1100 154 1356 187 ecclesiastiea
1708 155 1754 190 73

133 285 152 310 ((
182 270 215 313 l.
250 267 311 312 An
348 268 503 312 licitum
539 271 589 311 sit
622 282 771 312 nomen
807 269 906 311 dare
929 270 1210 323 societatibus,
1234 271 1384 328 quilius
1414 276 1666 328 propositum
1693 278 1754 317 est

128 352 375 396 promovere
410 352 527 381 usum
564 338 836 382 comburendi
873 339 1085 382 hominum
1112 341 1332 384 cadavera.
1370 343 1406 384 2.
1434 344 1492 385 An
1521 343 1675 386 licitum
1701 346 1753 387 sit

128 409 325 453 mandare
346 414 387 452 ut
404 422 477 452 sua
495 409 730 453 aliorumve
748 410 955 453 cadavera
976 410 1288 454 comburantur.
1309 412 1352 455 u.
1370 413 1455 456 Enii
1476 414 1752 458 l'l‘.(jardd....

127 480 461 537 respondendum
496 486 771 525 censuerunt:
807 481 867 523 Au
911 482 942 525 1.
976 481 1199 538 Negative;
1236 487 1275 525 et
1308 486 1338 525 si
1375 490 1521 539 agatur
1545 486 1595 527 de
1628 488 1754 528 sot-,ie-

126 550 277 595 tatibus
312 553 568 595 massonicae
591 556 728 594 sectae
753 551 962 603 filialibus,
988 554 1140 595 incurri
1167 566 1319 609 poc-nas
1342 560 1482 597 contra
1510 555 1613 598 lianc
1639 556 1752 599 latas.

125 621 186 664 Ad
224 621 259 664 2.
286 620 530 677 Negative...
557 622 760 666 Sanctitas
793 622 872 665 Sua
899 622 1172 665 resolutiones
1195 623 1390 667 Emoruni
1420 625 1582 667 l'atruni
1608 627 1755 682 adpro-

126 691 239 736 bavit
272 697 311 735 et
344 694 624 747 confirmavit,
658 698 697 736 et
743 707 836 736 cum
889 693 1072 737 locorum
1117 692 1352 737 Ordinariis
1385 698 1754 739 coinniunieandas

126 763 352 811 mandavit,
389 768 431 806 ut
463 768 696 820 opportune
732 764 996 807 instruendos
1029 769 1176 808 curent
1208 765 1501 809 christifideles
1539 769 1648 810 circa
1683 768 1751 810 de-

124 833 353 877 testabilem
389 834 563 877 abusum
599 834 779 878 humana
814 848 986 891 corpora
1022 836 1251 890 cremandi,
1289 842 1412 893 utque
1436 837 1487 880 ab
1510 851 1558 880 eo
1581 852 1750 894 gregem

122 904 198 948 sibi
233 905 519 948 concreditum
556 908 648 948 totis
685 905 843 949 virilius
875 906 1174 949 deterreant».

241 974 356 1019 Hanc
390 976 622 1019 doctrinam
657 979 876 1020 contirinat
912 991 983 1033 pro
1019 980 1134 1033 praxi
1170 981 1192 1032 ᾗ
1228 979 1264 1021 2.
1302 978 1347 1021 St
1380 979 1473 1036 quis
1506 982 1629 1022 etiam
1664 994 1754 1023 aca-

73 1084 77 1087 .
123 1044 299 1088 thelicus
332 1046 475 1103 quovis
508 1045 627 1089 modo
659 1049 749 1089 sire
783 1052 977 1090 oretenus
1009 1048 1108 1090 dum
1147 1051 1320 1104 viveret,
1355 1051 1443 1092 sive
1481 1052 1648 1106 scripto,
1684 1056 1753 1094 aut

72 1132 75 1134 ·
122 1120 380 1170 testamento,
414 1122 492 1160 etc.
529 1117 793 1161 ¹immdtwerit
829 1124 871 1161 ut
905 1132 1055 1176 eorpus
1078 1133 1198 1161 ‚vuum
1222 1126 1443 1170 cremetur,
1467 1134 1549 1177 quo
1573 1135 1669 1164 ‹zzisu
1697 1124 1752 1163 vi-

121 1187 290 1230 deretur
323 1187 477 1231 nullain
512 1188 647 1231 eidem
683 1191 875 1232 iniuriam
912 1191 1069 1244 inferri,
1103 1190 1172 1233 sed
1211 1194 1345 1247 potius
1388 1192 1521 1234 eidem
1567 1192 1751 1249 obsequi,

121 1257 319 1300 illicitam
353 1264 412 1301 est
448 1259 653 1313 fidelibus,
689 1263 811 1303 etiam
848 1263 916 1317 qui
951 1261 1086 1304 eidem
1122 1261 1219 1304 dum
1260 1264 1420 1305 vireret
1462 1263 1636 1306 subiecti
1673 1266 1753 1307 l'ue-

121 1333 228 1384 runt,
264 1328 371 1372 hane
403 1334 574 1388 etrseqtcz‘
607 1331 889 1380 voluntatem,-
921 1337 961 1375 et
994 1346 1086 1375 cum
1125 1338 1241 1389 pacta
1276 1347 1347 1376 seu
1386 1333 1577 1377 voluntas
1616 1337 1752 1390 priva-

120 1403 256 1443 torum
299 1407 505 1458 nequeant
548 1407 691 1445 contra
736 1402 849 1459 leges
884 1417 955 1459 pro
992 1403 1097 1446 bono
1138 1404 1301 1460 publico
1336 1404 1604 1448 humanitatis
1637 1406 1754 1448 datas

120 1470 378 1526 praevalere,
413 1471 700 1529 subiungitur:
735 1487 842 1531 qaae
887 1474 1077 1518 voluntas
1122 1488 1315 1531 expressa
1351 1475 1388 1517 si
1422 1475 1586 1518 adiecta
1619 1476 1752 1533 fuerit

119 1541 159 1597 a)
192 1542 442 1595 contractui,
476 1556 547 1585 seu
583 1546 793 1586 connnuni
830 1558 1032 1587 consensu
1070 1546 1190 1596 tacto,
1227 1544 1268 1601 1))
1303 1550 1564 1596 testamento,
1588 1547 1695 1602 quod
1728 1560 1750 1590 a

118 1611 203 1654 solo
253 1613 403 1668 pendet
452 1617 658 1657 testatoris
706 1614 892 1666 arbitrio,
927 1614 966 1672 c)
1002 1621 1074 1657 aut
1119 1615 1199 1658 ((Ιιῗιῖ
1242 1615 1409 1658 cuilibet
1449 1617 1578 1671 ‹tr-tui,
1616 1631 1652 1659 v.
1687 1632 1747 1674 gr.

118 1682 333 1725 cuiusdam
372 1686 427 1726 rei
462 1683 687 1733 donationi,
723 1690 863 1741 utpote
899 1686 1041 1729 illicita
1075 1700 1124 1729 ex
1160 1688 1227 1729 cit.
1263 1686 1362 1730 (js
1397 1684 1532 1730 Ollicii
1568 1688 1753 1731 declara-

117 1754 240 1804 tione,
263 1758 462 1811 tanquam
487 1768 564 1798 non
594 1755 760 1798 adiecta
785 1755 1006 1810 habeatur)
1028 1758 1333 1813 praesumendo
1358 1763 1548 1813 agentem
1572 1758 1749 1802 voluisse

118 1823 316 1880 implicite
351 1830 393 1868 ut
426 1830 555 1876 actus,
590 1829 654 1869 c‘ui
690 1827 852 1870 adnexa
890 1829 975 1883 suit,
1014 1828 1182 1872 valeret.

237 1895 304 1937 59.
339 1897 631 1953 sepulturae
655 1900 1023 1945 ecclesiasticae
1047 1902 1197 1945 notio.
1224 1898 1323 1942 Can.
1350 1902 1481 1942 1204.
1518 1899 1745 1956 Sepultura

116 1970 279 2021 sumpta
314 1980 386 2022 pro
420 1972 586 2010 actuum
623 1968 857 2025 complexu,
893 1972 960 2026 qui
997 1983 1094 2025 erga
1120 1970 1409 2013 detunctorum
1435 1983 1607 2026 corpora
1633 1972 1748 2024 liunt,

115 2048 187 2078 seu
221 2039 358 2080 active
390 2050 438 2081 ac
471 2038 690 2095 complete,
727 2045 765 2082 et
797 2039 1102 2092 ecclesiastiea,
1137 2044 1205 2098 qui
1241 2055 1388 2095 nempe
1436 2047 1552 2084 actus
1589 2041 1640 2084 ab
1673 2041 1746 2084 Ec-

115 2105 238 2150 clesia
273 2108 616 2164 praescribuntur
648 2111 843 2154 servandi
877 2124 975 2168 erga
1009 2126 1178 2155 suorum
1205 2112 1387 2155 tideliuin
1413 2113 1633 2163 cadarera,
1659 2126 1748 2154 eon-

114 2177 227 2220 sistt‘t
261 2179 301 2235 a)
337 2178 380 2221 (ἠ
414 2179 649 2237 cadaveri&
686 2181 813 2224 veluti
863 2183 961 2239 quid
1012 2183 1164 2226 cedens
1199 2183 1425 2236 rei-nuituis,
1468 2183 1643 2226 scilicet:
1679 2183 1746 2225 lio-

116 2250 236 2291 minis
268 2250 474 2294 demortui
511 2251 793 2296 trtmslatt'one
827 2267 921 2296 cuin
957 2254 1151 2310 precibus
1184 2268 1205 2297 e
1239 2255 1419 2297 dcl'uncti
1444 2254 1567 2296 domo
1601 2253 1656 2296 (ul
1683 2268 1744 2295 ee-

114 2317 297 2370 clesiam,
333 2320 376 2373 b)
409 2322 620 2380 exsequiis
653 2337 725 2366 seu
771 2327 990 2380 postremis
1035 2324 1180 2367 ritibus
1223 2338 1269 2367 ae
1313 2327 1586 2367 caeremoniis
1619 2337 1744 2381 super

115 2389 222 2433 illud
257 2391 296 2433 ίη
332 2391 472 2435 eadem
508 2392 742 2450 celebratis,
777 2394 816 2451 c)
852 2394 972 2437 itlius
1005 2395 1266 2453 depositione
1299 2409 1391 2438 cuni
1434 2409 1600 2451 precuin
1641 2396 1740 2437 etl'u-

112 2461 225 2503 sione
259 2461 299 2514 d)
333 2462 373 2504 in
408 2462 496 2506 loeo
541 2463 727 2521 leqitime
769 2465 951 2509 scilicet:
1002 2466 1051 2508 ad
1100 2478 1311 2508 sacrarum
1366 2465 1500 2520 legunt
1553 2478 1738 2507 normani

112 2529 324 2588 deputato,
363 2536 458 2590 quia
502 2537 687 2590 praecise
730 2535 921 2591 fidelibus
954 2535 1165 2593 defunctis
1199 2535 1425 2579 condendis
1466 2538 1502 2578 in
1548 2540 1740 2592 cxpecta-

111 2603 263 2644 tionem
301 2607 629 2648 resurrectionis.

211 2672 298 2724 '⁴50-
334 2676 593 2722 Distinctio
627 2679 775 2724 Tituli
809 2681 855 2723 in
896 2681 1075 2736 capita.
1121 2679 1160 2721 ln
1203 2679 1412 2734 sepultura
1458 2679 1736 2721 ecclesiastiea

111 2756 184 2799 pro
217 2745 353 2787 studio
387 2747 487 2789 iuris
525 2750 711 2791 canonici
757 2748 1014 2805 distinguere
1058 2754 1219 2805 oportet
1258 2749 1460 2805 quaedam
1509 2748 1734 2791 materialia

110 2813 333 2870 sepulturis
365 2818 487 2859 etiam
525 2818 752 2861 infidelium
788 2822 1050 2870 coininunia;
1085 2819 1264 2862 scilicet:
1302 2819 1434 2861 lot-uni
1471 2821 1538 2875 qui
1575 2821 1611 2860 in
1648 2821 1736 2861 iure

110 2887 308 2929 canonico
340 2886 577 2944 sepulerum
612 2902 683 2945 pro
717 2889 891 2945 singulis
924 2890 1052 2943 audit,
1087 2895 1123 2933 et
1163 2893 1365 2933 actionem
1410 2889 1635 2945 sepeliendi
1670 2901 1735 2931 ca-
