1965 3240
650 156 732 191 Trr.
762 156 894 191 XXII.
925 177 937 183 -
964 158 1019 191 De
1045 160 1188 193 selzote’s
1663 164 1732 197 325

108 277 157 318 tis
188 274 238 317 ad
274 276 530 318 iuventutem
567 277 837 320 erudiendam
874 277 1087 320 destinatis
1133 279 1267 322 idonei
1304 288 1596 337 (ςυιιψειι-υιιῐιιι·
1645 296 1727 325 ma-

107 347 222 402 gistri
246 361 284 386 )).

224 417 521 472 Quamobrem,
558 424 598 462 ut
631 433 891 477 consequens
925 426 1000 471 est,
1031 420 1193 465 subdit:
1234 438 1252 461 «
1275 422 1455 478 Expletis
1489 424 1653 466 ‹lennnn
1692 427 1728 467 iu

106 487 207 531 laica
243 491 393 545 quavis
424 488 705 533 Unixersitate
739 493 1007 546 praescriptis
1038 492 1269 534 studiorum
1305 493 1551 544 (ausibus...
1578 498 1728 537 nemini

79 559 163 602 ‘sas
195 561 273 601 erit.
312 561 549 615 magisteria
593 561 823 603 saecularia
858 561 994 604 aliave
1028 562 1160 605 ollicia
1207 577 1278 618 pro
1312 577 1384 605 suo
1430 563 1568 609 luliito.
1607 568 1730 608 maxi-

106 642 225 673 meve
249 634 391 673 contra
415 628 626 675 Ordinarii
646 634 706 675 sui
735 631 1002 685 voluntatem,
1022 636 1256 689 suscipere:
1280 634 1387 690 ‹piod
1413 637 1442 677 si
1463 638 1554 691 quis
1574 638 1729 690 lecerit,

104 702 299 756 congruis
333 703 487 757 poenis,
523 715 601 744 non
636 702 805 746 exclusa
853 706 1123 759 suspensione
1172 717 1193 747 a
1237 704 1403 757 divinis,
1450 705 1650 761 plectatur
1690 725 1726 747 ».

223 771 318 814 265.
355 773 427 818 De
475 774 664 819 clericis
713 776 961 820 mittendis
1009 777 1072 820 ad
1120 777 1433 821 academicos
1483 779 1729 823 Ecclesiae

103 844 290 898 gradus
323 846 714 900 consequendos.
749 844 954 888 Honorius
980 844 1028 887 lll
1064 845 1252 902 inquit1:
1293 861 1312 886 ((
1335 845 1530 889 Volumus
1554 852 1591 889 et
1617 861 1727 889 man·

103 913 264 964 damus,
299 913 342 956 ut
373 918 587 969 statutum,
623 917 660 957 in
696 915 818 958 (Ione.
853 913 1044 958 Gener-ali
1078 916 1128 958 de
1173 918 1380 971 magistris
1415 916 1614 973 theologis
1659 932 1729 973 per

101 983 285 1040 singulas
329 984 577 1040 metropoles
610 986 852 1039 statuendis,
893 985 1187 1029 inviolabiliter
1230 987 1496 1030 observetur:
1542 990 1727 1031 statuen-

103 1060 174 1110 tes,
210 1059 252 1098 ut
283 1057 379 1112 quia
411 1069 536 1111 super
586 1055 661 1099 lioc
697 1061 863 1113 propter
898 1059 1106 1100 raritatem
1144 1059 1435 1113 magistrorum
1480 1072 1521 1101 se
1568 1064 1729 1114 possent

100 1125 226 1183 aliqui
271 1127 437 1169 forsitan
473 1140 688 1175 excusare,
723 1126 774 1170 ab
817 1127 1086 1170 eeclesiarum
1134 1127 1328 1171 Praelatis
1361 1133 1399 1170 et
1442 1128 1644 1184 capitulis,
1679 1129 1726 1171 ad

101 1196 358 1253 theologicae
393 1199 657 1253 professionis
689 1198 871 1240 studium
896 1197 1022 1255 aliqui
1057 1197 1255 1255 (notetur)
1289 1198 1489 1242 docibiles
1522 1199 1726 1242 destinen-

101 1272 188 1312 tur:
216 1267 281 1325 (ac
303 1273 535 1326 sequuntur
570 1270 748 1330 rationes
770 1282 935 1325 semper
970 1270 1283 1326 prosemoendae
1308 1272 1345 1312 in
1382 1271 1516 1327 praxi)
1541 1272 1608 1327 qui
1634 1285 1726 1313 cum

100 1339 207 1382 docti
244 1340 408 1391 t'uerInt,
444 1341 482 1381 in
518 1338 589 1382 Dei
624 1339 808 1382 Ecclesia
846 1340 957 1383 velut
989 1340 1185 1396 splendor
1238 1340 1421 1396 fulgeant
1455 1342 1728 1383 lirmamenti:

100 1423 149 1453 ex
174 1410 325 1467 quibus
360 1410 620 1466 postmodum
645 1412 762 1466 copia
789 1413 913 1466 possit
932 1410 1075 1454 haberi
1096 1412 1335 1455 doctorum:
1361 1414 1429 1469 qui
1457 1411 1569 1455 velut
1586 1411 1729 1455 stellae

101 1484 138 1524 in
165 1486 385 1538 perpetuas
408 1484 673 1525 aeternitates
698 1484 895 1538 mansuri,
918 1483 967 1526 ad
995 1484 1190 1526 iustitiam
1220 1483 1382 1526 valeant
1407 1483 1606 1539 plurimos
1634 1497 1727 1526 eru-

99 1553 273 1597 dire»...
298 1552 415 1596 Nunc
449 1557 593 1595 autem
613 1558 779 1609 propter
812 1553 1118 1596 distinctionem
1145 1553 1391 1606 studiorum,
1416 1554 1648 1597 distinctius
1673 1554 1728 1596 lo-

98 1626 251 1681 quitur,
272 1624 342 1666 sed
378 1637 471 1667 cum
507 1637 585 1666 non
610 1627 662 1667 sit
701 1627 886 1667 «raritas
922 1627 1275 1681 magistrorum»,
1298 1624 1460 1668 sublato
1488 1629 1638 1668 statuto
1672 1628 1727 1668 ait

98 1696 337 1739 can.1380.
356 1693 596 1752 (quandam
620 1695 671 1738 ol)
698 1694 974 1738 Decretalium
1000 1695 1144 1738 saltem
1171 1697 1350 1738 rationes
1376 1701 1418 1738 at
1441 1695 1623 1739 locor-am
1649 1696 1726 1738 (lr-

97 1765 262 1809 dinarit'
285 1768 390 1817 (can.
418 1765 515 1815 198,
539 1771 563 1819 g
584 1764 639 1822 2),
673 1779 750 1820 pro
774 1780 850 1808 sna
871 1765 1101 1823 prudentia
1127 1779 1299 1822 nempe:
1326 1769 1482 1809 ratione
1507 1771 1616 1809 recta
1641 1769 1724 1821 agi-

99 1836 257 1890 bilium,
282 1836 323 1893 a)
347 1836 522 1880 clericos
561 1853 580 1877 a
601 1850 673 1893 per
708 1840 881 1893 primam
906 1836 1050 1880 saltem
1089 1842 1341 1880 tonsuram»
1371 1836 1478 1894 (can.
1510 1837 1602 1890 ¹08,
1626 1839 1644 1891 ξ
1675 1837 1726 1894 l),

98 1908 141 1966 b)
171 1908 332 1966 pietate
367 1911 404 1951 in
439 1908 629 1952 (livinum
667 1910 940 1951 ministerium
976 1913 1015 1950 et
1049 1908 1217 1965 t'tzyent'o
1247 1914 1530 1965 praestantes,
1566 1908 1725 1951 seclusa

97 1981 222 2036 igitur
256 1993 525 2036 personarum
549 1983 805 2036 acceptione,
824 1978 863 2036 c)
883 1978 938 2022 ad
956 1978 1121 2021 scholas
1146 1978 1316 2021 mittant
1349 1978 1530 2021 alicuius
1561 1977 1727 2022 Univer-

96 2050 239 2093 st'tatis
263 2056 336 2093 aut
356 2049 607 2102 FactcltatiS,
640 2063 747 2107 quae
781 2052 819 2093 in
856 2050 943 2093 loco
967 2050 1242 2103 desideretur,
1263 2048 1311 2091 ab
1329 2048 1519 2091 Ecclesia
1541 2063 1614 2105 pro
1640 2051 1726 2092 iure

96 2135 169 2165 suo
193 2122 242 2165 ad
279 2134 468 2165 normam
502 2134 591 2165 ean.
634 2121 756 2174 1375,
781 2121 893 2164 1376
927 2120 1123 2164 conditae
1148 2120 1221 2173 cel,
1244 2120 1387 2163 saltem
1419 2136 1437 2160 «
1457 2134 1506 2163 ex
1533 2120 1724 2163 l'acultate

97 2203 118 2234 a
137 2191 243 2235 Sede
262 2190 497 2247 Apostolica
521 2204 715 2235 concessa
736 2207 755 2231 »
784 2191 892 2248 (can.
920 2191 1064 2245 1377),
1088 2195 1157 2233 aut
1184 2204 1377 2246 expresse
1401 2191 1565 2247 quaudo
1594 2206 1613 2229 «
1635 2190 1723 2233 l'ni-

100 2264 273 2305 versitas
320 2261 523 2305 catholiea
573 2262 815 2305 condatur»
864 2261 973 2318 (can.
1012 2262 1138 2314 1379,
1181 2264 1205 2315 g
1240 2261 1278 2314 Ξ)
1325 2259 1594 2317 approbatae,
1628 2274 1720 2303 cum

97 2333 173 2376 hoc
206 2333 360 2389 duplici
395 2346 544 2390 scopo:
580 2338 624 2376 ut
658 2332 761 2375 inibi
784 2332 824 2390 a)
847 2332 1006 2384 stzalt'a,
1030 2335 1127 2390 quin
1152 2337 1288 2375 cetera
1313 2331 1587 2375 excludantur
1611 2334 1722 2374 iuxta

95 2404 204 2447 (licta
238 2404 289 2447 de
320 2402 672 2448 Universitatibus
706 2403 835 2457 laicis,
865 2404 1120 2461 praesertim
1149 2401 1458 2460 philosophiae,
1491 2401 1723 2457 tlteoloqiae

95 2489 144 2517 ac
168 2474 275 2517 iaris
294 2474 500 2526 canonici,
523 2488 598 2518 nee
623 2476 665 2517 lit
690 2476 843 2517 mentio
866 2474 917 2518 de
940 2474 1076 2517 studio
1104 2474 1254 2518 Sacrae
1277 2474 1514 2529 scripturae
1538 2472 1720 2528 speciali,

94 2559 187 2590 eum
226 2547 263 2588 in
300 2558 380 2588 uno
412 2545 597 2588 alterove
637 2544 725 2588 loco
770 2545 868 2588 illud
902 2550 1027 2599 extet,
1058 2544 1299 2602 perficiant,
1334 2543 1441 2600 quod
1488 2547 1547 2585 est
1592 2545 1720 2598 preci-

95 2630 220 2674 puum
257 2619 475 2668 intentum,
509 2615 552 2673 b)
586 2621 623 2658 et
658 2615 918 2659 academicos
948 2615 1110 2673 yraclas
1151 2618 1187 2657 in
1223 2628 1312 2657 can.
1351 2614 1457 2656 1377
1493 2613 1722 2656 declaratos

94 2692 415 2745 consequantur.
451 2686 542 2730 Huc
577 2686 839 2730 referendum
874 2691 934 2730 est
979 2689 1133 2730 iussum
1182 2685 1237 2727 Pii
1275 2683 1305 2727 X
1356 2686 1392 2726 in
1427 2688 1555 2727 const.
1605 2699 1623 2723 «
1652 2683 1720 2725 l'a-

70 2758 279 2802 scendi»
308 2756 346 2800 ²:
386 2772 405 2798 (ι
427 2756 504 2801 ll...
538 2756 686 2800 Clerici
719 2761 759 2800 et
781 2757 1025 2800 Sacerdotes
1057 2758 1126 2814 qui
1161 2755 1388 2799 catholicae
1421 2756 1599 2809 cuipiam
1626 2753 1718 2797 Uni-

210 2912 222 2934 1
250 2911 339 2956 Cap.
367 2912 402 2950 5,
431 2910 496 2944 tit.
526 2910 568 2951 v,
596 2909 681 2944 Lib.
711 2910 756 2943 v.
789 2930 827 2935 -
858 2910 872 2932 2
897 2910 919 2944 3
945 2910 1051 2954 Sept.
1082 2909 1184 2943 1907.
