1965 3240
144 134 212 169 376
403 134 487 169 Lm.
514 134 584 169 III.
612 155 625 159 -
650 134 760 168 PARS
785 134 852 169 IV.
880 155 893 160 -
918 135 976 169 De
1001 137 1224 180 maqislerto
1251 136 1507 170 ecclesiastico

144 267 310 297 sensu»
348 255 469 296 etiam
507 253 710 307 manuale,
749 253 811 296 vel
845 255 1150 308 canonicatum,
1183 258 1257 296 aut
1303 252 1553 310 diqnitatem
1588 256 1626 296 in
1661 256 1769 310 capi-

145 323 252 372 tulis,
287 324 414 366 etiam
447 322 628 366 eiusdem
663 323 817 381 speciei
844 338 879 369 v.
905 338 965 380 gr.
1000 324 1169 367 dimisso
1201 324 1435 380 Superioris
1467 324 1601 367 officio
1626 326 1664 367 in
1690 336 1769 368 una

145 396 280 450 domo,
315 394 365 438 ad
400 395 509 438 idem
543 394 723 438 officium
757 397 796 437 in
830 394 909 438 alia
952 396 1203 450 nominetur,
1241 409 1261 435 (ε
1285 396 1355 452 qui
1377 410 1403 436 )).
1438 398 1481 437 ut
1513 393 1769 437 declaratum

144 470 216 520 est,
242 464 455 522 quodlibet
477 478 622 508 eorum
646 471 967 523 consequuntur,
993 478 1141 507 rursus
1169 463 1315 508 debent
1337 463 1435 521 fidei
1463 463 1767 522 professionem

143 536 333 579 emittere
365 535 420 578 ad
450 549 641 579 normam
675 534 799 578 lucius
832 535 1006 579 canonis
1041 538 1078 578 in
1114 535 1288 579 relativo
1321 548 1507 578 numero.
1541 560 1598 565 ———
1630 534 1768 589 Quan-

144 607 279 665 doque
311 612 448 650 antem
484 609 612 663 aptari
650 609 799 663 poterit
831 619 1008 664 sequens
1042 605 1274 650 Declaratio
1307 606 1346 651 S.
1380 604 1546 662 Congr.⁵
1578 604 1731 650 Const.⁸
1754 604 1767 627 ¹

149 693 169 718 ((
193 677 219 720 l.
254 677 400 721 Utrum
435 680 519 735 qui,
555 679 592 720 in
642 679 860 734 praesenti,
897 677 1012 733 plura
1057 675 1242 720 obtinent
1275 676 1408 720 officia
1446 675 1508 719 vel
1553 674 1770 730 beneficia,

146 761 272 791 unum
301 748 518 791 dumtaxat
550 747 836 791 iusiurandum
864 747 1110 804 (praemissa
1135 747 1229 790 fidei
1265 745 1535 803 professione)
1560 751 1770 803 praestare

144 821 311 876 possint,
346 831 395 861 an
430 823 488 861 tot
522 821 752 862 iuramenta
787 820 977 861 emittere
1010 823 1229 861 teneantur
1261 822 1360 876 quot
1392 817 1602 874 possident
1634 817 1768 861 officia

145 889 208 932 vel
242 888 442 933 beneficia
457 889 519 933 ἰ)...
554 888 615 932 Ad
652 888 688 931 l:
722 889 913 932 sufficere
946 901 1073 931 unum
1109 889 1410 941 iusiurandum,
1434 888 1505 932 sed
1540 888 1591 932 de
1620 888 1767 931 eodem

143 962 255 1016 prius
288 962 483 1016 praestito
516 959 619 1002 tides
651 959 886 1003 exhibenda
911 964 971 1003 est
1005 961 1057 1014 ei,
1079 961 1150 1017 qui
1185 961 1247 1002 ius
1279 958 1403 1003 habet
1436 958 1547 1002 aliud
1573 958 1766 1015 exigendi

142 1033 417 1074 iuramentum
443 1046 483 1073 )).
517 1028 633 1082 Quae
681 1032 892 1087 responsio
925 1030 975 1074 ad
1010 1043 1153 1073 omnes
1185 1042 1320 1085 casus,
1354 1032 1392 1073 in
1436 1029 1588 1087 quibus
1621 1029 1767 1072 eodem

142 1101 353 1146 moraliter
400 1106 587 1158 tempore
636 1106 782 1157 urgeat
830 1101 1027 1157 professio
1076 1101 1172 1144 fidei
1217 1101 1443 1144 emittenda
1486 1099 1538 1144 ob
1580 1100 1770 1144 diversas

140 1184 285 1215 causas
317 1172 578 1215 extendenda
612 1176 684 1227 est,
719 1174 815 1230 quia
849 1174 961 1215 iuxta
996 1185 1139 1215 omnes
1172 1171 1290 1229 plura
1326 1176 1545 1228 praecepta
1578 1170 1769 1214 ecclesia-

141 1244 241 1286 stica
265 1244 375 1286 circa
410 1242 534 1298 idem,
560 1244 682 1286 unico
710 1247 803 1286 actu
838 1241 1057 1298 adimpleri
1092 1247 1274 1299 possunt,
1298 1255 1362 1285 ex.
1388 1255 1449 1298 gr.
1472 1241 1623 1285 sufficit
1646 1244 1769 1285 unius

141 1312 286 1356 Missae
319 1313 476 1356 auditio
520 1326 593 1370 pro
636 1314 738 1357 festo
772 1313 823 1356 de
866 1317 1099 1370 praecepto,
1134 1313 1242 1371 quod
1288 1315 1326 1355 in
1361 1313 1612 1356 dominicam
1658 1312 1765 1355 diem

142 1384 298 1427 incidit.
332 1383 381 1427 Et
424 1383 589 1441 quando
623 1396 762 1427 coram
808 1383 987 1426 (liversis
1035 1386 1220 1439 personis
1252 1383 1478 1426 emittenda
1521 1387 1627 1426 esset
1671 1383 1765 1426 fidei

142 1456 353 1511 professio,
388 1455 489 1498 llaec
518 1457 828 1499 circumstantia
852 1454 1179 1512 aequipollenter
1213 1454 1408 1511 impletur
1440 1468 1513 1511 per
1536 1453 1765 1497 exhibitum

141 1528 436 1569 testimonium.

257 1596 373 1641 Circa
408 1597 685 1652 delegandum
711 1609 850 1640 coram
885 1610 965 1654 quo
1002 1598 1072 1640 tiat
1105 1597 1303 1653 professio
1337 1596 1433 1639 fidei
1466 1598 1609 1654 quaeri
1635 1600 1767 1652 potest

139 1668 290 1726 quilius
321 1667 470 1712 debeat
493 1681 581 1711 esse
615 1672 784 1711 ornatus
815 1666 1099 1725 qualitatibus.
1129 1667 1171 1710 ln
1195 1679 1353 1710 canone
1377 1666 1488 1709 nulla
1513 1666 1767 1723 designatur.

139 1741 332 1797 quamvis
364 1740 516 1783 decens
547 1741 611 1793 sit,
647 1744 688 1782 nt.
720 1741 772 1782 sit
804 1739 997 1782 sacerdos
1031 1741 1120 1782 sive
1153 1737 1380 1781 saecularis
1412 1737 1525 1791 cleri,
1549 1739 1638 1781 sive
1671 1737 1764 1781 reli-

139 1813 256 1867 giosi,
291 1813 329 1853 in
354 1810 492 1868 aliqua
525 1810 725 1866 dignitate
752 1809 813 1853 vel
848 1811 985 1852 officio
1009 1811 1255 1853 constitutus
1288 1811 1401 1852 iuxta
1440 1807 1763 1852 declarationem

139 1880 378 1938 S.C0ng1·.³
409 1880 650 1935 Consist.⁵²,
695 1882 793 1938 quin
843 1885 978 1923 tamen
1030 1882 1081 1923 sit
1129 1892 1311 1930 necesse,
1354 1883 1397 1922 ut
1446 1877 1652 1934 delegatio
1695 1879 1766 1921 fiat

138 1952 270 1996 solnm
306 1955 343 1995 in
378 1951 543 1995 casibus
592 1950 911 2008 particularibus
945 1955 983 1994 et
1032 1951 1126 1994 data
1175 1952 1278 1993 insta
1313 1961 1449 2001 causa,
1482 1962 1589 2007 quae
1622 1949 1763 1993 condi·

139 2025 271 2066 tiones
302 2027 397 2066 sunt
429 2022 588 2066 alienae
620 2035 641 2066 a
675 2027 816 2065 tenore
849 2023 1030 2066 canonis.

256 2093 287 2137 E
320 2099 460 2137 contra
499 2095 610 2150 viget
639 2096 814 2149 integre,
849 2097 988 2149 utpote
1027 2107 1045 2132 «
1071 2104 1091 2135 a
1125 2093 1335 2135 communi
1361 2092 1648 2148 constantique
1671 2103 1762 2133 sen·

138 2167 264 2208 tentia
312 2165 573 2208 doctorum»
627 2176 705 2206 non
756 2163 968 2214 recedens,
1012 2162 1121 2205 unde
1174 2174 1362 2205 «norma
1410 2161 1611 2204 sumenda
1655 2165 1760 2204 est»

140 2234 247 2292 (can.
284 2234 355 2292 ⁶20)
404 2235 455 2277 de
505 2234 626 2277 modo
676 2234 942 2290 professionis
991 2233 1086 2276 fidei
1135 2232 1401 2286 emittendae,
1448 2230 1681 2275 Declaratio
1723 2231 1762 2276 S.

138 2304 305 2362 Congi·.³
336 2304 526 2349 Consist.⁸
549 2306 586 2348 ³:
627 2320 646 2345 ((
671 2303 735 2348 lv.
769 2304 914 2348 Utrum
952 2305 1170 2347 iuramenti
1196 2302 1372 2346 formula
1397 2302 1642 2360 (praemissa
1665 2302 1761 2345 fidei

138 2377 405 2433 professione)
439 2375 625 2433 pluribus
656 2375 776 2418 simul
811 2374 1169 2429 convenientibus,
1203 2373 1254 2417 ab
1288 2372 1480 2417 omnibus
1521 2372 1760 2430 singillatim

138 2446 312 2503 legenda
345 2449 409 2502 sit,
433 2459 482 2490 an
520 2459 619 2489 vero
651 2446 829 2489 sufficiat
862 2450 904 2488 ut
938 2444 989 2488 ab
1022 2434 1163 2502 altquo
1187 2458 1236 2488 ex
1261 2446 1320 2487 eis
1344 2444 1612 2497 recitetur3...
1635 2443 1684 2486 ad
1710 2441 1762 2485 lv

136 2518 329 2561 sufficere
362 2522 418 2572 ut,
454 2516 627 2560 formula
664 2518 883 2559 iuramenti
918 2515 1007 2573 (seu
1042 2516 1306 2571 professionis
1328 2514 1444 2569 fidei)
1468 2512 1520 2557 ab
1552 2527 1633 2557 uno
1658 2515 1761 2556 reci-

137 2593 231 2643 tata,
267 2600 288 2631 a
321 2590 471 2632 ceteris
512 2586 699 2644 singulis,
732 2586 999 2629 iureiurando
1033 2588 1198 2640 emisso,
1232 2584 1409 2628 formula
1457 2586 1544 2640 ipsa
1585 2583 1764 2627 subscri-

137 2659 257 2703 batur
280 2675 299 2700 »
341 2659 466 2702 idest:
511 2658 793 2702 confirmetur.
828 2656 929 2700 Cum
975 2656 1223 2713 respondeat
1270 2655 1308 2700 S.
1342 2653 1516 2711 Congr.:
1550 2655 1761 2710 sufficere,

136 2730 261 2773 alium
297 2729 464 2772 modum
501 2742 580 2772 non
614 2727 811 2781 excludit,
848 2727 1064 2770 videlicet:
1098 2726 1207 2784 quod
1232 2725 1283 2770 ab
1316 2724 1509 2768 omnibus
1540 2724 1661 2768 simul
1696 2738 1760 2768 re-

254 2837 264 2858 1
292 2836 337 2869 ‘25
364 2834 449 2869 Oct.
482 2834 585 2875 1910,
607 2833 683 2868 CO.
706 2834 756 2877 ΙΙ,
776 2833 858 2868 856.
875 2854 920 2858 -
938 2833 952 2854 2
970 2834 1014 2867 25
1042 2832 1150 2877 Sept.
1180 2832 1283 2873 1910,
1304 2831 1351 2865 ad
1370 2830 1476 2864 VIII.
1498 2829 1575 2865 CO.
1604 2829 1655 2871 II,
1675 2829 1757 2864 856.

137 2903 179 2908 —
206 2883 219 2904 ²³
247 2883 290 2916 25
317 2882 402 2916 Oct.
435 2882 537 2922 1910,
567 2881 643 2916 CO.
674 2881 723 2921 11,
752 2881 834 2915 856.
