1965 3240
606 164 689 199 TIT.
716 164 825 200 XXI.
853 186 864 191 -
892 167 948 201 De
973 168 1207 204 Seminariis
1650 177 1719 210 289

91 287 192 340 yato
224 280 419 339 quolibet,
453 284 576 325 etiam
610 283 719 339 quod
761 299 780 324 (t
803 296 825 327 a
848 284 952 327 Sede
977 286 1210 342 Apostoliea
1235 289 1390 333 directe
1417 292 1602 348 religioni
1627 308 1720 337 eon-

93 365 254 396 cessum
290 352 456 395 fuerit»
495 357 588 396 ante
621 352 815 397 Codicem
853 354 960 411 (can.
997 356 1093 409 613,
1128 358 1155 415 ξ
1192 358 1246 414 1),
1283 361 1391 403 iuxta
1430 376 1510 417 reg.
1540 364 1586 405 :tt
1618 366 1717 407 iuris

93 425 131 466 in
167 423 211 465 6⁰
249 420 442 466 «Generi
488 436 561 479 per
599 426 780 480 speeiem
815 425 1098 482 derogatur»,
1132 430 1347 472 contrario
1378 432 1616 489 pri'ei'leqi'o,
1651 439 1715 478 ‹·ui

92 498 307 550 propterea
329 506 406 536 non
426 495 677 556 suffragatur
695 508 784 539 can.
810 496 849 549 4,
873 510 966 539 cum
1007 513 1027 538 «
1053 511 1246 554 expresse
1272 508 1487 545 revocetur
1507 520 1543 548 n.
1571 531 1621 535 —
1647 509 1715 549 Se-

89 566 231 622 quitur
274 567 464 607 recensio
509 578 793 621 personarum
825 567 1057 621 moralium,
1102 582 1206 625 quae
1252 570 1359 614 illam
1407 578 1542 617 laxam
1577 575 1715 619 subire

55 634 254 689 debent,
287 648 335 678 ac
378 640 542 678 notetur
584 650 816 693 congruere
860 640 936 680 iuri
981 638 1236 694 Tridentino,
1279 643 1385 699 quod
1428 660 1446 683 «
1471 657 1519 687 ox
1557 648 1715 702 integro

92 707 257 750 refert»
308 705 417 763 (can.
462 709 498 749 6.
536 706 597 763 10)
631 720 760 751 canon
796 710 854 752 sic
889 723 1171 766 prosequens:
1205 711 1245 768 a)
1292 727 1432 755 measa
1466 715 1716 774 episcopalis

90 777 130 834 b)
163 776 303 820 omnia
337 776 534 833 beneficia
566 791 688 821 sensu
721 782 863 823 stricto
897 780 946 823 ad
983 794 1168 824 normam
1195 796 1284 825 ean.
1311 784 1438 834 ttoo,
1463 790 1499 828 et
1540 789 1616 829 «111
1642 788 1713 830 (Ia-

90 848 228 905 pitulis
260 850 501 902 numeratis,
534 854 633 906 quot
666 851 747 892 sint
781 850 1070 907 praebendae;
1106 854 1243 895 11111011
1280 858 1506 899 numeratis
1539 870 1587 899 ex
1624 872 1714 913 pro-

90 918 280 963 ventibus
299 934 319 960 »
348 918 574 976 (11311394,
597 920 626 978 ἓ
653 920 691 977 1)
737 923 948 978 «integris
970 923 1137 979 capituli
1164 940 1183 964 »
1214 924 1351 977 [Cone.
1377 925 1485 969 Trid.
1513 927 1586 970 loe.
1613 928 1715 984 cit.),

86 989 214 1032 etiam
255 989 490 1045 ressalaria,
534 1003 639 1048 quae
684 1004 832 1048 nempe
880 1008 899 1032 «
924 993 973 1035 ad
1018 993 1126 1037 solos
1170 994 1343 1039 clericos
1383 997 1593 1052 regulares
1625 1013 1714 1054 spe·

85 1065 198 1104 etant
220 1076 239 1101 ))
279 1059 531 1117 (can.1411,
567 1062 640 1118 ⁶2⁰),
675 1076 746 1106 seu
772 1077 850 1106 non
885 1063 1073 1108 obstante
1096 1065 1204 1122 quod
1238 1081 1257 1106 «
1283 1067 1495 1123 regulares
1518 1068 1568 1112 ab
1592 1067 1713 1113 Ordi-

86 1133 188 1175 narii
225 1131 302 1175 loci
338 1133 622 1176 iurisdictione
655 1136 838 1191 exempti
872 1139 1008 1178 sunt»
1049 1135 1156 1193 (cau.
1203 1136 1319 1194 6¹5),
1354 1143 1427 1180 aa!
1462 1139 1714 1197 iarispatro-

85 1208 224 1259 natas,
255 1219 274 1244 <c
298 1205 600 1261 cuiuscumque
625 1206 775 1248 fuerint
798 1221 818 1246 ))
859 1205 952 1263 (loc.
978 1205 1080 1263 cit),
1116 1208 1223 1264 quod
1250 1211 1299 1251 sit
1330 1224 1349 1249 ((
1373 1209 1713 1265 ecclesiasticum,

85 1273 241 1326 laicale,
280 1274 343 1317 vel
380 1276 555 1317 mixtum
579 1290 600 1316 ))
640 1275 739 1318 nihil
775 1278 912 1332 refert,
945 1290 1038 1320 nam
1074 1277 1136 1321 lex
1164 1292 1242 1321 non
1268 1279 1497 1336 distinguit,
1522 1284 1712 1338 exprimit

83 1349 220 1389 tamen
255 1358 302 1389 ea
335 1347 454 1389 sicuti
490 1344 612 1390 Cone.
647 1345 758 1390 Trid.
792 1347 841 1391 ad
878 1348 1069 1392 vitandas
1102 1352 1382 1406 exceptiones,
1421 1352 1460 1407 c)
1491 1353 1716 1409 paroeciae

82 1420 157 1458 aut
188 1416 312 1473 quasi
338 1416 577 1474 paroeciae,
613 1421 816 1475 quatenus
849 1421 929 1461 siut
967 1434 987 1460 ((
1012 1424 1148 1476 partes
1182 1421 1382 1464 dioecesis
1406 1427 1475 1465 aut
1500 1427 1634 1479 partes
1660 1426 1714 1466 vi-

81 1489 262 1530 cariatus
295 1487 508 1544 apostolici
553 1500 600 1532 ac
644 1490 932 1545 praefecturae
975 1491 1264 1547 apostolicae»
1314 1492 1422 1550 (ean.
1459 1493 1556 1549 ⁶216,
1593 1494 1621 1552 g
1655 1494 1711 1550 3),

81 1560 156 1601 etsi
191 1557 391 1602 beneficia
428 1561 593 1615 proprie
627 1573 704 1602 non
741 1564 889 1615 essent,
925 1565 963 1604 et
997 1562 1186 1619 quamvis
1219 1562 1328 1606 alios
1350 1563 1514 1606 reditas
1534 1564 1712 1621 parocho

80 1628 337 1683 tribuendos,
366 1634 542 1687 praeter
573 1629 757 1686 fideliam
793 1630 1025 1675 oblationes
1062 1648 1081 1673 ((
1107 1638 1242 1676 certas
1265 1638 1304 1677 et
1331 1634 1597 1691 voluntarias,
1622 1638 1710 1679 sive

81 1702 186 1754 iura,
219 1705 261 1744 ut
294 1700 460 1756 dicItur,
493 1701 660 1745 stolae»
699 1702 807 1759 (can.
846 1703 992 1759 1410),
1036 1718 1117 1747 ozon
1152 1703 1344 1761 habeant,
1379 1705 1423 1762 d)
1457 1705 1602 1749 (tomas
1642 1706 1709 1750 leo—

79 1771 251 1828 spitalt's
289 1774 379 1815 sive
418 1772 466 1815 ad
508 1775 752 1829 peregrinos
793 1776 882 1817 sive
926 1775 975 1817 ad
1022 1776 1208 1819 infirmos
1253 1777 1525 1833 recipiendos,
1563 1793 1582 1818 ((
1607 1790 1710 1835 quae

79 1842 202 1886 datur
225 1844 263 1885 in
288 1842 452 1886 titulum
480 1843 542 1886 vel
567 1843 967 1888 administrationem
994 1862 1014 1887 ))
1055 1845 1196 1903 (Conc.
1214 1847 1324 1891 Trid.
1347 1847 1421 1891 loc.
1446 1850 1546 1903 citssl,
1566 1849 1709 1892 adiun-

80 1914 191 1969 gitur
223 1914 361 1956 enim:
397 1913 654 1957 auctoritate
686 1914 975 1959 ecelesiastica
1013 1922 1164 1969 erecta,
1201 1930 1307 1975 quae
1327 1918 1499 1974 proinde
1522 1921 1570 1961 sit
1598 1919 1709 1961 loeus

80 1985 170 2039 pius
192 1983 244 2027 ab
275 1983 459 2028 Ecclesia
504 1985 757 2041 dependens,
792 1986 833 2043 e)
866 1985 1116 2030 sodalitates
1156 2002 1332 2045 nempe:
1373 1991 1707 2033 «associationes

77 2053 127 2097 ad
164 2054 332 2098 modum
372 2058 556 2111 organici
601 2059 788 2113 corporis
813 2051 1077 2101 'constitutae
1102 2074 1121 2099 )>
1161 2059 1269 2114 (ean.
1304 2059 1400 2110 707,
1434 2059 1462 2117 ξ
1496 2059 1553 2116 1),
1586 2064 1708 2116 atque

77 2125 275 2168 canonice
307 2131 469 2169 erectae
502 2127 635 2170 idest:
676 2143 695 2168 <t
721 2142 793 2184 per
831 2128 1002 2172 formale
1041 2132 1260 2173 erectionis
1284 2130 1496 2173 decretum
1532 2143 1580 2173 ex
1627 2143 1705 2187 qua

76 2198 343 2240 concessione
383 2197 549 2241 moralis
593 2212 792 2255 personae
817 2201 1017 2242 rationem
1043 2203 1272 2243 sortiuntur
1294 2217 1314 2242 »
1355 2200 1461 2258 (can.
1488 2201 1585 2254 100,
1602 2202 1630 2258 ς’
1650 2202 1706 2258 1),

77 2265 114 2321 f)
147 2270 186 2308 et
217 2265 408 2324 fabricae
439 2267 711 2311 ecclesiaram
744 2269 1037 2326 quarumlibet,
1072 2283 1144 2313 seu
1185 2270 1329 2314 «bona
1363 2284 1470 2328 quae
1503 2271 1704 2315 destinata

74 2341 212 2380 sunt»
251 2340 309 2381 eis
341 2338 391 2382 ad
426 2351 614 2382 normam
649 2352 738 2383 can.
775 2340 903 2393 1182,
949 2346 1204 2398 quapropter
1236 2342 1415 2385 dicitur:
1449 2342 1487 2383 si
1518 2356 1614 2384 saos
1642 2356 1703 2384 re-

74 2406 190 2450 ditas
223 2406 415 2466 habeant,
449 2409 492 2466 g)
517 2409 725 2467 quaelibet
757 2410 959 2469 reliyiosa
992 2411 1138 2455 (tomas
1162 2413 1293 2455 idest:
1334 2412 1548 2456 «alicuius
1583 2415 1619 2455 in
1641 2426 1706 2468 ge-

74 2491 173 2521 nere
197 2494 217 2520 »
256 2478 363 2536 (can.
399 2480 497 2535 488,
534 2480 612 2536 5⁰),
643 2481 724 2524 etsi
755 2487 947 2540 e-rempta
982 2488 1065 2525 tum
1109 2483 1361 2539 regularium
1397 2496 1446 2526 ex
1486 2496 1575 2527 can.
1608 2484 1704 2537 615,

73 2553 159 2592 tum
201 2565 221 2591 ((
245 2549 456 2607 religionis
492 2556 680 2595 votorum
715 2552 1012 2609 simplicium»
1051 2554 1100 2596 ad
1138 2568 1322 2597 normam
1359 2567 1448 2597 ean.
1485 2554 1581 2607 618,
1614 2554 1641 2611 ξ
1670 2554 1702 2599 1,

72 2633 167 2664 cum
201 2620 357 2677 duplici
391 2624 635 2678 exceptione
669 2622 792 2667 (lonc.
826 2623 952 2667 Τ1·1(1.ί
987 2624 1082 2681 (loe.
1117 2625 1189 2681 cit)
1231 2640 1250 2665 (ς
1275 2638 1353 2667 non
1391 2630 1523 2667 tamen
1551 2624 1705 2667 mendi-

73 2693 255 2734 cantium
278 2707 296 2733 Ὶ>
325 2692 514 2749 ampliori
549 2707 671 2737 sensu
704 2707 923 2750 expressa:
958 2695 1043 2738 uisi
1075 2695 1115 2753 a)
1150 2695 1251 2738 sotis
1281 2695 1552 2752 eleemosynis
1576 2695 1700 2738 vivat.

74 2760 117 2819 b)
151 2767 225 2805 aa!
257 2762 302 2805 in
335 2777 384 2806 ea
416 2763 466 2806 ad
500 2776 623 2821 quam
658 2764 917 2808 contrahitur
948 2769 1137 2822 exceptio
1170 2766 1406 2809 'l'ridentina
1443 2766 1586 2808 iisdem
1616 2778 1702 2807 ver-

73 2831 135 2876 bis
167 2835 226 2877 sic
259 2847 483 2890 expressa:
518 2834 739 2892 colleqiam
777 2851 797 2876 <c
820 2849 868 2879 ex
905 2836 1036 2880 tribus
1079 2837 1221 2880 saltem
1254 2838 1437 2893 personis
1472 2835 1652 2892 physicis
1677 2854 1693 2874 »

73 2902 181 2960 (can.
218 2904 316 2958 100,
348 2907 372 2959 ἓ
408 2904 451 2962 2)
484 2904 735 2949 discentiam
768 2905 830 2949 vel
867 2905 1102 2950 docentium
1144 2907 1294 2950 ibidem
1340 2908 1699 2954 commorantium,

155 2991 252 3021 BLAT
274 3008 293 3015 -
321 2992 443 3022 Comm.
471 2995 555 3024 Text.
582 2995 657 3024 Coa.
681 2995 755 3024 Iar.
780 2995 863 3024 Can.
1579 2994 1614 3022 15⁸
