1965 3240
173 128 247 163 434
308 128 392 163 LIB.
418 127 491 163 III.
521 148 534 154 ·
561 128 672 163 PARS
698 129 744 164 V.
773 149 786 155 -
813 129 870 165 De
893 128 1016 173 benef.
1043 132 1079 165 et
1105 132 1231 165 instit.
1260 131 1388 182 cocles.
1416 111 1498 166 non
1521 131 1653 176 colloq.

370 262 424 318 1-
451 245 547 281 notio
1599 247 1686 284 Can.
1717 247 1807 284 1448

370 319 423 387 {—
451 340 643 376 canonioae
667 340 859 377 divisiones
1647 358 1659 375 υ
1719 342 1806 379 1449

369 412 372 501 i
567 455 610 460 -
637 435 796 471 noudum
823 440 898 471 orto
925 435 1112 481 prohibitio
1139 435 1283 471 irritans
1649 452 1662 469 »
1721 436 1809 473 1450

369 503 372 566 1
567 549 610 554 -
636 528 913 574 derelinquendo
939 528 991 564 vel
1018 528 1235 564 subiiciendo
1261 529 1360 565 novis
1386 529 1523 575 legibus
1649 545 1662 562 »
1722 528 1802 566 1451

370 638 371 669 i
747 642 790 647 —
823 622 936 668 quoad
966 622 1154 658 electiones
1178 633 1219 658 ac
1247 623 1544 669 praesentationes
1563 635 1620 670 po-

369 672 372 745 ἰ
769 669 906 716 pulares
1646 686 1659 703 n
1719 670 1808 707 1452

746 785 787 789 —
814 748 1086 799 transmittendo
1646 780 1660 798 1>
1718 764 1806 802 1453

743 878 786 883 -
814 843 992 905 probando
1646 875 1661 893 »
1716 859 1807 897 1454

378 933 524 1012 degan}
933 973 976 979 —
1004 957 1228 999 patronorum
1641 967 1662 988 »
1719 954 1806 991 1455

397 1034 471 1058 cem
509 1044 545 1048 “”
1135 1067 1178 1073 -
1194 1059 1254 1094 per
1267 1059 1371 1094 quem
1386 1049 1617 1084 exercendum
1646 1064 1660 1081 »
1720 1048 1807 1086 1456

1361 1142 1619 1179 —determina-

750 1189 901 1235 -ρι-ἰνὶἼ
1135 1210 1176 1214 -
1228 1189 1320 1225 intra
1382 1195 1456 1225 tum
1641 1205 1656 1223 »
1718 1191 1804 1227 1457

171 1233 283 1287 Capnt
303 1233 356 1270 [V.
739 1235 742 1295 1
769 1236 858 1281 legia
875 1257 915 1261 ——
1157 1241 1342 1282 tempus—
1525 1285 1531 1291 ἢ
1597 1285 1603 1292 .

194 1281 242 1317 De
257 1292 332 1317 iure
368 1265 371 1337 1
1351 1283 1401 1311 1-
1415 1285 1458 1319 ad
1474 1285 1557 1330 quid
1573 1296 1620 1320 vi-
1773 1331 1780 1339 .

172 1333 334 1374 patrona·
368 1341 371 1391 1
557 1316 561 1399 Ι
739 1298 743 1425 Ι
1381 1332 1527 1367 tandum
1644 1346 1658 1364 n
1719 1330 1806 1368 1458

171 1380 241 1411 tus·
367 1403 370 1459 1
1137 1446 1175 1450 -
1201 1426 1227 1459 si
1249 1425 1321 1471 plu·
1360 1425 1614 1462 —alternatim
1644 1441 1657 1458 r
1718 1425 1805 1461 1459

368 1478 370 1494 ⁵
1166 1483 1222 1507 res
1262 1484 1319 1519 pa-

368 1504 371 1532 ¹
941 1519 1101 1565 -quoad
1163 1520 1254 1555 troni
1300 1521 1619 1565 --quocumef-

368 1535 371 1618 1
665 1612 672 1618 ·
946 1567 1001 1601 ius
1014 1577 1107 1612 prae·
1383 1567 1472 1603 fectu
1645 1584 1658 1598 n
1715 1568 1805 1603 14611

566 1634 609 1638 -
620 1623 704 1647 exis·
945 1618 1087 1649 sentan—

579 1664 725 1695 tente—
949 1661 981 1696 di
1074 1683 1115 1686 —
1352 1682 1400 1705 ,-
1428 1673 1449 1697 a
1471 1667 1616 1708 patrono

1352 1709 1353 1716 ³
1380 1709 1587 1744 distinctum
1643 1724 1656 1742 υ
1713 1708 1797 1745 1461

1140 1775 1176 1780 --
1219 1755 1317 1790 oleri·
1351 1724 1354 1786 1

1155 1813 1233 1837 cum
1297 1822 1340 1828 -
1359 1823 1401 1828 —
1420 1814 1460 1838 ex
1475 1814 1617 1838 concur-

1377 1861 1418 1885 su
1431 1850 1614 1896 probatum
1643 1866 1658 1883 »
1717 1850 1804 1886 1462

1359 1964 1399 1970 —
1425 1945 1590 1980 idoneum
1643 1959 1657 1977 ι)
1717 1943 1803 1980 1463

1132 2058 1172 2064 -
1201 2039 1262 2074 loci
1292 2037 1480 2075 Ordinatio
1642 2054 1656 2072 »
1716 2037 1802 2075 1464

1130 2153 1171 2158 -—
1199 2133 1322 2169 iterato
1350 2133 1400 2168 ve!
1428 2144 1497 2169 non
1641 2148 1655 2166 »
1715 2132 1802 2169 1465

1135 2247 1173 2251 -
1202 2227 1393 2272 quodnam,
1419 2238 1459 2263 ac
1490 2227 1543 2262 ius
1577 2227 1613 2262 in

810 2320 816 2325 ⁸
1083 2321 1089 2326 .
1154 2273 1343 2310 Ordinario
1643 2289 1656 2305 »
1714 2273 1801 2309 1466

736 2325 785 2345 ⁴-—
810 2331 862 2354 lus
882 2325 1090 2365 praesentati

765 2378 783 2402 a
813 2371 958 2412 patrono
1073 2388 1112 2393 —
1132 2388 1174 2393 ——
1194 2367 1285 2403 intra
1304 2368 1394 2413 quod
1414 2373 1552 2414 tempus
1565 2379 1615 2404 sa-

1153 2415 1399 2457 tissaoiendum
1642 2430 1656 2448 ι)
1714 2413 1802 2450 1467

1133 2530 1176 2534 —
1203 2509 1344 2555 quando
1370 2514 1565 2555 perseverat
1591 2509 1616 2544 i—

1153 2556 1233 2592 dem
1639 2570 1654 2589 »
1711 2554 1800 2591 1468

728 2670 786 2690 ,-
813 2659 919 2684 onera
946 2654 1170 2695 patronorum
1639 2664 1652 2681 ι)
1712 2646 1799 2683 1469

372 2779 373 2800 ¹
744 2762 788 2767 -—
814 2747 846 2777 et
873 2743 1063 2788 quotuplici
1091 2743 1312 2778 exstinctioni
1341 2743 1496 2779 subieoto
1638 2758 1652 2774 »
1709 2740 1798 2777 14711

372 2820 422 2861 1-
451 2835 628 2872 undenam
658 2836 721 2872 hoe
746 2846 816 2871 non
843 2835 952 2871 oritur
1195 2838 1197 2840 ’
1638 2852 1651 2868 »
1710 2834 1791 2871 1471
