1965 3240
153 147 222 182 566
345 146 430 180 LIB.
458 145 532 180 III.
559 166 573 171 -
600 145 709 180 PARS
735 145 802 180 VI.
829 165 842 172 -
867 145 925 180 De
949 146 1059 180 bonis
1084 144 1276 179 Ecclesiae
1300 145 1576 189 temporalibus

151 267 242 308 sive
275 264 402 319 laicis,
437 264 478 321 b)
512 277 750 321 eorumque,
781 268 826 307 ut
857 263 1056 307 declarati
1090 266 1185 305 sunt
1207 261 1441 305 coniunctis
1472 261 1516 305 in
1537 262 1675 320 primo
1698 267 1772 305 aut

150 334 328 378 seeundo
363 339 448 378 tum
482 334 643 392 aequali
679 339 765 377 tum
799 333 1004 391 inaequali
1040 334 1077 375 in
1112 332 1216 375 linea
1253 331 1420 389 obliqua
1466 331 1616 375 vel'in
1662 337 1773 376 recta

151 404 534 462 consanqm‘nilafis
566 402 802 448 declaratae
835 404 886 447 ad
920 416 1011 447 can.
1047 404 1100 445 96
1134 401 1198 444 vel
1221 400 1451 459 affinitatis
1471 402 1700 459 explicatae
1723 403 1772 447 ad

152 488 243 519 can.
277 476 330 518 97
376 475 515 533 qradu
548 476 598 519 ad
635 475 722 519 loca
765 478 888 519 citata
933 475 1194 518 manifestato
1235 487 1319 516 non
1362 478 1473 522 sunt,
1512 476 1672 517 etiamsi
1706 473 1774 517 alii

152 559 331 590 canones
362 551 597 598 serventur,
631 545 672 604 a)
705 545 934 592 vendenda,
973 545 1092 588 aliter
1123 544 1386 588 sentiendum
1419 545 1470 588 de
1494 547 1702 602 emptione
1725 544 1777 589 ab

153 616 233 660 illis
265 620 450 673 personis
485 630 556 673 per
589 629 713 675 quam
753 615 902 660 «bona
946 615 1146 659 ccclesiae
1171 631 1190 656 τ)
1230 617 1358 672 ipsius
1392 616 1504 670 liant,
1538 614 1581 669 b)
1616 621 1690 659 aut
1722 615 1777 659 lo-

154 687 290 731 canda
325 702 362 729 v.
396 702 456 745 gr.
491 688 638 731 (lomus
671 687 720 730 ad
756 686 1085 742 inhabitandum,
1123 685 1185 729 vel
1210 686 1259 729 ad
1296 686 1502 729 officinam
1537 685 1591 730 ibi
1628 686 1777 730 haben-

153 759 262 813 dam,
296 758 386 801 sine
417 758 593 816 speciali
625 758 674 801 ad
710 771 836 801 unum
875 758 936 801 vel
972 757 1147 800 alterum
1173 761 1430 801 contractum
1457 759 1495 800 in
1519 757 1693 814 singulis
1715 770 1779 801 ca-

154 829 268 888 sibus
304 828 530 873 Ordinarii
562 828 642 872 loci
675 828 861 880 licentia,
896 841 974 885 qua
1009 840 1204 871 concessa
1248 830 1321 871 etsi
1366 830 1489 871 tacite
1534 827 1651 884 plene
1684 828 1778 872 licet

155 902 267 944 iuxta
301 912 516 944 canonem.
552 899 609 942 Ex
644 900 862 956 postremis
898 898 1036 943 verbis
1070 901 1145 942 rite
1180 898 1356 942 infertur
1379 900 1548 942 canonis
1581 901 1780 955 praescri-

155 976 267 1028 ptum
302 971 351 1014 ad
386 971 673 1027 religiosorum
711 970 814 1013 bona
850 970 917 1013 illa
952 983 1029 1012 non
1065 983 1153 1013 esse
1187 969 1510 1013 extendendum.

273 1042 370 1084 457-
404 1043 766 1088 Sollemnitates
800 1043 838 1084 iu
875 1040 1087 1084 locationis
1130 1045 1345 1084 contractu
1389 1054 1654 1098 quocumque
1696 1054 1778 1085 ser-

158 1113 313 1156 vandas
345 1116 560 1155 enumerat
593 1126 682 1156 can.
718 1113 844 1155 1541.
878 1111 1097 1155 lnstructio
1130 1114 1196 1154 cit.
1232 1112 1383 1155 Sacrae
1415 1109 1457 1156 C.
1491 1111 1542 1155 de
1577 1111 1616 1155 P.
1653 1111 1692 1155 F.
1727 1112 1776 1155 ad

157 1182 379 1227 Patriarch.
414 1183 581 1226 Armen.
617 1182 719 1225 haec
754 1181 903 1226 habet:
943 1198 965 1223 α
992 1183 1029 1226 6.
1063 1181 1252 1240 Denique
1286 1184 1323 1224 in
1360 1181 1633 1226 locationibus
1657 1181 1778 1226 bono-

156 1267 245 1296 rum
280 1253 654 1297 ecclesiasticorum
690 1253 923 1296 cavendum
959 1257 1032 1306 est,
1069 1257 1111 1295 ut
1143 1252 1368 1296 locationes
1412 1253 1648 1309 praedictae
1681 1253 1779 1296 fiant

156 1327 260 1368 iusto
296 1326 437 1380 pretio,
472 1329 595 1381 atque
629 1329 672 1366 ut
704 1336 839 1366 annua
867 1326 1143 1380 responsionis
1175 1323 1324 1366 solutio
1358 1336 1436 1366 non
1472 1325 1780 1380 flatanticipate

154 1398 193 1438 in
229 1395 527 1451 praeiudicium
571 1407 872 1438 successorum.
908 1393 993 1437 Non
1021 1393 1160 1437 licebit
1187 1400 1324 1437 autem
1358 1393 1637 1437 ecclesiastica
1675 1393 1777 1438 bona

154 1464 290 1508 locare
323 1465 429 1508 ultra
464 1467 709 1515 triennium;
747 1467 896 1521 poterit
923 1469 1061 1507 autem
1095 1464 1141 1508 R.
1180 1464 1217 1507 P.
1255 1463 1300 1507 D.
1337 1464 1588 1520 Patriarclia,
1622 1467 1653 1508 si
1688 1478 1778 1518 spe-

125 1535 301 1591 cialem
335 1535 385 1578 ab
419 1535 656 1591 Apostolica
699 1535 804 1578 Sede
847 1549 971 1591 super
1015 1535 1263 1579 alienatione
1297 1535 1499 1579 bonorum
1532 1535 1779 1579 ecclesiasti-

153 1618 295 1649 corum
341 1605 574 1649 facultatem
619 1605 857 1661 obtinuerit,
903 1609 1143 1662 permittere
1185 1610 1228 1649 ut
1272 1606 1498 1650 locationes
1543 1606 1779 1662 praedictae

155 1676 253 1719 fiant
286 1678 408 1719 etiam
454 1676 557 1719 ultra
604 1677 860 1733 praedictum
906 1682 1083 1733 tempus,
1128 1676 1355 1720 dummodo
1391 1690 1470 1720 non
1505 1677 1681 1720 excedat
1714 1690 1781 1720 no-

153 1749 350 1790 vennium
376 1762 414 1788 ».
450 1746 565 1790 Hanc
599 1760 788 1790 normam
824 1747 989 1790 videtur
1022 1747 1216 1791 babuisse
1251 1761 1348 1804 prae
1381 1747 1511 1791 oculis
1555 1747 1777 1804 legislator,

154 1818 319 1874 quando
353 1830 553 1860 canonem
589 1831 695 1861 nunc
729 1818 1095 1861 commentandum
1131 1819 1322 1862 confecit.

277 1886 375 1930 Can.
411 1890 536 1931 1541.
571 1892 596 1941 ξ
630 1891 664 1932 1.
703 1887 951 1931 Contractus
984 1888 1134 1944 singuli
1160 1888 1384 1932 locationis
1409 1888 1540 1932 ldest:
1580 1904 1602 1930 c(
1623 1888 1782 1946 quibus

154 1958 396 2001 conceditur
429 1972 526 2002 usus
562 1959 623 2002 vel
660 1960 918 2002 ususfructus
951 1961 1142 2015 propriae
1177 1961 1232 2002 rei
1267 1959 1357 2002 aliis
1391 1961 1430 2003 in
1453 1973 1496 2003 se
1519 1961 1779 2016 suscipienti-

155 2027 233 2071 bus
257 2028 549 2085 obligationem
574 2030 761 2073 solvendi
790 2033 965 2086 pretium
990 2044 1172 2073 annuum
1199 2033 1238 2073 in
1262 2031 1547 2074 determinatis
1571 2031 1717 2074 diebus
1741 2046 1779 2085 τ),

154 2099 379 2142 dummodo
422 2102 501 2143 sint
539 2105 864 2144 «contractus»
902 2101 1085 2144 alieuius
1128 2100 1255 2159 fundi
1297 2101 1588 2156 ecelesiastici,
1620 2104 1708 2145 sive
1741 2104 1780 2145 in

154 2182 202 2212 eo
236 2175 470 2213 constructa
504 2173 555 2213 sit
588 2171 738 2214 domus
761 2171 809 2214 ad
836 2171 1153 2215 inhabitandum
1178 2172 1335 2216 aliosve
1361 2186 1470 2221 usus,
1495 2175 1584 2216 sive
1608 2175 1659 2216 sit
1682 2185 1782 2229 ager

155 2240 365 2292 colendus,
402 2241 462 2284 vel
498 2241 671 2297 simplex
707 2242 857 2285 fundus
892 2245 929 2284 in
975 2242 1078 2285 alios
1121 2257 1218 2286 usus
1261 2243 1543 2299 destinandus,
1583 2257 1633 2286 ne
1664 2242 1782 2299 fiant,

154 2309 242 2351 nisi
275 2309 329 2351 ad
362 2324 549 2353 normam
584 2326 673 2355 can.
710 2313 836 2367 1531,
871 2314 896 2366 ἓ
927 2314 970 2364 2,
1006 2315 1043 2355 in
1083 2316 1201 2356 cuius
1240 2312 1609 2370 adimplemeutum
1646 2314 1780 2356 forsan

154 2380 357 2423 sullicicnt
394 2382 527 2424 inedia
564 2384 600 2424 in
637 2385 842 2425 territorio
863 2385 1011 2426 usitata
1035 2383 1085 2426 ad
1110 2383 1267 2427 similes
1290 2389 1529 2427 contractus
1553 2383 1781 2437 ineundos3

155 2455 194 2492 et
228 2450 269 2492 in
306 2450 358 2492 iis
390 2452 671 2496 contractibus
704 2452 921 2496 addantur
953 2467 1116 2511 semper
1138 2451 1190 2497 ob
1210 2456 1380 2497 canonis
1401 2460 1669 2510 praeceptum
1694 2467 1784 2497 con-

154 2518 336 2562 ditiones
371 2520 533 2564 illorum
568 2521 608 2579 a)
642 2522 692 2565 (le
725 2522 930 2566 limitibus
974 2523 1273 2579 custodiendis,
1318 2537 1367 2567 ne
1400 2524 1629 2568 conductor
1672 2526 1784 2567 inva-

154 2590 223 2632 dat
260 2596 393 2646 partes
426 2594 461 2634 ei
497 2606 573 2635 non
620 2606 849 2641 concessas,
899 2594 961 2637 vel
997 2595 1258 2652 derelinquat
1303 2597 1390 2651 agri
1434 2599 1569 2651 partes
1601 2597 1781 2648 omnino,

154 2665 225 2703 aut
259 2664 465 2716 permittat
499 2664 588 2706 aliis
621 2664 838 2719 subripere
871 2665 1004 2721 quoad
1043 2679 1176 2720 usum,
1214 2665 1254 2723 b)
1274 2665 1324 2709 de
1346 2665 1451 2708 bona
1475 2665 1670 2715 cultione,
1693 2667 1782 2708 sive

156 2742 257 2786 ager
289 2733 353 2785 sit,
387 2734 476 2775 sive
510 2734 645 2790 ‹pioad
671 2735 848 2777 aedilicii
883 2735 1134 2778 ordinariam
1161 2739 1535 2790 conservationem,
1567 2735 1607 2792 c)
1631 2734 1681 2778 de
1701 2735 1784 2778 rite

156 2800 284 2843 idest:
319 2805 482 2845 statutis
518 2804 774 2860 temporibus
807 2804 1001 2848 solvendo
1036 2820 1203 2857 canone,
1230 2807 1360 2850 idest:
1398 2809 1526 2863 pretio
1557 2806 1782 2859 locationis,
