1965 3240
617 172 702 207 Trr.
732 172 844 208 XXI.
873 193 884 198 -
912 173 967 207 De
993 174 1232 208 ,Senatum-iis
1669 178 1739 212 303

111 291 255 334 iisdem
290 295 519 347 opportune
553 291 813 334 deducentur
848 293 885 334 iu
922 294 1081 347 praxim
1118 292 1303 347 impliciti
1339 296 1375 336 in
1411 308 1567 337 canone
1611 296 1735 339 num.¹

116 377 137 402 <c
159 361 204 405 ll.
240 360 490 417 Disciplinae
525 361 701 406 biblicae
735 361 989 405 curriculum
1026 364 1063 404 in
1099 363 1266 405 totidem
1302 376 1430 406 annos
1474 367 1734 421 partiendum

110 436 186 485 est,
217 435 316 488 quot
348 443 477 474 annos
510 431 663 475 debent
695 432 850 475 alumni
886 431 1096 475 Ecclesiae
1122 435 1224 475 intra
1249 435 1464 476 Seminarii
1490 441 1601 491 septa
1628 451 1737 479 eom-

112 504 262 546 morari
297 501 348 545 ob
381 514 593 545 sacrarum
629 503 942 560 disciplinarum
977 503 1134 546 studia:
1162 519 1180 543 »
1208 506 1311 547 sicut
1343 520 1360 544 «
1383 509 1572 547 tenentur
1594 506 1736 549 saltem

112 586 184 630 per
221 575 429 629 integrum
472 586 615 617 sacrae
649 574 882 630 theologiae
920 573 1175 617 curriculum
1201 590 1220 613 »
1268 587 1368 625 caii.
1409 576 1527 631 972),
1567 579 1661 618 «ita
1699 582 1738 619 ut

50 678 53 681 .
110 642 258 686 horum
291 642 522 686 studiorum
558 657 726 687 emenso
759 646 905 700 spatio,
951 645 1126 700 quisque
1169 643 1361 686 alumnus
1404 645 1440 686 id
1485 646 1737 688 curriculum

111 716 318 770 integrum
335 715 551 770 perlecerit
572 730 610 759 )),
632 713 992 759 DemumXVlll...
1012 712 1213 756 «dabitur
1233 728 1304 770 pro
1323 715 1584 758 facultatibus
1603 730 1739 772 «φοι-ει,

112 789 154 827 ut
188 783 349 828 modica
383 786 628 828 coniiciatur
663 787 701 828 in
735 798 901 843 quoque
925 786 1155 829 Seminario
1181 784 1442 834 bibliotheca,
1470 785 1535 829 uhi
1565 786 1742 828 alumnis

111 858 150 898 in
184 860 376 912 promptu
399 857 480 898 sint
507 856 775 909 volumina,...
800 855 929 898 xvu:
966 856 1017 899 de
1052 854 1221 898 historia
1256 858 1469 912 utriusque
1494 860 1739 905 testamenti,

110 925 161 969 de
197 928 278 969 vita
311 924 461 970 Christi
496 925 674 978 Domini,
708 927 758 970 de
792 926 1099 983 Apostolorum,
1145 926 1196 968 de
1241 925 1456 969 itineribus
1488 931 1525 969 et
1562 930 1740 983 peregri-

110 996 346 1040 nationibus
382 996 776 1041 Palaestinensibus:
812 1010 863 1040 ex
887 995 1038 1054 quibus
1062 995 1182 1039 facile
1207 996 1391 1039 locorum
1418 1010 1663 1053 morumque
1690 997 1743 1041 bi-

111 1067 313 1111 blicorum
350 1070 536 1111 notitiam
579 1067 781 1111 imbibent
805 1084 842 1111 )).

230 1138 444 1181 Praedicto
479 1138 688 1181 curriculo
720 1151 863 1182 sacrae
892 1140 1125 1194 scripturae
1159 1151 1325 1181 necesse
1350 1142 1408 1180 est
1434 1142 1474 1180 ut
1493 1138 1744 1194 adiungatur

110 1213 340 1265 opportune
373 1209 641 1253 distributum
672 1224 692 1250 ((
715 1209 898 1252 studium
922 1224 943 1250 >³
973 1208 1016 1265 b)
1041 1207 1247 1251 historiae
1275 1207 1583 1250 eeclesiastime
1607 1211 1741 1251 totius.

110 1279 151 1336 c)
182 1279 293 1322 iuria
327 1280 520 1323 canonici
554 1293 625 1336 per
655 1282 946 1333 institutiones,
971 1279 1012 1335 d)
1037 1278 1242 1335 lituryiae
1266 1292 1338 1335 per
1361 1278 1525 1336 aliquod
1554 1279 1743 1322 manuale

110 1351 161 1395 de
194 1352 329 1395 officio
362 1352 519 1405 divino,
553 1352 604 1395 de
638 1351 773 1407 Missa,
806 1356 1162 1395 sacramentorum
1208 1351 1565 1394 administratione
1608 1351 1741 1408 quoad

112 1421 313 1477 rubricas,
348 1421 389 1479 e)
422 1436 571 1465 sacrae
602 1422 880 1480 eloquentiae,
915 1422 965 1465 de
998 1424 1117 1465 cuius
1150 1422 1286 1465 studio
1325 1421 1426 1464 haec
1467 1421 1671 1465 habentur
1705 1423 1741 1463 in

116 1507 137 1533 (c
160 1491 324 1535 Normis
359 1507 430 1549 pro
463 1505 580 1537 sacra
616 1493 923 1549 praedicatione
949 1509 968 1534 ))
999 1493 1037 1536 ¹:
1077 1508 1097 1533 (c
1121 1494 1188 1536 335.
1224 1491 1437 1535 Curabunt
1469 1493 1594 1548 igitur
1626 1488 1745 1535 Ordi-

111 1566 215 1607 narii
249 1568 290 1607 et
321 1564 567 1620 Superiores
602 1564 889 1620 religiosorum
916 1569 957 1607 ut
984 1565 1139 1620 proprii
1164 1563 1317 1617 clerici,
1344 1563 1441 1605 dum
1466 1575 1607 1605 sacrae
1631 1561 1743 1604 theo-

111 1629 245 1691 logiae
277 1634 376 1678 dant
409 1647 593 1691 operam,
618 1635 669 1677 de
706 1637 830 1678 variis
864 1635 1221 1691 praedicalimmm
1247 1633 1470 1690 generibus
1494 1633 1742 1680 doceantur;

112 1717 294 1763 praeque
328 1705 519 1749 manibus
552 1705 731 1749 habeant
774 1711 813 1749 et
855 1710 1018 1762 gustent
1053 1705 1309 1761 exemplaria
1353 1706 1527 1760 insignia
1566 1716 1671 1761 quae
1705 1705 1742 1745 iu

111 1778 221 1819 omni
255 1779 502 1820 concionum
535 1790 688 1833 genere
721 1779 858 1820 Sancti
896 1777 1035 1820 Patres
1070 1775 1341 1834 reliquerunt,
1362 1779 1525 1831 praeter
1550 1774 1614 1817 illa
1640 1786 1744 1830 quae

111 1849 151 1890 in
184 1849 313 1891 sacris
345 1847 599 1904 EvangelUs,
624 1850 662 1890 in
688 1847 862 1891 Actibus
895 1852 933 1890 et
967 1846 1161 1903 Epistolis
1184 1845 1477 1902 Apostolorum
1503 1845 1655 1901 ubique
1678 1858 1744 1887 ac-

110 1923 337 1962 cesserunt.
374 1944 426 1949 —
462 1919 532 1961 36.
565 1918 799 1963 Studebunt
833 1921 929 1961 item
965 1916 1177 1962 Ordinarii
1203 1917 1368 1974 (supple
1398 1932 1417 1957 «
1442 1921 1479 1959 et
1503 1917 1745 1971 Superiores

113 1988 463 2045 religiosorum»)
496 1995 540 2033 ut
573 1992 746 2033 iuvenes
780 1992 1047 2033 instituantur
1080 1989 1131 2032 de
1165 1991 1325 2032 actione
1344 1993 1380 2031 et
1408 1988 1745 2043 pronum-latione

113 2062 150 2102 in
185 2060 455 2104 concionibus
487 2061 718 2113 servandis,
755 2065 797 2104 ut
830 2074 920 2104 eam
956 2061 1107 2105 deinde
1141 2062 1404 2116 gravitatem.
1438 2057 1742 2113 simplicitatem

112 2135 151 2174 et
173 2133 494 2174 concinnitatem
521 2133 812 2188 praeseferant,
835 2145 940 2189 quae
967 2131 1066 2174 nihil
1092 2131 1332 2174 histrionem
1357 2131 1502 2185 sapiat,
1520 2128 1590 2171 sed
1617 2127 1744 2170 verbo

115 2200 184 2244 Dei
219 2204 454 2255 conveniat,
491 2201 722 2260 probetque
756 2204 1071 2246 concionantem
1118 2214 1190 2258 pro
1234 2202 1360 2243 animi
1406 2200 1669 2255 peisuasione
1707 2202 1743 2239 et

112 2284 162 2314 ex
196 2271 322 2315 corde
355 2271 465 2329 loqui
499 2272 806 2330 sublimemque
838 2277 1027 2329 spectare
1061 2274 1199 2325 linem,
1234 2272 1300 2328 qui
1338 2271 1565 2312 ministerio
1588 2281 1662 2310 suo
1686 2272 1762 2309 est-

113 2344 395 2398 praestitutus.
431 2369 483 2374 —
519 2343 586 2386 37.
622 2343 734 2387 Haec
767 2344 864 2387 dum
909 2346 947 2386 in
992 2343 1235 2386 Seminariis
1281 2340 1342 2384 vel
1381 2340 1611 2383 studiorum
1647 2338 1745 2381 locis

113 2418 377 2469 peragentur,
412 2414 657 2471 Superiores
689 2414 988 2458 scrutabuntur
1021 2414 1128 2471 quod
1164 2426 1295 2469 genus
1329 2411 1647 2467 praedicationis
1668 2410 1746 2451 sin-

112 2483 304 2540 gulorum
339 2484 601 2529 alumnorum
647 2486 905 2542 dispositioni
953 2488 1084 2541 magis
1128 2483 1385 2539 respondeat.
1421 2485 1461 2523 ut
1505 2479 1655 2523 deinde
1698 2491 1743 2521 ea

112 2567 237 2611 super
271 2569 314 2598 re
346 2556 394 2599 ad
431 2553 701 2600 Ordinarium
738 2559 974 2600 reserant».

230 2625 408 2682 Explicit
450 2627 751 2684 paragraphus,
793 2639 917 2685 quam
968 2630 1314 2676 commentamur,
1358 2624 1572 2678 requirens
1619 2624 1743 2662 «stu-

113 2695 226 2739 dium
253 2712 271 2736 »
310 2702 349 2739 et
382 2696 413 2753 f)
447 2703 595 2741 cantus
628 2697 916 2741 ecclesiastici.
951 2698 1011 2740 Ad
1048 2697 1170 2739 huius
1193 2694 1372 2737 studium
1399 2693 1614 2748 pertinent,
1640 2702 1745 2747 quae

114 2763 365 2810 mandantur
403 2782 425 2813 ((,
445 2767 621 2823 clericiS,
643 2770 888 2825 praepositis
911 2769 1230 2811 seminar-iorum
1257 2769 1292 2807 et
1318 2767 1596 2805 conventuum
1618 2759 1744 2803 eccle-

233 2919 244 2940 1
272 2918 310 2953 S.
341 2918 486 2964 Congr.
517 2918 689 2954 Consist.
717 2919 763 2953 ‘28
790 2919 876 2952 Iun.
905 2918 1010 2961 1917,
1041 2917 1116 2951 CO.
1147 2916 1218 2953 IX,
1247 2916 1328 2949 33t.
