<?xml version="1.0" encoding="UTF-8"?>
<!DOCTYPE html PUBLIC "-//W3C//DTD XHTML 1.0 Transitional//EN"
    "http://www.w3.org/TR/xhtml1/DTD/xhtml1-transitional.dtd">
<html xmlns="http://www.w3.org/1999/xhtml" xml:lang="en" lang="en">
 <head>
  <title>
</title>
<meta http-equiv="Content-Type" content="text/html;charset=utf-8" />
  <meta name='ocr-system' content='tesseract 3.04.00' />
  <meta name='ocr-capabilities' content='ocr_page ocr_carea ocr_par ocr_line ocrx_word'/>
</head>
<body>
  <div class='ocr_page' id='page_1' title='image "./commentariumtext03blatuoft_0307.png"; bbox 0 0 1965 3240; ppageno 0'>
   <div class='ocr_carea' id='block_1_1' title="bbox 606 185 1724 227">
    <p class='ocr_par' dir='ltr' id='par_1_1' title="bbox 606 185 1724 227">
     <span class='ocr_line' id='line_1_1' title="bbox 606 185 1724 227; baseline 0.008 -9"><span class='ocrx_word' id='word_1_1' title='bbox 606 185 692 219; x_wconf 82' lang='grc' dir='ltr'><strong>ΤῙΤ.</strong></span> <span class='ocrx_word' id='word_1_2' title='bbox 721 185 832 220; x_wconf 82' lang='lat' dir='ltr'>XXI.</span> <span class='ocrx_word' id='word_1_3' title='bbox 861 206 873 211; x_wconf 98' lang='lat'><em>-</em></span> <span class='ocrx_word' id='word_1_4' title='bbox 900 186 956 221; x_wconf 85' lang='lat' dir='ltr'>De</span> <span class='ocrx_word' id='word_1_5' title='bbox 982 188 1216 223; x_wconf 72' lang='lat' dir='ltr'>Seminarie&#39;s</span> <span class='ocrx_word' id='word_1_6' title='bbox 1654 194 1724 227; x_wconf 72' lang='lat'>⁴295</span> 
     </span>
    </p>
   </div>
   <div class='ocr_carea' id='block_1_2' title="bbox 136 245 1168 252">
    <p class='ocr_par' dir='ltr' id='par_1_2' title="bbox 136 245 1168 252">
     <span class='ocr_line' id='line_1_2' title="bbox 136 245 1168 252; baseline 0 0"><span class='ocrx_word' id='word_1_7' title='bbox 136 245 1168 252; x_wconf 95' lang='lat' dir='ltr'> </span> 
     </span>
    </p>
   </div>
   <div class='ocr_carea' id='block_1_3' title="bbox 58 301 1730 2833">
    <p class='ocr_par' dir='ltr' id='par_1_3' title="bbox 97 301 1724 574">
     <span class='ocr_line' id='line_1_3' title="bbox 99 301 1722 364; baseline 0.005 -19"><span class='ocrx_word' id='word_1_8' title='bbox 99 301 216 346; x_wconf 89' lang='lat' dir='ltr'>liberi</span> <span class='ocrx_word' id='word_1_9' title='bbox 266 304 304 344; x_wconf 92' lang='lat' dir='ltr'>in</span> <span class='ocrx_word' id='word_1_10' title='bbox 353 302 524 345; x_wconf 84' lang='lat' dir='ltr'>consilio</span> <span class='ocrx_word' id='word_1_11' title='bbox 563 303 765 347; x_wconf 71' lang='lat' dir='ltr'>adversus</span> <span class='ocrx_word' id='word_1_12' title='bbox 799 302 1045 360; x_wconf 84' lang='lat' dir='ltr'>Episcopum</span> <span class='ocrx_word' id='word_1_13' title='bbox 1082 308 1322 362; x_wconf 76' lang='lat' dir='ltr'>promendo,</span> <span class='ocrx_word' id='word_1_14' title='bbox 1356 309 1394 364; x_wconf 69' lang='lat'>(⁴)</span> <span class='ocrx_word' id='word_1_15' title='bbox 1430 315 1565 352; x_wconf 63' lang='lat' dir='ltr'>rarior</span> <span class='ocrx_word' id='word_1_16' title='bbox 1599 311 1722 353; x_wconf 67' lang='lat' dir='ltr'>Semi-</span> 
     </span>
     <span class='ocr_line' id='line_1_4' title="bbox 97 372 1724 435; baseline 0.005 -20"><span class='ocrx_word' id='word_1_17' title='bbox 97 372 227 419; x_wconf 62' lang='grc' dir='ltr'>πηνίκ’,</span> <span class='ocrx_word' id='word_1_18' title='bbox 265 374 564 416; x_wconf 83' lang='lat' dir='ltr'>convenienter</span> <span class='ocrx_word' id='word_1_19' title='bbox 597 373 648 418; x_wconf 93' lang='lat' dir='ltr'>ob</span> <span class='ocrx_word' id='word_1_20' title='bbox 683 379 869 417; x_wconf 86' lang='lat' dir='ltr'>naturam</span> <span class='ocrx_word' id='word_1_21' title='bbox 906 375 1027 418; x_wconf 82' lang='lat' dir='ltr'>ollicii</span> <span class='ocrx_word' id='word_1_22' title='bbox 1062 376 1366 432; x_wconf 85' lang='lat' dir='ltr'>deputatorum.</span> <span class='ocrx_word' id='word_1_23' title='bbox 1397 379 1441 435; x_wconf 90' lang='lat' dir='ltr'>d)</span> <span class='ocrx_word' id='word_1_24' title='bbox 1466 395 1724 434; x_wconf 64' lang='lat' dir='ltr'>oeconomus,</span> 
     </span>
     <span class='ocr_line' id='line_1_5' title="bbox 97 442 1721 504; baseline 0.006 -18"><span class='ocrx_word' id='word_1_25' title='bbox 97 445 167 501; x_wconf 89' lang='lat' dir='ltr'>qui</span> <span class='ocrx_word' id='word_1_26' title='bbox 211 442 327 486; x_wconf 89' lang='lat' dir='ltr'>alteri</span> <span class='ocrx_word' id='word_1_27' title='bbox 371 446 506 486; x_wconf 81' lang='lat' dir='ltr'>coetui</span> <span class='ocrx_word' id='word_1_28' title='bbox 550 444 755 499; x_wconf 74' lang='lat' dir='ltr'>subditur,</span> <span class='ocrx_word' id='word_1_29' title='bbox 789 444 828 502; x_wconf 89' lang='lat' dir='ltr'>e)</span> <span class='ocrx_word' id='word_1_30' title='bbox 862 451 900 487; x_wconf 82' lang='lat' dir='ltr'>e!</span> <span class='ocrx_word' id='word_1_31' title='bbox 933 445 1187 504; x_wconf 58' lang='lat' dir='ltr'>confessarii</span> <span class='ocrx_word' id='word_1_32' title='bbox 1220 448 1433 491; x_wconf 76' lang='lat' dir='ltr'>ordinarii</span> <span class='ocrx_word' id='word_1_33' title='bbox 1466 451 1516 493; x_wconf 87' lang='lat' dir='ltr'>ob</span> <span class='ocrx_word' id='word_1_34' title='bbox 1549 453 1721 495; x_wconf 70' lang='lat' dir='ltr'>etindem</span> 
     </span>
     <span class='ocr_line' id='line_1_6' title="bbox 99 517 1328 574; baseline 0.004 -17"><span class='ocrx_word' id='word_1_35' title='bbox 99 517 315 569; x_wconf 87' lang='lat' dir='ltr'>rationem,</span> <span class='ocrx_word' id='word_1_36' title='bbox 348 519 416 557; x_wconf 89' lang='lat' dir='ltr'>aut</span> <span class='ocrx_word' id='word_1_37' title='bbox 453 520 621 571; x_wconf 86' lang='lat' dir='ltr'>propter</span> <span class='ocrx_word' id='word_1_38' title='bbox 655 519 870 574; x_wconf 72' lang='lat' dir='ltr'>utriusque</span> <span class='ocrx_word' id='word_1_39' title='bbox 905 518 978 559; x_wconf 85' lang='lat' dir='ltr'>t&#39;ori</span> <span class='ocrx_word' id='word_1_40' title='bbox 1013 520 1328 564; x_wconf 82' lang='lat' dir='ltr'>seiunctioneni.</span> 
     </span>
    </p>

    <p class='ocr_par' dir='ltr' id='par_1_4' title="bbox 58 583 1724 999">
     <span class='ocr_line' id='line_1_7' title="bbox 214 583 1721 649; baseline 0.006 -22"><span class='ocrx_word' id='word_1_41' title='bbox 214 584 242 642; x_wconf 67' lang='grc' dir='ltr'>ξ</span> <span class='ocrx_word' id='word_1_42' title='bbox 275 584 312 627; x_wconf 85' lang='grc'>3.</span> <span class='ocrx_word' id='word_1_43' title='bbox 348 583 502 628; x_wconf 60' lang='lat' dir='ltr'>Mamm</span> <span class='ocrx_word' id='word_1_44' title='bbox 536 585 833 644; x_wconf 71' lang='lat' dir='ltr'>deputatorum</span> <span class='ocrx_word' id='word_1_45' title='bbox 867 590 904 630; x_wconf 91' lang='lat' dir='ltr'>in</span> <span class='ocrx_word' id='word_1_46' title='bbox 942 601 1191 645; x_wconf 76' lang='lat' dir='ltr'>unoquoque</span> <span class='ocrx_word' id='word_1_47' title='bbox 1224 597 1342 634; x_wconf 82' lang='lat' dir='ltr'>coetu</span> <span class='ocrx_word' id='word_1_48' title='bbox 1375 606 1451 649; x_wconf 79' lang='lat' dir='ltr'>per</span> <span class='ocrx_word' id='word_1_49' title='bbox 1480 595 1721 636; x_wconf 50' lang='lat' dir='ltr'>›wer-ennium</span> 
     </span>
     <span class='ocr_line' id='line_1_8' title="bbox 58 654 1723 715; baseline 0.006 -18"><span class='ocrx_word' id='word_1_50' title='bbox 58 679 61 682; x_wconf 94' lang='lat'><em>-</em></span> <span class='ocrx_word' id='word_1_51' title='bbox 96 654 239 707; x_wconf 77' lang='lat' dir='ltr'>durat,</span> <span class='ocrx_word' id='word_1_52' title='bbox 271 669 343 699; x_wconf 88' lang='lat' dir='ltr'>seu</span> <span class='ocrx_word' id='word_1_53' title='bbox 379 669 457 698; x_wconf 93' lang='lat' dir='ltr'>non</span> <span class='ocrx_word' id='word_1_54' title='bbox 491 662 551 700; x_wconf 85' lang='lat' dir='ltr'>est</span> <span class='ocrx_word' id='word_1_55' title='bbox 589 662 628 700; x_wconf 89' lang='lat' dir='ltr'>ut</span> <span class='ocrx_word' id='word_1_56' title='bbox 667 663 784 701; x_wconf 86' lang='lat' dir='ltr'>antea</span> <span class='ocrx_word' id='word_1_57' title='bbox 826 664 1085 715; x_wconf 87' lang='lat' dir='ltr'>perpetuum,</span> <span class='ocrx_word' id='word_1_58' title='bbox 1121 674 1192 703; x_wconf 75' lang='lat' dir='ltr'>nec</span> <span class='ocrx_word' id='word_1_59' title='bbox 1224 660 1345 704; x_wconf 62' lang='lat' dir='ltr'>electi</span> <span class='ocrx_word' id='word_1_60' title='bbox 1377 663 1425 705; x_wconf 82' lang='lat' dir='ltr'>ad</span> <span class='ocrx_word' id='word_1_61' title='bbox 1464 664 1540 705; x_wconf 81' lang='lat' dir='ltr'>tale</span> <span class='ocrx_word' id='word_1_62' title='bbox 1577 678 1723 707; x_wconf 73' lang='lat' dir='ltr'>munus</span> 
     </span>
     <span class='ocr_line' id='line_1_9' title="bbox 95 725 1724 789; baseline 0.007 -22"><span class='ocrx_word' id='word_1_63' title='bbox 95 725 187 768; x_wconf 79' lang='lat' dir='ltr'>sine</span> <span class='ocrx_word' id='word_1_64' title='bbox 215 726 340 783; x_wconf 69' lang='lat' dir='ltr'>yram</span> <span class='ocrx_word' id='word_1_65' title='bbox 372 740 500 768; x_wconf 78' lang='lat' dir='ltr'>eausa</span> <span class='ocrx_word' id='word_1_66' title='bbox 534 734 809 770; x_wconf 68' lang='lat' dir='ltr'>anzoeecmlm·</span> <span class='ocrx_word' id='word_1_67' title='bbox 841 742 863 772; x_wconf 87' lang='lat' dir='ltr'>a</span> <span class='ocrx_word' id='word_1_68' title='bbox 897 729 1148 785; x_wconf 69' lang='lat' dir='ltr'>perdurante</span> <span class='ocrx_word' id='word_1_69' title='bbox 1183 744 1365 781; x_wconf 80' lang='lat' dir='ltr'>munere,</span> <span class='ocrx_word' id='word_1_70' title='bbox 1400 736 1592 789; x_wconf 64' lang='lat' dir='ltr'>‹planiris</span> <span class='ocrx_word' id='word_1_71' title='bbox 1620 750 1639 773; x_wconf 69' lang='grc' dir='ltr'>α</span> <span class='ocrx_word' id='word_1_72' title='bbox 1659 749 1724 777; x_wconf 76' lang='lat' dir='ltr'>ex-</span> 
     </span>
     <span class='ocr_line' id='line_1_10' title="bbox 96 796 1720 857; baseline 0.005 -17"><span class='ocrx_word' id='word_1_73' title='bbox 96 796 321 840; x_wconf 83' lang='lat' dir='ltr'>cluduntur</span> <span class='ocrx_word' id='word_1_74' title='bbox 343 813 364 838; x_wconf 85' lang='grc'>))</span> <span class='ocrx_word' id='word_1_75' title='bbox 404 799 492 840; x_wconf 89' lang='lat' dir='ltr'>iure</span> <span class='ocrx_word' id='word_1_76' title='bbox 524 797 575 841; x_wconf 88' lang='lat' dir='ltr'>ab</span> <span class='ocrx_word' id='word_1_77' title='bbox 615 812 677 853; x_wconf 88' lang='lat' dir='ltr'>eo,</span> <span class='ocrx_word' id='word_1_78' title='bbox 709 801 740 841; x_wconf 89' lang='lat' dir='ltr'>si</span> <span class='ocrx_word' id='word_1_79' title='bbox 779 801 875 843; x_wconf 88' lang='lat' dir='ltr'>liant</span> <span class='ocrx_word' id='word_1_80' title='bbox 914 815 934 840; x_wconf 79' lang='lat'>‹&lt;</span> <span class='ocrx_word' id='word_1_81' title='bbox 962 798 1148 843; x_wconf 73' lang='lat' dir='ltr'>vicarius</span> <span class='ocrx_word' id='word_1_82' title='bbox 1182 800 1458 857; x_wconf 78' lang='lat' dir='ltr'>Generalis»,</span> <span class='ocrx_word' id='word_1_83' title='bbox 1495 809 1562 847; x_wconf 88' lang='lat' dir='ltr'>aut</span> <span class='ocrx_word' id='word_1_84' title='bbox 1597 808 1720 848; x_wconf 78' lang='lat' dir='ltr'>ceteri</span> 
     </span>
     <span class='ocr_line' id='line_1_11' title="bbox 95 867 1721 927; baseline 0.005 -17"><span class='ocrx_word' id='word_1_85' title='bbox 95 867 338 924; x_wconf 79' lang='lat' dir='ltr'>supradicti,</span> <span class='ocrx_word' id='word_1_86' title='bbox 371 872 411 911; x_wconf 92' lang='lat' dir='ltr'>et</span> <span class='ocrx_word' id='word_1_87' title='bbox 444 881 599 911; x_wconf 86' lang='lat' dir='ltr'>novum</span> <span class='ocrx_word' id='word_1_88' title='bbox 635 870 815 913; x_wconf 81' lang='lat' dir='ltr'>officium</span> <span class='ocrx_word' id='word_1_89' title='bbox 861 875 1090 927; x_wconf 80' lang='lat' dir='ltr'>acceptent.</span> <span class='ocrx_word' id='word_1_90' title='bbox 1127 871 1217 915; x_wconf 86' lang='lat' dir='ltr'>Post</span> <span class='ocrx_word' id='word_1_91' title='bbox 1250 876 1493 917; x_wconf 81' lang='lat' dir='ltr'>sexennium</span> <span class='ocrx_word' id='word_1_92' title='bbox 1529 875 1577 917; x_wconf 86' lang='lat' dir='ltr'>ad</span> <span class='ocrx_word' id='word_1_93' title='bbox 1615 876 1721 918; x_wconf 87' lang='lat' dir='ltr'>idem</span> 
     </span>
     <span class='ocr_line' id='line_1_12' title="bbox 97 938 1270 999; baseline 0.004 -18"><span class='ocrx_word' id='word_1_94' title='bbox 97 951 246 981; x_wconf 89' lang='lat' dir='ltr'>munus</span> <span class='ocrx_word' id='word_1_95' title='bbox 280 940 318 981; x_wconf 89' lang='lat' dir='ltr'>in</span> <span class='ocrx_word' id='word_1_96' title='bbox 352 938 552 982; x_wconf 87' lang='lat' dir='ltr'>alterutro</span> <span class='ocrx_word' id='word_1_97' title='bbox 586 945 705 983; x_wconf 85' lang='lat' dir='ltr'>coetu</span> <span class='ocrx_word' id='word_1_98' title='bbox 740 954 889 983; x_wconf 75' lang='lat' dir='ltr'>rursus</span> <span class='ocrx_word' id='word_1_99' title='bbox 922 941 1025 997; x_wconf 68' lang='lat' dir='ltr'>eliyi</span> <span class='ocrx_word' id='word_1_100' title='bbox 1058 947 1270 999; x_wconf 76' lang='lat' dir='ltr'>poterunt.</span> 
     </span>
    </p>

    <p class='ocr_par' dir='ltr' id='par_1_5' title="bbox 89 1006 1730 2764">
     <span class='ocr_line' id='line_1_13' title="bbox 214 1006 1723 1071; baseline 0.005 -20"><span class='ocrx_word' id='word_1_101' title='bbox 214 1008 226 1031; x_wconf 80' lang='lat'>¹</span> <span class='ocrx_word' id='word_1_102' title='bbox 254 1009 293 1052; x_wconf 95' lang='lat' dir='ltr'>ln</span> <span class='ocrx_word' id='word_1_103' title='bbox 328 1006 481 1053; x_wconf 85' lang='lat' dir='ltr'>Oscen.</span> <span class='ocrx_word' id='word_1_104' title='bbox 505 1013 600 1053; x_wconf 88' lang='lat' dir='ltr'>anni</span> <span class='ocrx_word' id='word_1_105' title='bbox 629 1011 754 1053; x_wconf 72' lang='lat'>1585.</span> <span class='ocrx_word' id='word_1_106' title='bbox 784 1026 804 1051; x_wconf 78' lang='lat' dir='ltr'>(c</span> <span class='ocrx_word' id='word_1_107' title='bbox 827 1011 941 1055; x_wconf 86' lang='lat' dir='ltr'>Alias</span> <span class='ocrx_word' id='word_1_108' title='bbox 963 1014 1001 1056; x_wconf 77' lang='lat' dir='ltr'>S.</span> <span class='ocrx_word' id='word_1_109' title='bbox 1027 1012 1175 1069; x_wconf 85' lang='lat' dir='ltr'>Congr.</span> <span class='ocrx_word' id='word_1_110' title='bbox 1202 1017 1375 1067; x_wconf 85' lang='lat' dir='ltr'>censuit,</span> <span class='ocrx_word' id='word_1_111' title='bbox 1402 1014 1547 1071; x_wconf 85' lang='lat' dir='ltr'>Epuin.</span> <span class='ocrx_word' id='word_1_112' title='bbox 1573 1014 1723 1059; x_wconf 67' lang='lat' dir='ltr'>Osven.</span> 
     </span>
     <span class='ocr_line' id='line_1_14' title="bbox 95 1079 1723 1141; baseline 0.004 -19"><span class='ocrx_word' id='word_1_113' title='bbox 95 1092 189 1122; x_wconf 91' lang='lat' dir='ltr'>cum</span> <span class='ocrx_word' id='word_1_114' title='bbox 214 1079 384 1123; x_wconf 86' lang='lat' dir='ltr'>consilio</span> <span class='ocrx_word' id='word_1_115' title='bbox 410 1079 644 1137; x_wconf 65' lang='lat' dir='ltr'>(alterutro)</span> <span class='ocrx_word' id='word_1_116' title='bbox 668 1081 966 1138; x_wconf 88' lang='lat' dir='ltr'>Deputatorum</span> <span class='ocrx_word' id='word_1_117' title='bbox 1000 1085 1131 1125; x_wconf 86' lang='lat' dir='ltr'>teneri</span> <span class='ocrx_word' id='word_1_118' title='bbox 1166 1088 1244 1126; x_wconf 87' lang='lat' dir='ltr'>tam</span> <span class='ocrx_word' id='word_1_119' title='bbox 1271 1086 1379 1127; x_wconf 78' lang='lat' dir='ltr'>circa</span> <span class='ocrx_word' id='word_1_120' title='bbox 1411 1085 1723 1141; x_wconf 82' lang='lat' dir='ltr'>institutionem,</span> 
     </span>
     <span class='ocr_line' id='line_1_15' title="bbox 95 1150 1722 1211; baseline 0.004 -18"><span class='ocrx_word' id='word_1_121' title='bbox 95 1150 357 1207; x_wconf 80' lang='lat' dir='ltr'>disciplinam</span> <span class='ocrx_word' id='word_1_122' title='bbox 392 1157 431 1194; x_wconf 88' lang='lat' dir='ltr'>et</span> <span class='ocrx_word' id='word_1_123' title='bbox 466 1165 602 1195; x_wconf 88' lang='lat' dir='ltr'>mores</span> <span class='ocrx_word' id='word_1_124' title='bbox 633 1151 904 1207; x_wconf 86' lang='lat' dir='ltr'>Clericorum,</span> <span class='ocrx_word' id='word_1_125' title='bbox 939 1166 1062 1210; x_wconf 81' lang='lat' dir='ltr'>quam</span> <span class='ocrx_word' id='word_1_126' title='bbox 1105 1156 1214 1198; x_wconf 85' lang='lat' dir='ltr'>circa</span> <span class='ocrx_word' id='word_1_127' title='bbox 1259 1156 1548 1211; x_wconf 89' lang='lat' dir='ltr'>temporalium</span> <span class='ocrx_word' id='word_1_128' title='bbox 1587 1172 1722 1200; x_wconf 85' lang='lat' dir='ltr'>rerum</span> 
     </span>
     <span class='ocr_line' id='line_1_16' title="bbox 94 1221 1723 1283; baseline 0.004 -18"><span class='ocrx_word' id='word_1_129' title='bbox 94 1221 495 1265; x_wconf 80' lang='lat' dir='ltr'>administrationem</span> <span class='ocrx_word' id='word_1_130' title='bbox 532 1223 774 1279; x_wconf 79' lang='lat' dir='ltr'>providere;</span> <span class='ocrx_word' id='word_1_131' title='bbox 809 1224 999 1267; x_wconf 85' lang='lat' dir='ltr'>sufficere</span> <span class='ocrx_word' id='word_1_132' title='bbox 1033 1230 1170 1268; x_wconf 87' lang='lat' dir='ltr'>tamen</span> <span class='ocrx_word' id='word_1_133' title='bbox 1205 1226 1312 1283; x_wconf 80' lang='lat' dir='ltr'>quod</span> <span class='ocrx_word' id='word_1_134' title='bbox 1338 1226 1461 1282; x_wconf 90' lang='lat' dir='ltr'>Epus.</span> <span class='ocrx_word' id='word_1_135' title='bbox 1489 1227 1723 1272; x_wconf 82' lang='lat' dir='ltr'>huiusmodi</span> 
     </span>
     <span class='ocr_line' id='line_1_17' title="bbox 94 1292 1724 1354; baseline 0.004 -18"><span class='ocrx_word' id='word_1_136' title='bbox 94 1292 312 1336; x_wconf 82' lang='lat' dir='ltr'>consilium</span> <span class='ocrx_word' id='word_1_137' title='bbox 350 1295 547 1350; x_wconf 86' lang='lat' dir='ltr'>requirat,</span> <span class='ocrx_word' id='word_1_138' title='bbox 582 1307 812 1351; x_wconf 85' lang='lat' dir='ltr'>eorumque</span> <span class='ocrx_word' id='word_1_139' title='bbox 852 1295 1023 1338; x_wconf 84' lang='lat' dir='ltr'>consilio</span> <span class='ocrx_word' id='word_1_140' title='bbox 1065 1295 1263 1351; x_wconf 86' lang='lat' dir='ltr'>adhibito,</span> <span class='ocrx_word' id='word_1_141' title='bbox 1301 1311 1417 1353; x_wconf 86' lang='lat' dir='ltr'>posse</span> <span class='ocrx_word' id='word_1_142' title='bbox 1460 1297 1605 1354; x_wconf 89' lang='lat' dir='ltr'>Epum.</span> <span class='ocrx_word' id='word_1_143' title='bbox 1646 1304 1724 1342; x_wconf 84' lang='lat' dir='ltr'>sta-</span> 
     </span>
     <span class='ocr_line' id='line_1_18' title="bbox 96 1363 1723 1425; baseline 0.004 -19"><span class='ocrx_word' id='word_1_144' title='bbox 96 1367 211 1406; x_wconf 84' lang='lat' dir='ltr'>tuere</span> <span class='ocrx_word' id='word_1_145' title='bbox 244 1368 282 1406; x_wconf 96' lang='lat' dir='ltr'>et</span> <span class='ocrx_word' id='word_1_146' title='bbox 316 1363 551 1408; x_wconf 87' lang='lat' dir='ltr'>deliberare</span> <span class='ocrx_word' id='word_1_147' title='bbox 584 1377 690 1422; x_wconf 83' lang='lat' dir='ltr'>quae</span> <span class='ocrx_word' id='word_1_148' title='bbox 725 1379 797 1421; x_wconf 88' lang='lat' dir='ltr'>pro</span> <span class='ocrx_word' id='word_1_149' title='bbox 833 1366 1050 1422; x_wconf 89' lang='lat' dir='ltr'>prudentia</span> <span class='ocrx_word' id='word_1_150' title='bbox 1084 1380 1157 1410; x_wconf 88' lang='lat' dir='ltr'>sua</span> <span class='ocrx_word' id='word_1_151' title='bbox 1194 1371 1324 1424; x_wconf 81' lang='lat' dir='ltr'>magis</span> <span class='ocrx_word' id='word_1_152' title='bbox 1347 1368 1545 1425; x_wconf 80' lang='lat' dir='ltr'>expedire</span> <span class='ocrx_word' id='word_1_153' title='bbox 1571 1370 1723 1413; x_wconf 84' lang='lat' dir='ltr'>iudica-</span> 
     </span>
     <span class='ocr_line' id='line_1_19' title="bbox 98 1436 1723 1497; baseline 0.006 -21"><span class='ocrx_word' id='word_1_154' title='bbox 98 1436 225 1487; x_wconf 58' lang='lat' dir='ltr'>verit,</span> <span class='ocrx_word' id='word_1_155' title='bbox 276 1437 536 1478; x_wconf 82' lang='lat' dir='ltr'>exactionem</span> <span class='ocrx_word' id='word_1_156' title='bbox 589 1449 702 1489; x_wconf 76' lang='lat' dir='ltr'>vero,</span> <span class='ocrx_word' id='word_1_157' title='bbox 736 1449 842 1493; x_wconf 79' lang='lat' dir='ltr'>quae</span> <span class='ocrx_word' id='word_1_158' title='bbox 877 1438 921 1480; x_wconf 89' lang='lat' dir='ltr'>tit</span> <span class='ocrx_word' id='word_1_159' title='bbox 955 1451 1026 1493; x_wconf 91' lang='lat' dir='ltr'>pro</span> <span class='ocrx_word' id='word_1_160' title='bbox 1058 1438 1289 1481; x_wconf 87' lang='lat' dir='ltr'>Seminario</span> <span class='ocrx_word' id='word_1_161' title='bbox 1322 1440 1371 1481; x_wconf 86' lang='lat' dir='ltr'>ad</span> <span class='ocrx_word' id='word_1_162' title='bbox 1405 1440 1537 1483; x_wconf 88' lang='lat' dir='ltr'>solnm</span> <span class='ocrx_word' id='word_1_163' title='bbox 1580 1440 1723 1497; x_wconf 87' lang='lat' dir='ltr'>Epum.</span> 
     </span>
     <span class='ocr_line' id='line_1_20' title="bbox 96 1505 1723 1566; baseline 0.006 -20"><span class='ocrx_word' id='word_1_164' title='bbox 96 1507 363 1560; x_wconf 82' lang='lat' dir='ltr'>pertinere».</span> <span class='ocrx_word' id='word_1_165' title='bbox 398 1505 596 1549; x_wconf 72' lang='lat' dir='ltr'>Similiter</span> <span class='ocrx_word' id='word_1_166' title='bbox 628 1510 770 1550; x_wconf 87' lang='lat' dir='ltr'>statuit</span> <span class='ocrx_word' id='word_1_167' title='bbox 801 1507 829 1565; x_wconf 59' lang='lat' dir='ltr'>g</span> <span class='ocrx_word' id='word_1_168' title='bbox 863 1508 900 1550; x_wconf 81' lang='lat'>4.</span> <span class='ocrx_word' id='word_1_169' title='bbox 936 1507 1171 1566; x_wconf 67' lang='lat' dir='ltr'>Episcopus</span> <span class='ocrx_word' id='word_1_170' title='bbox 1209 1525 1228 1549; x_wconf 77' lang='lat'>«</span> <span class='ocrx_word' id='word_1_171' title='bbox 1253 1512 1370 1553; x_wconf 83' lang='lat' dir='ltr'>cuius</span> <span class='ocrx_word' id='word_1_172' title='bbox 1415 1513 1579 1554; x_wconf 91' lang='lat' dir='ltr'>nomine</span> <span class='ocrx_word' id='word_1_173' title='bbox 1615 1515 1723 1555; x_wconf 66' lang='lat' dir='ltr'>venit</span> 
     </span>
     <span class='ocr_line' id='line_1_21' title="bbox 94 1574 1724 1638; baseline 0.005 -22"><span class='ocrx_word' id='word_1_174' title='bbox 94 1587 260 1632; x_wconf 84' lang='lat' dir='ltr'>quoque</span> <span class='ocrx_word' id='word_1_175' title='bbox 292 1574 431 1619; x_wconf 84' lang='lat' dir='ltr'>Abbas</span> <span class='ocrx_word' id='word_1_176' title='bbox 477 1575 539 1619; x_wconf 80' lang='lat' dir='ltr'>vet</span> <span class='ocrx_word' id='word_1_177' title='bbox 586 1576 795 1620; x_wconf 71' lang='lat' dir='ltr'>praelatus</span> <span class='ocrx_word' id='word_1_178' title='bbox 829 1577 981 1621; x_wconf 93' lang='lat' dir='ltr'>nullius</span> <span class='ocrx_word' id='word_1_179' title='bbox 1008 1594 1024 1619; x_wconf 71' lang='lat'>1&gt;</span> <span class='ocrx_word' id='word_1_180' title='bbox 1065 1578 1173 1634; x_wconf 82' lang='lat' dir='ltr'>(can.</span> <span class='ocrx_word' id='word_1_181' title='bbox 1217 1580 1312 1631; x_wconf 61' lang='lat'>2215,</span> <span class='ocrx_word' id='word_1_182' title='bbox 1346 1580 1374 1638; x_wconf 59' lang='grc' dir='ltr'>ξ</span> <span class='ocrx_word' id='word_1_183' title='bbox 1408 1581 1450 1637; x_wconf 69' lang='grc'>’2)</span> <span class='ocrx_word' id='word_1_184' title='bbox 1483 1580 1597 1623; x_wconf 73' lang='lat' dir='ltr'>(lebet</span> <span class='ocrx_word' id='word_1_185' title='bbox 1632 1596 1724 1624; x_wconf 78' lang='lat' dir='ltr'>eon-</span> 
     </span>
     <span class='ocr_line' id='line_1_22' title="bbox 92 1643 1725 1708; baseline 0.006 -21"><span class='ocrx_word' id='word_1_186' title='bbox 92 1643 237 1687; x_wconf 78' lang='lat' dir='ltr'>silium</span> <span class='ocrx_word' id='word_1_187' title='bbox 270 1644 568 1704; x_wconf 75' lang='lat' dir='ltr'>deputatorum</span> <span class='ocrx_word' id='word_1_188' title='bbox 601 1647 841 1691; x_wconf 84' lang='lat' dir='ltr'>alterutrius</span> <span class='ocrx_word' id='word_1_189' title='bbox 874 1654 1016 1692; x_wconf 88' lang='lat' dir='ltr'>coetus</span> <span class='ocrx_word' id='word_1_190' title='bbox 1050 1650 1091 1692; x_wconf 72' lang='lat' dir='ltr'>in</span> <span class='ocrx_word' id='word_1_191' title='bbox 1127 1650 1307 1707; x_wconf 70' lang='lat' dir='ltr'>neqolii&#39;s</span> <span class='ocrx_word' id='word_1_192' title='bbox 1343 1665 1414 1707; x_wconf 89' lang='lat' dir='ltr'>pro</span> <span class='ocrx_word' id='word_1_193' title='bbox 1448 1651 1598 1708; x_wconf 82' lang='lat' dir='ltr'>quibus</span> <span class='ocrx_word' id='word_1_194' title='bbox 1631 1652 1725 1696; x_wconf 86' lang='lat' dir='ltr'>alte·</span> 
     </span>
     <span class='ocr_line' id='line_1_23' title="bbox 94 1718 1725 1778; baseline 0.004 -20"><span class='ocrx_word' id='word_1_195' title='bbox 94 1720 207 1759; x_wconf 92' lang='lat' dir='ltr'>ruter</span> <span class='ocrx_word' id='word_1_196' title='bbox 239 1718 487 1760; x_wconf 83' lang='lat' dir='ltr'>constitutus</span> <span class='ocrx_word' id='word_1_197' title='bbox 519 1722 593 1771; x_wconf 85' lang='lat' dir='ltr'>est,</span> <span class='ocrx_word' id='word_1_198' title='bbox 629 1718 804 1761; x_wconf 76' lang='lat' dir='ltr'>maioris</span> <span class='ocrx_word' id='word_1_199' title='bbox 838 1720 1047 1774; x_wconf 78' lang='lat' dir='ltr'>momenti,</span> <span class='ocrx_word' id='word_1_200' title='bbox 1082 1721 1191 1778; x_wconf 80' lang='lat' dir='ltr'>quod</span> <span class='ocrx_word' id='word_1_201' title='bbox 1226 1724 1313 1764; x_wconf 88' lang='lat' dir='ltr'>erui</span> <span class='ocrx_word' id='word_1_202' title='bbox 1351 1727 1477 1777; x_wconf 89' lang='lat' dir='ltr'>potest</span> <span class='ocrx_word' id='word_1_203' title='bbox 1523 1723 1725 1765; x_wconf 69' lang='lat' dir='ltr'>directive</span> 
     </span>
     <span class='ocr_line' id='line_1_24' title="bbox 93 1787 1726 1848; baseline 0.004 -18"><span class='ocrx_word' id='word_1_204' title='bbox 93 1800 143 1830; x_wconf 81' lang='lat' dir='ltr'>ex</span> <span class='ocrx_word' id='word_1_205' title='bbox 167 1787 519 1832; x_wconf 83' lang='lat' dir='ltr'>declarationibus</span> <span class='ocrx_word' id='word_1_206' title='bbox 541 1801 667 1845; x_wconf 87' lang='lat' dir='ltr'>supra</span> <span class='ocrx_word' id='word_1_207' title='bbox 690 1791 838 1838; x_wconf 80' lang='lat' dir='ltr'>citatis,</span> <span class='ocrx_word' id='word_1_208' title='bbox 853 1796 1011 1848; x_wconf 79' lang='lat' dir='ltr'>petere.</span> <span class='ocrx_word' id='word_1_209' title='bbox 1032 1817 1085 1823; x_wconf 83' lang='lat'>—</span> <span class='ocrx_word' id='word_1_210' title='bbox 1106 1792 1213 1835; x_wconf 80' lang='lat' dir='ltr'>Addi</span> <span class='ocrx_word' id='word_1_211' title='bbox 1239 1797 1369 1848; x_wconf 83' lang='lat' dir='ltr'>potest</span> <span class='ocrx_word' id='word_1_212' title='bbox 1395 1807 1441 1835; x_wconf 79' lang='lat' dir='ltr'>ex</span> <span class='ocrx_word' id='word_1_213' title='bbox 1465 1793 1615 1836; x_wconf 88' lang='lat' dir='ltr'>Bened.</span> <span class='ocrx_word' id='word_1_214' title='bbox 1637 1793 1726 1836; x_wconf 68' lang='grc' dir='ltr'>ΧΙΥ</span> 
     </span>
     <span class='ocr_line' id='line_1_25' title="bbox 93 1856 1727 1916; baseline 0.002 -15"><span class='ocrx_word' id='word_1_215' title='bbox 93 1856 189 1914; x_wconf 72' lang='lat' dir='ltr'>(loc.</span> <span class='ocrx_word' id='word_1_216' title='bbox 233 1860 300 1901; x_wconf 90' lang='lat' dir='ltr'>cit.</span> <span class='ocrx_word' id='word_1_217' title='bbox 350 1857 456 1916; x_wconf 89' lang='lat' dir='ltr'>Vll):</span> <span class='ocrx_word' id='word_1_218' title='bbox 498 1859 722 1904; x_wconf 77' lang='lat' dir='ltr'>«lnstante</span> <span class='ocrx_word' id='word_1_219' title='bbox 770 1861 959 1916; x_wconf 67' lang='lat' dir='ltr'>(japitulo</span> <span class='ocrx_word' id='word_1_220' title='bbox 1007 1862 1311 1907; x_wconf 57' lang='lat' dir='ltr'>Salernitana..</span> <span class='ocrx_word' id='word_1_221' title='bbox 1356 1863 1420 1907; x_wconf 78' lang='lat' dir='ltr'>lib,</span> <span class='ocrx_word' id='word_1_222' title='bbox 1472 1866 1494 1906; x_wconf 79' lang='grc'>6</span> <span class='ocrx_word' id='word_1_223' title='bbox 1538 1863 1727 1908; x_wconf 75' lang='lat' dir='ltr'>l)eeret.¹¹²</span> 
     </span>
     <span class='ocr_line' id='line_1_26' title="bbox 96 1929 1724 1988; baseline 0.004 -17"><span class='ocrx_word' id='word_1_224' title='bbox 96 1941 186 1985; x_wconf 86' lang='lat' dir='ltr'>pag.</span> <span class='ocrx_word' id='word_1_225' title='bbox 223 1929 275 1972; x_wconf 69' lang='lat'>2⁶2</span> <span class='ocrx_word' id='word_1_226' title='bbox 310 1934 350 1973; x_wconf 91' lang='lat' dir='ltr'>et</span> <span class='ocrx_word' id='word_1_227' title='bbox 381 1943 468 1988; x_wconf 79' lang='lat' dir='ltr'>seq.</span> <span class='ocrx_word' id='word_1_228' title='bbox 504 1944 645 1975; x_wconf 90' lang='lat' dir='ltr'>mense</span> <span class='ocrx_word' id='word_1_229' title='bbox 680 1931 782 1974; x_wconf 89' lang='lat' dir='ltr'>lunii</span> <span class='ocrx_word' id='word_1_230' title='bbox 822 1933 944 1988; x_wconf 73' lang='lat'>1589,</span> <span class='ocrx_word' id='word_1_231' title='bbox 967 1938 1129 1988; x_wconf 84' lang='lat' dir='ltr'>praeter</span> <span class='ocrx_word' id='word_1_232' title='bbox 1153 1934 1230 1977; x_wconf 87' lang='lat' dir='ltr'>alia</span> <span class='ocrx_word' id='word_1_233' title='bbox 1255 1935 1336 1977; x_wconf 90' lang='lat' dir='ltr'>duo</span> <span class='ocrx_word' id='word_1_234' title='bbox 1361 1934 1507 1977; x_wconf 87' lang='lat' dir='ltr'>dubia:</span> <span class='ocrx_word' id='word_1_235' title='bbox 1535 1935 1724 1982; x_wconf 82' lang='lat' dir='ltr'>«Tertio,</span> 
     </span>
     <span class='ocr_line' id='line_1_27' title="bbox 89 1999 1719 2061; baseline 0.004 -20"><span class='ocrx_word' id='word_1_236' title='bbox 89 2012 139 2042; x_wconf 87' lang='lat' dir='ltr'>an</span> <span class='ocrx_word' id='word_1_237' title='bbox 174 1999 242 2042; x_wconf 84' lang='lat' dir='ltr'>alii</span> <span class='ocrx_word' id='word_1_238' title='bbox 275 2005 454 2058; x_wconf 83' lang='lat' dir='ltr'>quatuor</span> <span class='ocrx_word' id='word_1_239' title='bbox 485 2004 566 2044; x_wconf 82' lang='lat' dir='ltr'>sint</span> <span class='ocrx_word' id='word_1_240' title='bbox 597 2002 824 2058; x_wconf 89' lang='lat' dir='ltr'>deputandi</span> <span class='ocrx_word' id='word_1_241' title='bbox 858 2003 986 2061; x_wconf 84' lang='lat' dir='ltr'>(nunc</span> <span class='ocrx_word' id='word_1_242' title='bbox 1020 2003 1120 2060; x_wconf 91' lang='lat' dir='ltr'>duo)</span> <span class='ocrx_word' id='word_1_243' title='bbox 1156 2007 1193 2047; x_wconf 92' lang='lat' dir='ltr'>in</span> <span class='ocrx_word' id='word_1_244' title='bbox 1229 2005 1398 2048; x_wconf 81' lang='lat' dir='ltr'>consilio</span> <span class='ocrx_word' id='word_1_245' title='bbox 1434 2007 1719 2049; x_wconf 86' lang='lat' dir='ltr'>tantummodo</span> 
     </span>
     <span class='ocr_line' id='line_1_28' title="bbox 93 2071 1720 2131; baseline 0.004 -19"><span class='ocrx_word' id='word_1_246' title='bbox 93 2071 131 2112; x_wconf 90' lang='lat' dir='ltr'>in</span> <span class='ocrx_word' id='word_1_247' title='bbox 167 2072 389 2125; x_wconf 83' lang='lat' dir='ltr'>taxatione,</span> <span class='ocrx_word' id='word_1_248' title='bbox 422 2071 728 2116; x_wconf 88' lang='lat' dir='ltr'>contributione</span> <span class='ocrx_word' id='word_1_249' title='bbox 762 2074 971 2117; x_wconf 85' lang='lat' dir='ltr'>fructuum</span> <span class='ocrx_word' id='word_1_250' title='bbox 1007 2088 1055 2118; x_wconf 79' lang='lat' dir='ltr'>ex</span> <span class='ocrx_word' id='word_1_251' title='bbox 1093 2077 1242 2118; x_wconf 90' lang='lat' dir='ltr'>unione</span> <span class='ocrx_word' id='word_1_252' title='bbox 1279 2075 1594 2131; x_wconf 73' lang='lat' dir='ltr'>Beneficiorum,</span> <span class='ocrx_word' id='word_1_253' title='bbox 1617 2083 1656 2120; x_wconf 90' lang='lat' dir='ltr'>ut</span> <span class='ocrx_word' id='word_1_254' title='bbox 1683 2080 1720 2119; x_wconf 93' lang='lat' dir='ltr'>in</span> 
     </span>
     <span class='ocr_line' id='line_1_29' title="bbox 92 2139 1724 2201; baseline 0.004 -19"><span class='ocrx_word' id='word_1_255' title='bbox 92 2139 182 2183; x_wconf 86' lang='lat' dir='ltr'>aliis</span> <span class='ocrx_word' id='word_1_256' title='bbox 215 2141 541 2197; x_wconf 79' lang='lat' dir='ltr'>difficultatibus,</span> <span class='ocrx_word' id='word_1_257' title='bbox 576 2143 628 2187; x_wconf 89' lang='lat' dir='ltr'>ob</span> <span class='ocrx_word' id='word_1_258' title='bbox 672 2157 775 2201; x_wconf 85' lang='lat' dir='ltr'>quas</span> <span class='ocrx_word' id='word_1_259' title='bbox 817 2146 1037 2188; x_wconf 78' lang='lat' dir='ltr'>Seminarii</span> <span class='ocrx_word' id='word_1_260' title='bbox 1085 2148 1312 2193; x_wconf 74' lang='lat' dir='ltr'>instructio,</span> <span class='ocrx_word' id='word_1_261' title='bbox 1353 2146 1413 2189; x_wconf 70' lang='lat' dir='ltr'>vel</span> <span class='ocrx_word' id='word_1_262' title='bbox 1461 2149 1724 2189; x_wconf 66' lang='lat' dir='ltr'>musei-vatio</span> 
     </span>
     <span class='ocr_line' id='line_1_30' title="bbox 95 2211 1725 2273; baseline 0.004 -20"><span class='ocrx_word' id='word_1_263' title='bbox 95 2211 382 2267; x_wconf 85' lang='lat' dir='ltr'>impediretur,</span> <span class='ocrx_word' id='word_1_264' title='bbox 413 2217 484 2256; x_wconf 91' lang='lat' dir='ltr'>aut</span> <span class='ocrx_word' id='word_1_265' title='bbox 518 2215 848 2270; x_wconf 86' lang='lat' dir='ltr'>perturbaretur,</span> <span class='ocrx_word' id='word_1_266' title='bbox 881 2228 931 2259; x_wconf 89' lang='lat' dir='ltr'>an</span> <span class='ocrx_word' id='word_1_267' title='bbox 966 2218 1087 2259; x_wconf 86' lang='lat' dir='ltr'>etiam</span> <span class='ocrx_word' id='word_1_268' title='bbox 1126 2219 1162 2259; x_wconf 92' lang='lat' dir='ltr'>in</span> <span class='ocrx_word' id='word_1_269' title='bbox 1199 2219 1414 2259; x_wconf 82' lang='lat' dir='ltr'>exactione</span> <span class='ocrx_word' id='word_1_270' title='bbox 1448 2222 1484 2259; x_wconf 87' lang='lat' dir='ltr'>et</span> <span class='ocrx_word' id='word_1_271' title='bbox 1521 2223 1725 2273; x_wconf 84' lang='lat' dir='ltr'>tempora-</span> 
     </span>
     <span class='ocr_line' id='line_1_31' title="bbox 95 2280 1724 2343; baseline 0.004 -19"><span class='ocrx_word' id='word_1_272' title='bbox 95 2280 195 2324; x_wconf 89' lang='lat' dir='ltr'>lium</span> <span class='ocrx_word' id='word_1_273' title='bbox 229 2282 588 2328; x_wconf 88' lang='lat' dir='ltr'>administratione</span> <span class='ocrx_word' id='word_1_274' title='bbox 623 2290 704 2328; x_wconf 91' lang='lat' dir='ltr'>tam</span> <span class='ocrx_word' id='word_1_275' title='bbox 740 2286 838 2329; x_wconf 84' lang='lat' dir='ltr'>dicti</span> <span class='ocrx_word' id='word_1_276' title='bbox 873 2289 1108 2335; x_wconf 68' lang='lat' dir='ltr'>seminarii,</span> <span class='ocrx_word' id='word_1_277' title='bbox 1144 2292 1185 2330; x_wconf 91' lang='lat' dir='ltr'>nt</span> <span class='ocrx_word' id='word_1_278' title='bbox 1221 2292 1314 2343; x_wconf 88' lang='lat' dir='ltr'>puta</span> <span class='ocrx_word' id='word_1_279' title='bbox 1350 2287 1631 2343; x_wconf 82' lang='lat' dir='ltr'>deputatione,</span> <span class='ocrx_word' id='word_1_280' title='bbox 1663 2288 1724 2331; x_wconf 70' lang='lat' dir='ltr'>vel</span> 
     </span>
     <span class='ocr_line' id='line_1_32' title="bbox 93 2352 1728 2416; baseline 0.004 -21"><span class='ocrx_word' id='word_1_281' title='bbox 93 2352 337 2409; x_wconf 86' lang='lat' dir='ltr'>expulsione</span> <span class='ocrx_word' id='word_1_282' title='bbox 372 2357 672 2409; x_wconf 85' lang='lat' dir='ltr'>ministrorum,</span> <span class='ocrx_word' id='word_1_283' title='bbox 705 2361 743 2399; x_wconf 90' lang='lat' dir='ltr'>et</span> <span class='ocrx_word' id='word_1_284' title='bbox 778 2357 1027 2400; x_wconf 78' lang='lat' dir='ltr'>famulorum</span> <span class='ocrx_word' id='word_1_285' title='bbox 1064 2357 1369 2413; x_wconf 81' lang='lat' dir='ltr'>temporalium,</span> <span class='ocrx_word' id='word_1_286' title='bbox 1406 2361 1598 2414; x_wconf 75' lang='lat' dir='ltr'>expensis</span> <span class='ocrx_word' id='word_1_287' title='bbox 1631 2373 1728 2416; x_wconf 77' lang='lat' dir='ltr'>quo-</span> 
     </span>
     <span class='ocr_line' id='line_1_33' title="bbox 97 2421 1727 2485; baseline 0.003 -21"><span class='ocrx_word' id='word_1_288' title='bbox 97 2421 262 2466; x_wconf 89' lang='lat' dir='ltr'>tidianis</span> <span class='ocrx_word' id='word_1_289' title='bbox 295 2427 544 2480; x_wconf 85' lang='lat' dir='ltr'>provisionis</span> <span class='ocrx_word' id='word_1_290' title='bbox 569 2425 801 2482; x_wconf 84' lang='lat' dir='ltr'>bladorum,</span> <span class='ocrx_word' id='word_1_291' title='bbox 825 2440 949 2485; x_wconf 81' lang='lat' dir='ltr'>quam</span> <span class='ocrx_word' id='word_1_292' title='bbox 975 2430 1098 2471; x_wconf 87' lang='lat' dir='ltr'>etiam</span> <span class='ocrx_word' id='word_1_293' title='bbox 1126 2428 1325 2471; x_wconf 87' lang='lat' dir='ltr'>bonorum</span> <span class='ocrx_word' id='word_1_294' title='bbox 1352 2442 1727 2485; x_wconf 70' lang='lat' dir='ltr'>quorumeumque,</span> 
     </span>
     <span class='ocr_line' id='line_1_34' title="bbox 95 2493 1728 2555; baseline 0.003 -21"><span class='ocrx_word' id='word_1_295' title='bbox 95 2497 135 2535; x_wconf 89' lang='lat' dir='ltr'>et</span> <span class='ocrx_word' id='word_1_296' title='bbox 168 2493 377 2537; x_wconf 87' lang='lat' dir='ltr'>redituum</span> <span class='ocrx_word' id='word_1_297' title='bbox 413 2497 541 2551; x_wconf 89' lang='lat' dir='ltr'>ipsius</span> <span class='ocrx_word' id='word_1_298' title='bbox 573 2496 808 2552; x_wconf 83' lang='lat' dir='ltr'>Seminarii,</span> <span class='ocrx_word' id='word_1_299' title='bbox 842 2500 965 2541; x_wconf 91' lang='lat' dir='ltr'>etiam</span> <span class='ocrx_word' id='word_1_300' title='bbox 1000 2512 1049 2541; x_wconf 83' lang='lat' dir='ltr'>ex</span> <span class='ocrx_word' id='word_1_301' title='bbox 1089 2499 1302 2541; x_wconf 78' lang='lat' dir='ltr'>Beneficiis</span> <span class='ocrx_word' id='word_1_302' title='bbox 1337 2501 1473 2552; x_wconf 85' lang='lat' dir='ltr'>unitis,</span> <span class='ocrx_word' id='word_1_303' title='bbox 1501 2504 1639 2555; x_wconf 85' lang='lat' dir='ltr'>utputa</span> <span class='ocrx_word' id='word_1_304' title='bbox 1677 2499 1728 2541; x_wconf 85' lang='lat' dir='ltr'>lo-</span> 
     </span>
     <span class='ocr_line' id='line_1_35' title="bbox 95 2564 1730 2625; baseline 0.003 -21"><span class='ocrx_word' id='word_1_305' title='bbox 95 2564 343 2618; x_wconf 84' lang='lat' dir='ltr'>cationibus,</span> <span class='ocrx_word' id='word_1_306' title='bbox 376 2564 551 2622; x_wconf 82' lang='lat' dir='ltr'>aliisque</span> <span class='ocrx_word' id='word_1_307' title='bbox 585 2567 881 2622; x_wconf 82' lang='lat' dir='ltr'>contractibus,</span> <span class='ocrx_word' id='word_1_308' title='bbox 916 2568 1067 2613; x_wconf 81' lang='lat' dir='ltr'>litibus,</span> <span class='ocrx_word' id='word_1_309' title='bbox 1102 2568 1163 2611; x_wconf 84' lang='lat' dir='ltr'>Ad</span> <span class='ocrx_word' id='word_1_310' title='bbox 1190 2571 1382 2618; x_wconf 84' lang='lat' dir='ltr'>tertium;</span> <span class='ocrx_word' id='word_1_311' title='bbox 1409 2570 1538 2612; x_wconf 85' lang='lat' dir='ltr'>teneri</span> <span class='ocrx_word' id='word_1_312' title='bbox 1565 2569 1730 2625; x_wconf 76' lang='lat' dir='ltr'>Episco-</span> 
     </span>
     <span class='ocr_line' id='line_1_36' title="bbox 98 2633 1727 2692; baseline 0.004 -17"><span class='ocrx_word' id='word_1_313' title='bbox 98 2645 194 2688; x_wconf 90' lang='lat' dir='ltr'>pum</span> <span class='ocrx_word' id='word_1_314' title='bbox 229 2633 428 2678; x_wconf 86' lang='lat' dir='ltr'>adhibere</span> <span class='ocrx_word' id='word_1_315' title='bbox 462 2634 762 2692; x_wconf 88' lang='lat' dir='ltr'>Deputatorum</span> <span class='ocrx_word' id='word_1_316' title='bbox 797 2638 1014 2682; x_wconf 83' lang='lat' dir='ltr'>consilium</span> <span class='ocrx_word' id='word_1_317' title='bbox 1052 2644 1130 2682; x_wconf 86' lang='lat' dir='ltr'>tam</span> <span class='ocrx_word' id='word_1_318' title='bbox 1167 2641 1275 2682; x_wconf 80' lang='lat' dir='ltr'>circa</span> <span class='ocrx_word' id='word_1_319' title='bbox 1323 2641 1631 2682; x_wconf 71' lang='lat' dir='ltr'>institutionem.</span> <span class='ocrx_word' id='word_1_320' title='bbox 1670 2640 1727 2681; x_wconf 91' lang='lat' dir='ltr'>di-</span> 
     </span>
     <span class='ocr_line' id='line_1_37' title="bbox 96 2703 1726 2764; baseline 0.004 -18"><span class='ocrx_word' id='word_1_321' title='bbox 96 2703 315 2760; x_wconf 88' lang='lat' dir='ltr'>sciplinam</span> <span class='ocrx_word' id='word_1_322' title='bbox 350 2710 390 2748; x_wconf 91' lang='lat' dir='ltr'>et</span> <span class='ocrx_word' id='word_1_323' title='bbox 423 2718 572 2761; x_wconf 89' lang='lat' dir='ltr'>mores,</span> <span class='ocrx_word' id='word_1_324' title='bbox 607 2720 731 2764; x_wconf 85' lang='lat' dir='ltr'>quam</span> <span class='ocrx_word' id='word_1_325' title='bbox 766 2709 1056 2764; x_wconf 87' lang='lat' dir='ltr'>temporalium</span> <span class='ocrx_word' id='word_1_326' title='bbox 1093 2723 1230 2752; x_wconf 89' lang='lat' dir='ltr'>rerum</span> <span class='ocrx_word' id='word_1_327' title='bbox 1267 2710 1666 2752; x_wconf 77' lang='lat' dir='ltr'>administi-ationem</span> <span class='ocrx_word' id='word_1_328' title='bbox 1690 2726 1726 2752; x_wconf 85' lang='lat'>».</span> 
     </span>
    </p>

    <p class='ocr_par' dir='ltr' id='par_1_6' title="bbox 218 2773 1724 2833">
     <span class='ocr_line' id='line_1_38' title="bbox 218 2773 1724 2833; baseline 0.004 -17"><span class='ocrx_word' id='word_1_329' title='bbox 218 2773 442 2818; x_wconf 84' lang='lat' dir='ltr'>inserimus</span> <span class='ocrx_word' id='word_1_330' title='bbox 476 2776 742 2833; x_wconf 78' lang='lat' dir='ltr'>privilegium</span> <span class='ocrx_word' id='word_1_331' title='bbox 776 2790 797 2821; x_wconf 83' lang='lat' dir='ltr'>a</span> <span class='ocrx_word' id='word_1_332' title='bbox 832 2778 982 2824; x_wconf 85' lang='lat' dir='ltr'>Bened.</span> <span class='ocrx_word' id='word_1_333' title='bbox 1021 2779 1090 2821; x_wconf 78' lang='lat' dir='ltr'>l&#39;l&#39;.</span> <span class='ocrx_word' id='word_1_334' title='bbox 1127 2778 1198 2822; x_wconf 69' lang='lat' dir='ltr'>XV</span> <span class='ocrx_word' id='word_1_335' title='bbox 1235 2781 1259 2821; x_wconf 81' lang='lat' dir='ltr'>f.</span> <span class='ocrx_word' id='word_1_336' title='bbox 1287 2793 1317 2823; x_wconf 87' lang='lat' dir='ltr'>r.</span> <span class='ocrx_word' id='word_1_337' title='bbox 1343 2780 1483 2821; x_wconf 67' lang='lat' dir='ltr'>eontra</span> <span class='ocrx_word' id='word_1_338' title='bbox 1519 2778 1626 2822; x_wconf 78' lang='lat' dir='ltr'>liunc</span> <span class='ocrx_word' id='word_1_339' title='bbox 1661 2794 1724 2822; x_wconf 78' lang='lat' dir='ltr'>ca-</span> 
     </span>
    </p>
   </div>
   <div class='ocr_carea' id='block_1_4' title="bbox 216 2928 1474 2976">
    <p class='ocr_par' dir='ltr' id='par_1_7' title="bbox 216 2928 1474 2976">
     <span class='ocr_line' id='line_1_39' title="bbox 216 2928 1474 2976; baseline 0.002 -14"><span class='ocrx_word' id='word_1_340' title='bbox 216 2929 227 2949; x_wconf 84' lang='lat'>¹</span> <span class='ocrx_word' id='word_1_341' title='bbox 257 2928 405 2962; x_wconf 86' lang='lat' dir='ltr'>Bened.</span> <span class='ocrx_word' id='word_1_342' title='bbox 433 2928 540 2963; x_wconf 90' lang='lat' dir='ltr'>XIV.</span> <span class='ocrx_word' id='word_1_343' title='bbox 569 2929 627 2964; x_wconf 81' lang='lat' dir='ltr'>De</span> <span class='ocrx_word' id='word_1_344' title='bbox 654 2929 750 2976; x_wconf 84' lang='lat' dir='ltr'>Syn.</span> <span class='ocrx_word' id='word_1_345' title='bbox 780 2930 1012 2966; x_wconf 84' lang='lat' dir='ltr'>dioecesana</span> <span class='ocrx_word' id='word_1_346' title='bbox 1037 2932 1123 2965; x_wconf 84' lang='lat' dir='ltr'>Lib.</span> <span class='ocrx_word' id='word_1_347' title='bbox 1154 2931 1198 2972; x_wconf 69' lang='lat' dir='ltr'>V,</span> <span class='ocrx_word' id='word_1_348' title='bbox 1225 2943 1252 2964; x_wconf 83' lang='lat' dir='ltr'>c.</span> <span class='ocrx_word' id='word_1_349' title='bbox 1284 2933 1338 2974; x_wconf 74' lang='lat'>11,</span> <span class='ocrx_word' id='word_1_350' title='bbox 1368 2942 1406 2964; x_wconf 76' lang='lat' dir='ltr'>n.</span> <span class='ocrx_word' id='word_1_351' title='bbox 1429 2931 1474 2964; x_wconf 66' lang='lat' dir='ltr'>V.</span> 
     </span>
    </p>
   </div>
  </div>
 </body>
</html>
