1965 3240
163 121 229 155 134
396 119 480 153 Ltss.
507 118 578 153 III.
607 138 618 144 -
644 118 755 152 PARS
780 117 832 152 ΙΙ.
862 137 875 142 -
900 117 958 153 De
983 119 1076 152 locis
1102 120 1138 153 et
1163 118 1401 162 temporibus
1426 119 1550 152 saeris

282 238 452 295 Propter
483 237 815 295 amplitudinem,
849 250 973 295 quam
1007 237 1163 281 obtinet
1204 239 1242 279 in
1283 235 1480 292 Ecclesia,
1524 236 1591 280 hic
1635 249 1788 279 [nemo-

163 310 339 354 randum
373 314 433 352 est
470 308 712 352 «indultum
746 310 855 352 circa
890 307 1180 351 abstinentiam
1215 311 1253 350 et
1277 309 1475 350 ieiunium
1501 320 1573 363 pro
1597 306 1790 350 America

162 380 303 424 Latina
343 385 381 422 et
414 379 561 423 lnsulis
602 378 843 436 Philippinis
881 378 930 421 ad
977 378 1225 421 decennium
1267 381 1550 434 prorogatum,
1592 377 1662 420 sed
1708 390 1790 434 quo

163 453 296 507 magis
328 455 616 506 congrueret»
667 449 763 492 huic
806 450 968 503 canoni,
1004 448 1275 501 moderatum,
1320 447 1387 490 die
1437 447 1489 490 10
1523 446 1626 490 Nor.
1662 447 1789 501 1919,

163 537 236 580 per
268 523 306 566 S.
341 521 489 578 Congr.
526 520 649 565 Conc.
671 521 700 563 ¹.

281 592 425 637 Utrum
460 593 759 635 convenienter
792 591 1122 635 determinentur
1154 595 1341 646 tempora
1386 591 1526 633 ieiunii
1565 589 1790 642 Ecclesiae,

163 667 327 722 quaerit
359 676 406 707 ac
441 676 705 707 communem
752 662 963 706 Ecclesiae
1010 662 1352 705 consuetudinem
1387 663 1449 704 sui
1498 663 1696 717 temporis
1732 662 1791 704 sic

165 739 395 792 propugnat
430 733 476 778 D.
510 733 583 776 Th.
618 733 713 790 (loc.
749 733 840 790 cit):
881 735 1025 776 «sicut
1059 745 1183 788 supra
1216 732 1372 776 dictum
1407 735 1480 785 est,
1516 733 1715 774 ieiunium
1739 731 1788 774 ad

164 807 245 850 dno
289 805 519 859 ordinatur,
557 804 713 848 scilicet
757 804 806 847 ad
857 803 1105 847 deletionem
1155 802 1300 859 culpae
1348 808 1387 846 et
1420 803 1470 846 ad
1515 802 1790 846 elevationem

164 879 314 920 mentis
347 879 385 919 in
418 888 611 932 superna.
646 875 695 918 Et
728 875 820 918 ideo
854 874 932 917 illis
967 873 1222 930 tempol‘Ibus
1245 873 1479 930 specialiter
1502 874 1667 917 fuerunt
1690 875 1791 916 ieiu-

165 950 228 990 nia
265 947 498 999 indicenda,
534 949 571 989 in
606 946 756 1004 quibus
799 944 1015 1002 oportebat
1058 944 1247 987 homines
1279 957 1301 988 a
1335 949 1503 999 peccato
1549 946 1716 1000 purgari
1754 948 1793 987 et

165 1022 345 1061 mentem
379 1017 564 1060 fidelium
600 1016 756 1060 elevari
791 1018 829 1058 in
876 1015 1006 1059 Deum
1042 1029 1113 1072 per
1159 1015 1449 1069 devotionem3
1484 1026 1590 1072 quae
1623 1014 1789 1072 quidem

165 1090 386 1144 praecipue
422 1089 636 1130 imminent
671 1091 765 1129 ante
800 1085 1033 1142 paschalem
1068 1085 1388 1139 solemnitatem,
1408 1087 1447 1128 in
1481 1098 1561 1142 qua
1586 1089 1625 1128 et
1647 1082 1793 1141 culpae

163 1173 236 1216 per
271 1157 520 1214 baptismum
557 1158 809 1211 relaxantur,
848 1159 917 1214 qui
950 1156 1191 1199 solemniter
1226 1158 1263 1198 in
1301 1155 1442 1212 vigilia
1479 1155 1658 1199 Paschae
1685 1155 1792 1198 cele-

163 1217 325 1283 bratur,
353 1229 519 1285 quando
554 1227 751 1272 recolitur
783 1228 992 1271 dominica
1026 1226 1253 1283 sepultura,
1287 1229 1383 1284 quia
1425 1240 1503 1284 per
1544 1225 1795 1284 baptismum

163 1300 467 1359 consepelimw·
505 1298 671 1342 Plzrzlcto
715 1299 757 1341 in
792 1304 980 1349 mortem,
1014 1303 1058 1341 ut
1106 1298 1259 1341 dicitur
1294 1297 1429 1354 (Rom.
1484 1296 1565 1354 Vl).
1614 1297 1655 1340 ln
1694 1297 1794 1340 sesto

163 1374 286 1416 etiam
323 1371 502 1415 Paschae
535 1376 696 1427 oportet
732 1372 914 1413 maxime
959 1374 1139 1413 mentem
1191 1368 1369 1412 hominis
1417 1382 1488 1425 per
1531 1369 1794 1411 devotionem

163 1445 318 1487 elevari
350 1444 399 1486 ad
426 1444 681 1486 aeternitatis
704 1441 893 1498 gloriam,
919 1454 1041 1498 quam
1067 1440 1255 1483 Christus
1279 1440 1536 1496 resurgendo
1561 1438 1793 1483 inchoavit:

163 1520 202 1559 et
235 1515 328 1558 Ideo
363 1514 602 1557 immediate
626 1518 720 1556 ante
744 1513 1046 1556 solemnitatem
1074 1511 1306 1568 paschalem
1333 1510 1516 1555 Ecclesia
1540 1512 1680 1554 statuit
1708 1523 1796 1553 esse

164 1585 456 1630 ieiunandum:
493 1589 529 1627 et
565 1584 710 1627 eadem
739 1585 896 1626 ratione
920 1585 958 1625 in
985 1582 1140 1639 vigiliis
1164 1584 1483 1638 praecipuarum
1510 1582 1795 1628 festivitatum,

163 1659 203 1699 in
238 1655 388 1713 quibus
423 1656 659 1711 praeparari
694 1667 767 1697 nos
790 1658 949 1710 oportet
984 1653 1033 1696 ad
1069 1654 1169 1696 festa
1196 1654 1332 1695 futura
1358 1652 1509 1695 devote
1532 1650 1796 1694 celebranda.

163 1727 361 1771 Similiter
389 1729 516 1769 ‘etiam
543 1725 799 1769 consuetudo
824 1725 1105 1768 ecclesiastica
1129 1723 1252 1767 habet
1278 1728 1320 1766 ut
1344 1725 1382 1765 in
1409 1722 1582 1779 singulis
1613 1720 1797 1778 partibus

163 1800 271 1842 anni.
316 1801 422 1841 sacri
463 1797 629 1840 ordines
662 1797 952 1840 conferantur:
988 1795 1037 1838 ad
1073 1808 1249 1852 quorum
1296 1796 1602 1850 susceptionem
1637 1796 1796 1848 oportet

162 1884 235 1926 per
260 1871 458 1912 ieiunium
497 1869 735 1925 praeparari
771 1872 810 1914 et
842 1881 911 1910 eos
944 1869 1013 1924 qni
1049 1866 1253 1918 ordinant,
1288 1869 1327 1908 et
1361 1865 1450 1907 illos
1483 1866 1551 1921 qui
1577 1863 1796 1906 ordinandi

161 1946 267 1990 sunt,
303 1945 341 1983 et
374 1941 497 1983 etiam
534 1944 662 1982 totum
700 1938 895 1994 populum
932 1951 1003 1994 pro
1038 1939 1156 1980 cuius
1180 1935 1354 1979 utilitate
1388 1935 1646 1977 ordinantur.
1679 1933 1797 1978 Unde

164 2017 200 2054 et
236 2010 387 2067 legitur
422 2010 575 2067 (Lucae
613 2008 678 2066 Vl)
713 2009 822 2067 quod
858 2008 1058 2051 Dominus
1091 2011 1185 2050 ante
1218 2005 1516 2062 discipulorum
1552 2004 1795 2048 electionem

165 2081 294 2125 exivit
329 2081 368 2124 ιή
396 2086 572 2124 monlem
606 2093 744 2130 orare,
779 2079 889 2137 quod
914 2091 1126 2135 exponens
1158 2076 1404 2120 Ambrosius
1438 2076 1540 2119 dicit
1574 2077 1597 2096 ‘²
1616 2073 1724 2128 Quid
1760 2079 1797 2118 te

165 2154 302 2197 facere
335 2154 529 2195 convenit
564 2165 658 2195 cum
695 2153 757 2193 vis
800 2150 966 2207 aliquod
1001 2150 1183 2192 officium
1219 2150 1381 2205 pietatis
1419 2147 1587 2198 adoriri,
1631 2145 1798 2203 quando

166 2223 351 2268 Christus
389 2225 590 2265 missurus
623 2221 856 2278 Apostolos,
896 2222 1010 2277 prius
1057 2219 1322 2263 01·avit·?‘’».

289 2294 487 2337 «Jeiunia
509 2294 538 2343 ²,
572 2306 679 2350 quae
714 2297 935 2348 praecepto
970 2290 1179 2334 Ecclesiae
1214 2291 1496 2345 instituuntur,
1531 2292 1625 2332 sunt
1665 2289 1799 2343 magis

167 2367 317 2408 ieiunia
352 2365 600 2419 afflictionis,
635 2375 741 2420 quae
777 2376 855 2405 non
890 2363 1147 2405 conveniunt
1175 2362 1213 2403 in
1239 2359 1386 2403 diebus
1410 2359 1601 2402 laetitiae.
1630 2358 1799 2414 Propter

166 2437 274 2493 quod
313 2449 390 2478 non
426 2441 483 2479 est
509 2437 709 2478 ieiunium
746 2433 797 2477 ah
820 2433 1004 2477 Ecclesia
1033 2434 1264 2475 institutum
1302 2433 1339 2473 in
1376 2436 1457 2473 toto
1493 2429 1674 2486 paschali
1698 2434 1800 2472 tem-

169 2521 279 2562 pore,
314 2506 507 2562 (excepto
547 2507 699 2549 ieiunio
733 2510 911 2562 quatuor
943 2508 1176 2559 temporum
1222 2501 1274 2544 ol)
1307 2514 1446 2544 sacros
1479 2499 1681 2556 ordines),
1724 2511 1799 2542 nec

166 2580 289 2620 etiam
327 2580 363 2619 in
399 2576 546 2620 diebus
579 2575 828 2619 Dominicis:
865 2577 902 2617 in
939 2572 1091 2631 quibus
1123 2575 1155 2615 si
1190 2574 1282 2629 quis
1307 2573 1509 2615 ieiunaret
1542 2573 1684 2614 contra
1708 2581 1800 2612 con-

166 2648 428 2691 suetudinem
464 2646 602 2703 populi
637 2646 866 2700 christiani,
900 2657 1020 2701 quae,
1057 2648 1099 2686 ut
1132 2644 1390 2699 Augustinus
1424 2642 1523 2685 dicit
1556 2640 1692 2697 (epist.
1729 2638 1798 2691 36,

167 2718 219 2760 al.
242 2719 310 2773 86,
338 2730 480 2774 parum
506 2730 526 2760 a
565 2715 729 2773 princ),
755 2720 813 2758 est
850 2728 921 2771 pro
957 2714 1046 2770 lege
1081 2712 1285 2767 habenda,
1323 2712 1384 2756 vel
1419 2713 1543 2754 etiam
1577 2723 1627 2753 ex
1661 2708 1799 2765 aliquo

212 2872 240 2904 L
286 2826 297 2846 1
326 2826 425 2857 Acta
450 2823 699 2904 &gostolicae
727 2821 838 2855 Sedis
866 2820 943 2855 vol.
972 2819 1043 2861 XI,
1070 2831 1158 2864 pag.
1185 2819 1274 2860 4023
1301 2825 1341 2852 et
1368 2817 1445 2852 vol.
1466 2816 1518 2858 II,
1539 2827 1626 2860 pag.
1655 2815 1737 2848 215.
1755 2833 1799 2839 —

165 2872 179 2892 '²
244 2883 297 2905 oc.
329 2871 394 2904 cit.
426 2884 447 2904 a
524 2877 560 2906 ¹1¹.
