1965 3240
121 124 192 158 256
383 122 467 157 Lm.
494 122 565 157 ΙΙΙ.
593 142 604 148 -
632 122 742 156 PARS
767 121 835 156 IV.
864 141 876 146 -
902 121 960 156 De
984 123 1211 166 inagisterz'o
1237 121 1488 155 ecclesiastico

122 242 262 300 populi
285 242 347 286 vel
372 242 555 299 parochi,
579 241 896 294 clerIcorumve,
921 240 961 298 a)
987 239 1235 298 Superiores
1256 239 1460 296 reliyiosi,
1484 241 1558 282 etsi
1583 238 1746 294 locales,

122 314 164 357 hi
197 313 446 370 obligantur,
480 313 608 356 eliam
640 312 822 370 erempti
854 314 943 355 iure
977 316 1020 354 ut
1057 310 1315 367 «regulares
1337 326 1357 352 ι)
1396 311 1504 367 (can.
1541 310 1658 366 615),
1681 309 1748 353 vel

119 384 174 429 ob
212 384 522 441 «privilegium
555 383 791 441 specialiter
824 382 981 426 eisdem
1025 394 1314 426 concessum»
1353 381 1461 438 (can.
1498 381 1595 436 618,
1628 380 1656 438 ξ
1691 379 1746 438 1),

123 455 165 513 b)
199 455 248 498 ab
282 454 423 499 eodem
460 454 692 499 Ordiiiario
727 454 824 511 (non
858 453 991 496 solum
1025 465 1047 496 a
1082 451 1281 509 parocho)
1304 451 1516 509 requisiti,
1540 456 1747 507 tenentur,

119 527 190 570 sed
226 527 454 583 adimplent
486 525 781 582 obligationem
815 525 852 580 c)
883 537 960 581 per
991 537 1035 566 se
1067 522 1130 565 vel
1158 536 1236 581 per
1276 536 1373 566 suos
1395 522 1581 566 subditos
1603 535 1747 566 eorum

120 611 269 654 nempe
302 599 549 650 auctoritati,
585 599 708 639 etiam
758 608 838 638 non
887 593 1074 647 clericos
1124 593 1194 637 sed
1242 593 1466 650 reliyiosos
1505 609 1525 634 ((
1548 595 1617 651 qui
1655 597 1746 636 vota

119 673 411 725 nuncuparunt
443 670 481 710 in
517 667 717 723 religione
740 682 760 707 ))
799 666 907 722 (can.
942 665 1041 721 488,
1075 664 1154 721 7⁰),
1187 663 1231 721 d)
1256 664 1347 707 sine
1371 669 1508 707 lamen
1529 663 1745 721 regularis

119 738 375 796 disciplinae
421 738 689 792 detrimento,
722 736 832 793 quod
882 737 1152 792 Superiorum
1202 735 1354 778 iudicio
1397 747 1444 778 ac
1488 748 1561 792 por
1603 747 1745 777 eorum

121 822 265 853 curam
302 810 516 852 vitandum
542 808 803 865 relinquitur,
837 806 876 864 e)
901 806 1035 862 illam,
1069 819 1241 863 nempe:
1277 805 1574 849 catecheticam
1599 807 1746 848 instru-

119 882 299 923 ctionem
331 879 486 937 populo
530 884 574 922 ut
615 891 741 935 supra
783 878 1040 922 declaratum
1084 882 1143 920 est
1189 876 1372 930 tradere,
1397 876 1666 934 praesertim,
1700 889 1748 919 eo

119 951 229 1007 quod
265 951 528 994 difficultates
564 962 670 1008 quae
720 953 884 1006 possent
932 948 1033 991 alias
1082 950 1254 1004 proponi
1297 950 1356 991 sic
1390 952 1672 1001 removentur,
1704 946 1746 989 iii

117 1022 309 1079 propriis
342 1021 543 1076 ecclesi'i'S,
577 1023 673 1078 quia
717 1020 837 1064 facile
884 1018 1136 1076 «regularis
1178 1018 1422 1075 disciplinae
1455 1018 1744 1061 detrimento»

125 1093 291 1136 vitando
324 1095 383 1136 sic
417 1092 674 1149 providetur.

241 1163 337 1207 213.
375 1165 628 1220 obligatio
652 1167 924 1220 parentum,
949 1164 1176 1208 herorum
1201 1164 1249 1206 et
1271 1163 1592 1217 patrinorum.
1616 1158 1747 1203 Causa

123 1236 406 1283 instructionis
453 1233 695 1278 catechismi
745 1233 1046 1290 impertiendae
1094 1236 1189 1275 sunt
1221 1231 1391 1287 obligati
1423 1231 1639 1287 praedicti,
1675 1229 1745 1273 sed

122 1305 245 1348 huius
277 1304 539 1361 obligationis
572 1305 729 1347 fructus
761 1303 812 1347 ab
835 1303 926 1347 aliis
949 1316 1116 1361 quoque
1140 1302 1303 1359 pendet.
1331 1302 1500 1358 Propter
1523 1301 1601 1345 hoc
1625 1301 1749 1344 edicit

122 1390 214 1418 cart.
249 1377 379 1419 1335.
414 1375 507 1420 Non
542 1374 676 1418 solum
709 1377 798 1418 iure
830 1374 973 1418 divino
1007 1372 1047 1430 a)
1079 1378 1278 1431 parentes
1312 1371 1353 1429 b)
1388 1371 1547 1429 aliique
1585 1371 1656 1429 qui
1677 1373 1749 1429 'pa-

119 1452 285 1489 rentum
326 1446 459 1489 locum
504 1451 644 1489 tenent
687 1459 735 1489 ex
778 1445 942 1488 illorum
989 1444 1201 1488 voluntate
1243 1443 1305 1486 vel
1339 1456 1360 1486 a
1396 1443 1487 1499 lege
1532 1443 1667 1500 quoad
1701 1444 1745 1486 fi-

124 1517 272 1560 liorum
307 1518 612 1571 educationem,
645 1515 718 1559 sed
750 1516 788 1573 c)
823 1515 915 1558 heri
947 1528 1107 1573 quoque
1138 1517 1252 1558 iuxta
1286 1516 1530 1557 sententiam
1568 1513 1625 1556 Pii
1648 1512 1683 1556 X
1709 1515 1747 1555 in

123 1589 214 1632 litt.⁸
246 1588 423 1645 encycl.⁶
461 1587 648 1631 «Editae
690 1600 857 1644 saepe»
899 1586 935 1630 ¹:
976 1584 1159 1639 «Quare
1203 1587 1469 1628 meminerint
1511 1589 1648 1641 patres
1691 1585 1746 1627 fa-

126 1659 259 1702 milias
291 1671 338 1702 ac
370 1659 543 1713 domini,
585 1671 666 1715 quo
709 1658 844 1701 studio
888 1657 1030 1700 Pastor
1062 1656 1130 1699 ille
1172 1657 1457 1699 sanctissimus
1490 1655 1546 1712 (S.
1579 1653 1749 1699 Carolus

123 1730 415 1787 Borromaeus)
464 1729 630 1772 eosdem
676 1733 911 1772 constanter
960 1729 1166 1770 monuerit
1209 1731 1252 1769 ut
1295 1725 1447 1781 liberis,
1497 1726 1747 1780 domesticis,

124 1800 286 1844 famulis
319 1800 598 1843 addiscendae
631 1799 879 1842 christianae
923 1798 1151 1851 doctrinae,
1195 1810 1274 1839 non
1314 1796 1446 1839 solum
1491 1798 1650 1852 copiam
1691 1796 1745 1839 fa-

122 1870 276 1926 cerent,
313 1870 424 1928 (nam
477 1884 549 1927 pro
597 1870 707 1913 heris
745 1885 765 1910 <t
788 1869 984 1926 obligatio
1011 1872 1092 1911 est
1134 1869 1313 1911 iustitiae
1360 1868 1561 1923 operariis
1593 1878 1640 1910 ac
1675 1866 1746 1910 do—

125 1944 305 1985 mesticis
347 1941 578 1985 concedere
616 1939 850 1984 libertatem
884 1939 934 1983 ad
970 1938 1179 1995 implenda
1224 1937 1436 1994 religionis
1479 1937 1656 1980 officia»
1696 1950 1744 1980 ex

124 2012 271 2056 Leonis
296 2011 387 2055 Xlll
410 2012 503 2056 litt.⁸
526 2011 703 2068 encycl.⁵
731 2026 751 2051 ‹(
775 2010 929 2054 Rerum
955 2022 1158 2052 novarum
1183 2009 1225 2064 n)
1250 2007 1265 2030 ²
1297 2008 1367 2051 sed
1403 2010 1527 2051 ctiam
1553 2021 1656 2050 onus
1679 2009 1750 2050 im-

123 2088 386 2138 ponerent».
419 2108 476 2113 ——-
509 2082 635 2126 Addit
668 2095 822 2126 canon:
857 2095 906 2123 ae
937 2080 982 2138 d)
1010 2079 1180 2138 patrini
1217 2079 1268 2122 ad
1302 2091 1506 2133 normam,
1530 2083 1570 2122 et
1593 2080 1633 2121 vi
1657 2091 1747 2122 can.

123 2155 207 2197 769
242 2153 497 2210 obliyotioize
545 2153 848 2210 adstinymilur
895 2151 1075 2194 curandi
1118 2156 1161 2193 ut
1203 2164 1343 2194 onmes
1385 2150 1478 2204 sibi,
1517 2151 1747 2206 respective

125 2225 204 2268 illis
236 2224 311 2267 sub
345 2229 382 2275 a)
417 2223 458 2281 b)
493 2229 533 2267 et
565 2228 601 2278 c)
634 2223 808 2266 subiecti
841 2222 903 2266 vel
936 2222 998 2266 his
1030 2221 1107 2265 sub
1130 2221 1173 2279 d)
1198 2219 1475 2264 commendati
1493 2218 1746 2263 eateehetica

123 2294 390 2337 institutione
422 2308 444 2337 a
478 2294 658 2351 parocho
693 2294 758 2337 vel
793 2296 832 2337 in
865 2293 1030 2349 scholis,
1065 2292 1129 2336 vel
1166 2294 1359 2349 privatim
1394 2305 1466 2348 per
1497 2304 1540 2334 se
1572 2294 1642 2334 aut
1676 2303 1747 2347 per

123 2365 226 2409 alios
259 2365 428 2408 idoneos
461 2365 715 2408 erudiantur
747 2369 945 2422 quantum
982 2364 1205 2420 indigeant.

243 2435 340 2478 214.
376 2438 746 2482 Ordinariorum
784 2438 858 2481 ius
888 2448 1014 2491 prono
1038 2434 1127 2476 tluit
1149 2433 1269 2476 alveo
1293 2446 1341 2476 ex
1367 2445 1458 2477 can.
1484 2431 1612 2487 1327,
1635 2431 1745 2489 quod

123 2507 347 2563 ampliatur
380 2508 442 2549 ius
476 2509 513 2549 in
549 2520 639 2548 caii.
674 2507 807 2549 1336.
846 2504 1071 2548 Ordinarii
1103 2504 1184 2547 loci
1217 2503 1324 2560 (can.
1353 2503 1450 2558 198,
1473 2502 1501 2560 ξ
1525 2502 1569 2559 ⁶2)
1602 2507 1662 2544 est
1685 2504 1747 2545 ius

122 2590 171 2621 ac
205 2578 384 2620 officium
435 2576 576 2620 omitia
613 2577 656 2619 iii
699 2590 777 2618 sua
819 2575 1012 2626 dioecesi,
1057 2591 1074 2616 a
1099 2577 1217 2618 cuius
1260 2576 1426 2616 nomine
1449 2575 1488 2616 in
1513 2575 1601 2616 iure
1637 2574 1747 2615 venit

125 2660 289 2704 quoque
322 2646 487 2690 abbatia
522 2646 585 2689 vel
622 2646 856 2702 praelatura
904 2645 1056 2688 nullius
1080 2660 1099 2686 ))
1153 2645 1261 2697 (can.
1313 2644 1396 2686 ⁶215
1428 2643 1456 2701 ἓ
1490 2642 1549 2700 ⁶2),
1585 2641 1748 2685 edicere

126 2730 199 2774 pro
232 2719 407 2768 pastoris
440 2716 562 2760 modo
586 2730 692 2773 quae
714 2716 769 2759 od
785 2715 987 2773 populum
1021 2715 1096 2759 sibi
1141 2730 1161 2756 «
1185 2716 1451 2758 commissum
1477 2714 1697 2770 praecipue
1720 2727 1741 2752 ))

247 2873 256 2894 ¹
283 2872 329 2905 26
355 2872 451 2906 Maii
479 2872 582 2915 1910,
612 2871 687 2906 CO.
717 2871 768 2913 Π,
797 2870 878 2905 369.
908 2890 950 2895 —
976 2870 990 2891 2
1019 2870 1061 2903 15
1087 2869 1183 2902 Maii
1210 2868 1312 2902 1891.
