1965 3240
149 138 219 171 ι510
410 136 493 171 Lm.
520 137 592 171 III.
624 157 634 163 -
661 137 771 171 PARS
797 137 862 172 IV.
889 157 902 162 -
927 137 985 172 De
1010 139 1233 182 magisterio
1259 137 1511 172 ecclesiastico

155 257 284 300 videri
318 260 475 314 queunt
508 258 546 298 in
586 271 606 296 (c
628 254 793 299 Normis
836 269 907 312 pro
950 257 1191 300 Seminariis
1228 255 1411 299 ltaliae»
1449 256 1691 313 Appendice
1723 257 1772 312 1²,

152 326 195 384 b)
228 327 403 370 vestium
441 331 478 369 et
517 326 706 384 corporis
744 326 997 369 munditiam
1035 338 1142 383 quae
1180 325 1372 370 omnibus
1412 326 1567 384 placet,
1599 340 1678 370 non
1712 341 1773 370 or-

152 402 292 441 natum
331 397 394 440 vel
432 397 588 452 luxum,
624 398 661 453 c)
695 402 733 440 et
767 396 979 454 quandam
1026 397 1068 439 111
1103 396 1385 440 conversando
1433 397 1668 440 comitalem
1701 411 1772 441 seu

151 468 433 512 affabilitatem
467 482 556 511 cum
590 467 794 511 modestia
817 461 953 511 idest:
988 468 1175 511 ordinata
1201 467 1482 511 membrorum
1507 468 1774 525 dispositione

152 551 200 582 ac
235 541 400 595 proprio
432 538 689 594 singulorum
731 551 805 581 usu
840 551 933 581 cum
969 538 1133 590 decore,
1167 542 1206 580 et
1235 537 1451 594 yravilate
1481 540 1650 594 spiritus
1682 552 1775 582 con-

152 609 353 664 iunctam,
386 608 544 666 iuyiler
577 614 619 652 ut
652 607 962 652 connaturalem
999 607 1183 663 induant,
1217 612 1392 651 servent.

270 679 456 736 Denique
489 693 562 736 pro
596 681 746 722 mentis
779 678 1041 721 alumnorum
1078 678 1311 721 eruditione
1343 680 1556 735 speciatim
1590 680 1774 721 meminit

153 753 177 804 ἓ
208 752 251 793 3.
287 741 439 793 Sedulo
473 749 647 806 viyilent
681 749 879 804 praedicti
915 748 964 791 ad
999 761 1102 805 quos
1135 753 1306 805 spectat,
1341 753 1385 790 ul
1417 748 1615 806 magistri
1637 750 1775 804 singu-

154 821 284 864 larum
320 820 632 877 disciplinarum
666 833 740 862 suo
774 832 945 861 munere
971 831 1040 862 eas
1072 819 1247 862 docendi
1280 818 1364 861 rite
1386 819 1512 862 idest:
1547 819 1775 862 secundum

154 891 364 934 horarium
399 890 554 948 absque
588 891 786 946 temporis
832 891 989 932 iactura
1038 893 1161 946 atque
1205 889 1253 932 ad
1303 901 1490 932 normam
1541 901 1629 932 can.
1666 888 1776 931 1366

154 964 178 1015 ἓ
211 962 233 1004 ⁶2
267 960 518 1018 femeqantur.
1374 1017 1378 1022 .

274 1033 369 1076 ⁶252.
405 1034 719 1078 Alumnorum
754 1045 893 1077 mora
939 1034 1084 1078 extra
1117 1031 1438 1076 Seminarium
1476 1032 1534 1073 sic
1566 1030 1777 1073 moderata

154 1109 226 1147 est.
265 1103 364 1147 Can.
400 1104 532 1146 1370.
571 1101 743 1155 Quoties
776 1101 939 1144 (1111111111
972 1100 1018 1144 ob
1052 1100 1278 1158 quamlibet
1322 1114 1506 1156 causam,
1547 1101 1658 1158 (quia
1692 1103 1779 1144 sine

153 1187 277 1218 causa
311 1174 420 1217 aliud
456 1176 648 1229 exigente
691 1178 760 1216 aut.
798 1173 1013 1224 suadente,
1063 1188 1081 1212 ‹<
1108 1174 1146 1214 in
1180 1171 1411 1214 Seminario
1445 1173 1693 1214 commorari
1728 1176 1780 1214 te-

155 1249 304 1288 nentur
326 1260 346 1285 »
387 1244 449 1287 vel
485 1244 628 1287 saltem
661 1259 681 1284 «
705 1243 937 1287 curandum
963 1258 983 1284 »
1022 1247 1130 1286 esset
1152 1242 1201 1286 ad
1229 1254 1415 1285 normam
1440 1254 1529 1285 can.
1551 1242 1648 1296 972,
1671 1242 1699 1300 ἓ
1724 1241 1782 1298 1),

155 1322 277 1359 estro
310 1315 591 1359 Serm'narium
631 1320 848 1358 onerentur
891 1316 965 1357 etsi
1011 1316 1146 1356 minus
1195 1313 1485 1369 «legitime»,
1518 1318 1706 1355 servetur
1741 1315 1778 1354 ri

155 1393 261 1430 can.s
295 1388 521 1443 praesentis
560 1385 882 1443 yn·‹1esc7·i7)!wn'
908 1399 998 1428 can.
1034 1386 1130 1427 973
1167 1386 1192 1437 ἓ
1223 1386 1265 1426 2.
1300 1382 1492 1427 Scilicet:
1533 1398 1552 1424 «
1577 1396 1782 1426 commen-

155 1458 305 1500 dentur
340 1459 404 1513 pio
438 1461 477 1500 et
510 1457 657 1499 idoneo
680 1456 900 1511 sacerdoti,
935 1457 1004 1513 qui
1039 1457 1097 1498 eis
1122 1454 1311 1510 invigilet
1335 1466 1488 1511 eosque
1511 1454 1561 1497 ad
1587 1456 1779 1510 pietatem

156 1529 348 1578 informet
372 1544 409 1570 )).

275 1599 372 1643 253.
408 1601 583 1644 Eorum
622 1600 842 1644 dimissio
881 1597 1069 1640 facienda
1113 1600 1175 1639 est
1206 1596 1256 1639 ad
1290 1608 1476 1639 normam
1519 1609 1609 1638 cem.
1654 1597 1781 1639 1371.

155 1667 277 1713 Conc.
312 1668 421 1711 Trid.
458 1668 705 1711 decreverat
738 1667 832 1725 (loc.
868 1668 979 1723 cit.):
1035 1682 1053 1707 «
1079 1665 1277 1723 Dyscolos
1310 1671 1349 1709 et
1383 1665 1702 1722 incorrigibiles,
1735 1678 1782 1710 ac

158 1739 359 1782 malorum
396 1752 555 1781 morum
590 1740 875 1788 seminatores,
909 1740 1061 1781 acriter
1095 1739 1278 1792 punient,
1313 1750 1383 1779 eos
1415 1739 1553 1792 etiam,
1600 1738 1632 1779 si
1681 1750 1783 1792 opus

157 1812 293 1864 t'uerit,
336 1809 582 1866 expellendo
623 1825 661 1850 )>.
706 1811 900 1852 Severior
943 1812 1003 1851 est
1045 1806 1207 1852 Codicis
1250 1807 1469 1863 disciplina
1502 1809 1580 1850 iuri
1616 1820 1781 1863 praece-

156 1881 268 1924 denti
302 1882 524 1924 conformis
556 1893 603 1924 ac
638 1882 770 1935 magis
814 1879 1100 1922 determinata.
1145 1877 1186 1921 E
1221 1877 1458 1921 Seminario
1511 1876 1785 1920 dimittantm·

156 1951 241 1995 sola
275 1952 368 1995 sacti
410 1954 583 1994 veritate
627 1953 811 2007 inspecta
854 1949 895 2006 a)
939 1949 1102 2007 dyscoli
1139 1948 1191 1992 ol)
1234 1951 1451 1991 convictus
1483 1948 1783 2003 difficultatem,

158 2022 200 2080 11)
234 2022 544 2079 incmriyihiles
578 2021 629 2065 01)
661 2035 740 2064 11011
775 2025 977 2064 retentam
1012 2020 1289 2076 disciplinam,
1321 2019 1358 2075 c)
1381 2018 1574 2062 seditiosi
1596 2033 1666 2063 seu
1693 2033 1782 2076 pro-

159 2098 373 2137 moventes
407 2093 847 2147 insubordinationem,
867 2091 910 2148 d)
945 2091 978 2134 ii
1010 2091 1081 2149 qui
1114 2090 1160 2134 ob
1194 2103 1329 2133 vitores
1363 2095 1488 2147 atque
1525 2089 1706 2133 indolem
1730 2090 1785 2133 ad

157 2169 312 2206 statum
348 2163 676 2206 ecclesiasticum
709 2162 851 2205 idonei
898 2176 980 2205 11011
1014 2161 1263 2209 rideantur:
1309 2163 1419 2204 circa
1467 2174 1570 2218 quos
1602 2163 1660 2204 sic
1693 2161 1784 2204 edo-

159 2247 303 2277 cemur
336 2247 357 2277 a
394 2234 461 2277 Pio
494 2233 529 2277 X
563 2248 594 2277 s.
630 2247 684 2276 m.
718 2235 757 2276 in
794 2233 902 2276 Motu
936 2235 1103 2289 proprio
1141 2232 1406 2275 «Sacrorum
1441 2230 1679 2274 Antistitum
1703 2247 1724 2272 J>
1755 2231 1781 2274 1;

165 2307 409 2347 «virtutum
444 2317 546 2362 quas
577 2304 759 2347 diximus
807 2304 1031 2357 desectum,
1081 2303 1138 2360 (et
1171 2315 1276 2360 quae
1323 2306 1435 2345 sunt:
1469 2301 1520 2345 ad
1556 2302 1781 2357 parendum

159 2375 360 2429 docilitas,
394 2377 431 2418 in
469 2378 661 2431 pietatem
706 2377 900 2431 pronitas,
935 2375 985 2417 de
1018 2388 1060 2418 se
1094 2387 1172 2417 non
1217 2373 1296 2416 alte
1339 2374 1507 2426 sentire,
1543 2372 1784 2428 disciplinae

160 2448 392 2499 retinentia,
426 2448 517 2488 tinis
549 2446 625 2489 51111
662 2448 856 2502 propositi
892 2445 1125 2503 rectitudo),
1169 2446 1248 2488 cito
1293 2443 1469 2500 produnt
1502 2452 1542 2486 et
1576 2442 1784 2499 religionis

161 2518 293 2560 otticia
314 2519 407 2560 licto
431 2521 568 2559 animo
594 2516 814 2572 persoluta,
838 2520 877 2559 et
899 2519 1065 2559 servata
1090 2519 1223 2557 metus
1246 2526 1382 2569 causa,
1404 2526 1482 2556 non
1507 2515 1783 2556 conscientiae

164 2601 279 2638 voce,
313 2587 542 2643 disciplina.
577 2587 709 2641 Quam
746 2589 813 2642 qui
848 2586 990 2628 servili
1025 2588 1172 2628 timore
1208 2587 1391 2633 retineat,
1426 2588 1496 2626 aut
1527 2585 1652 2626 animi
1689 2582 1782 2626 leri·

161 2662 243 2701 tate
276 2662 570 2713 contemptuve
605 2658 778 2712 frangat,
816 2659 847 2699 is
879 2669 900 2699 a
934 2670 1005 2712 spe
1038 2655 1256 2699 sacerdotii
1291 2659 1431 2697 sancte
1450 2654 1646 2710 fungendi
1669 2652 1784 2697 abest

163 2740 285 2784 quam
323 2726 604 2782 longissime...
639 2725 725 2768 Hoc
759 2727 896 2768 animo
929 2729 1214 2781 comparatum
1248 2726 1279 2766 si
1315 2737 1437 2781 quem
1464 2722 1783 2779 deprehenderit

282 2880 291 2895 ¹
324 2882 334 2912 ]
370 2878 474 2923 Sept.
505 2878 606 2919 1910,
637 2877 713 2912 CO.
742 2877 794 2917 II,
824 2877 906 2911 655.
