1965 3240
106 119 176 151 222
478 118 562 152 Lm.
592 118 663 152 ΠΙ.
691 139 703 144 -
729 118 841 153 PARS
867 119 939 153 ΠΙ.
968 139 980 144 -
1007 119 1063 154 De
1089 121 1200 154 cultu
1225 121 1360 155 divino

108 236 157 279 ad
193 236 231 279 id
266 236 375 293 quod
409 241 470 279 est
503 239 540 279 in
578 241 776 292 potestate
809 237 992 291 alterius,
1026 238 1096 281 sed
1132 237 1263 281 solum
1298 239 1348 282 ad
1382 240 1422 283 id
1457 240 1567 297 quod
1600 244 1661 283 est
1689 242 1726 283 in

107 320 179 350 sua
215 311 475 363 potestate».
511 306 618 364 Ergo
654 310 692 350 in
726 307 828 351 alios
861 321 939 351 nou
976 311 1121 351 transit
1157 312 1237 351 voti
1272 322 1353 367 qua
1386 310 1477 355 talis
1514 310 1725 367 obligatio.

226 376 267 419 In
306 382 398 420 voto
433 377 533 421 reali
567 378 718 434 duplex
755 379 950 435 distingui
987 384 1118 435 potest
1151 379 1360 436 obligatio.
1393 380 1480 425 Una
1501 382 1727 437 personalis

109 449 267 490 ratione
303 450 385 490 voti
422 450 534 491 iuxta
571 462 706 505 praec.
739 448 795 507 ξω
828 462 998 505 nempe:
1035 450 1446 507 faciendi-quantum
1489 456 1550 494 est
1592 454 1629 494 in
1674 465 1732 506 se,

110 521 151 559 ut
185 518 221 560 id
258 519 367 575 quod
404 521 594 574 promisit
626 519 926 575 adimpleatur,
961 520 1031 563 sed
1068 519 1162 563 binc
1195 521 1361 578 quaudo
1385 521 1452 564 ille
1475 521 1659 579 qualibet
1681 522 1732 565 de

109 601 231 631 causa
267 602 345 631 non
383 594 616 646 exequutus
650 595 711 633 est
746 595 888 633 votum
925 590 1208 646 personaliter,
1245 605 1310 635 res
1343 594 1470 648 ipsius
1504 606 1575 647 per
1610 597 1732 636 testa-

111 663 291 701 mentum
330 658 392 702 vel
428 658 479 702 ab
513 661 703 702 intestato
738 665 875 703 manet
908 659 1102 717 obligata,
1138 666 1181 704 ut
1213 665 1394 705 transeat
1416 664 1455 705 in
1480 665 1568 706 eius
1601 663 1731 707 eccle-

107 731 192 772 siae
244 730 304 772 vel
357 742 556 786 personae
606 731 839 785 utilitatem,
874 734 939 775 cui
981 745 1053 788 per
1089 737 1228 775 votum
1264 733 1465 777 destinata
1500 735 1588 777 fuit.
1622 732 1732 787 Qua-

110 804 278 855 propter
311 800 436 843 edicit
466 800 494 858 ἓ
528 801 566 845 (2.
612 800 702 844 Voti
734 801 880 857 realis,
905 815 982 844 non
1021 803 1247 855 personalis
1274 806 1370 859 voti,
1395 806 1513 848 cuius
1535 804 1732 862 obligatio

107 872 365 926 extinguitur
398 884 491 914 cum
527 884 714 928 persona,
755 872 825 915 sed
871 872 979 915 illius
1021 872 1222 930 obliyatio
1267 875 1423 917 transit
1463 875 1518 919 ad
1562 875 1733 919 heredes

108 942 166 983 roi
212 941 273 983 vel
319 944 518 996 pecuniae
559 944 597 984 in
645 945 725 985 voti
769 943 1138 999 adimplemenlum
1184 947 1456 1001 necessariae,
1499 959 1547 990 ac
1589 960 1731 990 conse-

108 1016 281 1068 quenter
303 1012 478 1055 dicitur:
515 1012 609 1055 item
636 1012 836 1070 oblissatz'o
861 1013 945 1057 voti
968 1014 1092 1056 mixti
1120 1029 1140 1051 ‘c
1164 1016 1273 1072 q'uod
1299 1016 1526 1072 personalis
1548 1021 1588 1060 et
1612 1017 1734 1060 realis

109 1087 297 1125 naturam
334 1085 594 1139 participat»
633 1098 715 1141 qua
748 1084 864 1127 reale
900 1090 1040 1128 votum
1081 1091 1153 1128 est.

225 1153 283 1196 Ex
320 1154 441 1197 dictis
476 1159 585 1210 patet
618 1155 727 1211 quod
763 1158 802 1199 S.
836 1155 882 1199 R.
916 1156 958 1200 C.
992 1159 1151 1200 censuit
1190 1158 1524 1213 respondendnm
1570 1161 1609 1201 in
1653 1171 1734 1202 una

108 1223 361 1267 Concordiae
386 1224 398 1246 ¹
433 1225 482 1267 ad
524 1226 556 1267 1.
597 1225 761 1269 «Festa
796 1239 844 1269 ex
884 1232 978 1269 voto
1014 1240 1210 1283 personas
1249 1233 1406 1272 tantum
1443 1234 1643 1273 voventes
1675 1234 1730 1272 te-

109 1296 195 1337 neri
230 1294 471 1349 observare,
504 1297 617 1339 iuxta
651 1296 975 1340 declarationem
1009 1298 1047 1342 S.
1084 1297 1130 1341 R.
1163 1297 1221 1352 C.,
1255 1300 1321 1341 (lie
1357 1300 1409 1342 18
1433 1300 1586 1356 Aprilis
1607 1300 1733 1353 1643,

109 1378 202 1407 cum
237 1364 533 1421 approbatione
566 1367 821 1410 Sanctissimi
847 1383 886 1409 )).
922 1367 1009 1412 lmo
1034 1371 1071 1411 in
1097 1368 1344 1425 Eporedien.
1372 1385 1392 1411 «
1416 1370 1616 1427 Exposuit
1638 1370 1733 1427 Epi—

108 1449 257 1491 scopus
290 1437 327 1480 S.
364 1436 409 1480 R.
434 1435 484 1480 .C.
520 1436 784 1483 Civitatem...
823 1444 916 1481 voto
952 1439 1117 1495 publico
1160 1453 1203 1483 se
1246 1440 1516 1485 obstrinxisse
1563 1454 1734 1485 servare

110 1506 304 1550 nonnulla
353 1507 470 1550 Festa
518 1522 611 1551 cum
661 1507 807 1565 Vigilia
856 1514 895 1553 et
945 1523 1142 1567 peragere
1189 1511 1495 1567 Processiones;
1539 1513 1648 1569 quod
1682 1512 1733 1556 ab

111 1577 312 1634 Episcopo
349 1579 666 1634 praedecessore
700 1581 993 1623 confirmatum
1027 1582 1112 1635 suit,
1148 1595 1195 1625 eo
1239 1584 1414 1637 adiecto,
1449 1588 1493 1626 ut
1525 1583 1574 1626 ad
1610 1596 1654 1626 ea
1681 1588 1735 1626 te-

110 1655 285 1691 neantur
317 1651 440 1692 eliam
474 1664 749 1704 successores.
784 1650 879 1694 licet
916 1656 1053 1695 votum
1080 1666 1158 1695 non
1189 1656 1470 1698 emiserint...:
1505 1667 1554 1697 an
1589 1667 1731 1697 corum

109 1732 369 1762 successores
406 1725 544 1763 votum
580 1720 732 1777 obliget
766 1722 900 1778 quoad
941 1721 1108 1778 Vigilias
1132 1729 1170 1766 ct
1195 1723 1493 1770 Processiones.
1513 1724 1656 1767 saltem
1683 1737 1730 1767 ex

114 1793 149 1831 vi
187 1791 427 1846 praecepti?
462 1790 509 1833 Et
542 1790 630 1833 Emi
668 1791 737 1834 Pl'.
773 1791 974 1847 Negative
1016 1793 1317 1849 responderunt
1341 1809 1360 1835 ))
1390 1795 1416 1836 ².

231 1861 325 1903 184-
363 1864 587 1908 Cessatio
611 1865 865 1920 multiplex
889 1868 1128 1914 votorum.
1169 1880 1189 1905 «
1213 1861 1423 1920 Obligatio
1458 1868 1541 1908 voti
1566 1879 1615 1908 ex
1642 1879 1733 1921 pro-

113 1933 198 1986 pria
236 1931 444 1975 voluntate
479 1937 517 1975 et
552 1935 776 1976 intentione
800 1939 994 1977 causatur
1018 1934 1126 1977 undo
1151 1935 1302 1978 dicitur
1326 1935 1563 1987 (Deuteron.
1587 1935 1733 1989 XXlll,

113 2002 149 2054 3,
186 2001 251 2058 3):
286 2000 405 2054 Quod
439 2003 567 2045 semel
602 2017 813 2059 egressum
839 2009 899 2047 est
922 2005 972 2047 de
997 2004 1115 2048 labiis
1139 2007 1232 2059 tuis,
1256 2005 1512 2061 observabis,
1536 2011 1576 2049 et
1598 2007 1734 2062 facies,

110 2075 216 2115 sicut
250 2074 471 2128 pronusisti
508 2073 682 2116 Domino
717 2073 800 2117 Deo
834 2079 916 2129 tuo,
951 2079 990 2117 et
1034 2077 1195 2131 propria
1245 2075 1455 2119 voluntate
1489 2081 1528 2119 et
1561 2090 1631 2119 ore
1662 2080 1733 2119 tuo

113 2142 271 2186 locutus
305 2158 347 2186 es
371 2160 389 2184 ))
419 2144 447 2188 ³.
484 2143 589 2187 Hinc
634 2150 744 2188 recte
785 2146 960 2188 infertur
1004 2160 1094 2188 ean.
1131 2148 1249 2189 1311.
1280 2145 1423 2189 Cessat
1447 2152 1582 2190 votum
1607 2146 1734 2190 trans·

111 2218 201 2256 acto
245 2214 284 2270 a)
320 2213 442 2271 lapsu
483 2215 694 2272 temporis,
734 2215 843 2272 quod
882 2229 1037 2259 vovens
1075 2217 1382 2269 determinavit,
1416 2217 1476 2259 ad
1507 2217 1735 2274 finiendam

112 2283 408 2340 obliyalv'onem
442 2285 639 2342 appositi,
673 2286 854 2329 scilicet:
890 2291 933 2329 ut
967 2286 1072 2330 ultra
1113 2287 1210 2330 illud
1258 2301 1335 2330 non
1381 2293 1590 2331 teneretur
1626 2292 1733 2331 vote.

119 2370 135 2393 (ι
161 2355 198 2396 Si
234 2360 370 2397 autem
407 2357 443 2397 in
481 2358 707 2399 intentione
740 2361 779 2399 et
816 2356 1025 2399 voluntate
1062 2360 1253 2401 voventis
1286 2363 1346 2401 est
1388 2358 1573 2414 obligare
1605 2372 1648 2401 se
1684 2358 1734 2400 ad

112 2427 248 2467 statim
267 2425 529 2479 solvendum,
551 2432 712 2469 tenetur
729 2429 865 2470 statim
886 2427 1071 2480 solvere,
1097 2430 1128 2471 si
1147 2434 1284 2471 autem
1310 2429 1359 2472 ad
1379 2434 1537 2472 certum
1559 2433 1734 2485 tempUS,

117 2495 177 2537 vel
213 2494 288 2538 sub
322 2501 432 2539 certa
467 2497 716 2550 conditione,
751 2511 830 2540 non
865 2500 1000 2540 statim
1039 2503 1200 2541 tenetur
1223 2499 1399 2551 solvere,
1420 2499 1490 2543 sed
1517 2512 1592 2542 nec
1615 2498 1739 2542 debet

114 2566 291 2616 tardare,
318 2566 421 2609 ultra
446 2579 569 2624 quam
596 2568 769 2611 intendit
790 2581 833 2611 se
857 2567 1065 2624 obligare3
1100 2570 1252 2612 dicitur
1284 2572 1393 2612 enim
1424 2569 1599 2613 ibidem:
1633 2568 1735 2613 Cum

117 2641 254 2678 votum
295 2639 460 2679 voveris
493 2637 668 2680 Domino
703 2638 787 2681 Deo
821 2643 902 2693 tuo,
939 2652 1017 2681 non
1065 2639 1248 2683 tardabis
1295 2640 1491 2694 reddere3
1536 2642 1630 2697 quia
1675 2653 1736 2682 re—

114 2709 249 2763 quiret
285 2707 381 2750 illud
419 2708 616 2751 Dominus
652 2709 759 2752 Deus
791 2714 906 2754 tuus:
940 2715 976 2753 et
1011 2713 1042 2753 si
1091 2716 1274 2754 moratus
1307 2712 1444 2766 fueris,
1479 2710 1738 2767 reputabitur

233 2813 241 2832 1
272 2812 316 2844 23
336 2812 423 2846 Iun.
449 2813 551 2853 1703,
575 2826 613 2848 n.
635 2815 740 2848 2113.
772 2835 809 2840 -
840 2814 854 2836 2
882 2816 925 2849 19
944 2814 1042 2849 Nov.
1067 2816 1225 2859 165o,n.
1248 2816 1328 2851 932.
1358 2837 1399 2841 -
1427 2817 1440 2838 ³
1466 2816 1512 2850 D.
1535 2815 1606 2849 Th.
1627 2816 1736 2856 11-11,

114 2870 149 2903 q.
179 2858 435 2903 LXXXvffl,
465 2872 497 2894 a.
524 2862 558 2902 3,
586 2861 634 2895 aa
659 2862 722 2895 3111.
