1965 3240
216 148 253 172 vl
814 146 1024 172 BENEVOLO
1050 145 1219 171 LECTORI

213 258 437 305 alterum
465 258 586 305 clar.
617 257 768 322 Cal-d.
798 258 867 304 M.
898 258 1046 318 Lega
1070 258 1126 303 in
1153 255 1269 304 Vol.
1294 255 1377 302 III
1403 271 1523 319 pag.
1548 257 1649 302 422
1679 272 1820 320 seqq.

211 343 292 386 sui
341 339 548 403 Operis:
610 360 631 384 ‹<
657 340 1049 387 Praelectiones
1099 340 1154 385 in
1194 338 1427 384 Textum
1466 337 1507 385 I.
1550 337 1606 386 C.
1648 338 1712 386 de
1749 341 1823 386 iu-

211 422 360 468 diciis
383 422 752 469 ecclesiasticis
775 441 820 468 ».
849 421 1093 483 Denique
1113 421 1463 483 pertractavit
1482 436 1680 482 magna
1701 437 1824 468 cum

211 503 504 551 eruditione
543 503 694 550 Card.
737 503 817 550 De
855 503 1003 550 Luca
1036 502 1099 548 de
1126 502 1248 548 Iure
1274 505 1589 565 patronatus
1615 519 1822 551 necnon

210 584 273 631 de
321 585 680 632 contractibus
728 587 867 632 circa
914 584 1054 631 bona
1092 583 1453 631 ecclesiastica
1490 587 1546 631 in
1585 585 1822 633 eiusdem

215 685 235 710 «
268 667 498 714 Theatro
537 670 773 714 iustitiae
812 670 865 713 et
902 668 1144 713 veritatis
1175 685 1222 712 ».
1537 675 1539 677 '

349 748 731 796 Desiderantur
768 752 889 812 post
927 748 1175 796 Codicem
1215 748 1470 812 speciales
1510 749 1574 796 de
1612 749 1694 796 his
1728 749 1820 798 Co-

209 830 338 877 dicis
376 831 613 894 partibus
651 834 928 887 tractatus,
970 832 1012 877 si
1051 847 1219 877 unum
1269 830 1354 878 vel
1405 831 1634 878 alte-rum
1685 835 1820 879 exci-

208 913 335 974 piaS,
375 929 422 958 v.
464 928 539 973 gr.
585 932 607 957 «
638 913 717 959 La
754 912 1027 975 sepultura
1071 912 1432 959 ecclesiastica
1476 929 1503 960 e
1542 912 1631 976 jus
1675 914 1819 961 fune-

207 993 402 1040 randi»
438 994 722 1041 sacerdotis
761 1010 823 1041 ac
860 994 996 1041 doct.
1037 994 1193 1041 Rossi
1231 994 1461 1057 Iosephi.
1501 996 1650 1042 Nihil
1687 1012 1819 1059 opus

209 1079 288 1121 est
337 1075 399 1122 de
449 1076 686 1124 adhibito
737 1077 986 1124 methodo
1037 1077 1343 1139 adiungere.
1391 1077 1661 1141 Sequutus
1701 1096 1818 1126 sum

206 1159 402 1203 etenim
425 1157 556 1204 illud
582 1160 635 1223 in
663 1159 763 1205 hoc
789 1157 1185 1206 Commentario
1212 1161 1488 1218 usitatum,
1519 1164 1573 1207 et
1599 1177 1818 1224 scopum

207 1239 337 1285 mihi
376 1240 668 1302 praefixum
709 1243 940 1304 pressius
977 1243 1191 1288 retinui.

345 1321 476 1369 Nolo
527 1322 651 1369 huic
701 1323 961 1386 colloquio
1006 1323 1167 1371 finem
1208 1324 1346 1382 dare,
1389 1327 1518 1387 quin
1556 1327 1818 1372 maximas

205 1403 412 1465 publice
450 1404 672 1451 referam
711 1408 909 1466 gratias
949 1407 1155 1454 Emmo.
1200 1406 1353 1454 Card.
1397 1407 1586 1454 Bisleti
1626 1407 1818 1455 Sacrae

206 1484 396 1546 Congr.
437 1486 500 1532 de
551 1486 857 1534 Seminariis
909 1492 962 1535 et
1013 1489 1471 1537 Universitatibus
1521 1490 1816 1549 Praefecto,

206 1569 295 1629 qui
335 1568 608 1630 epistolam
649 1569 901 1631 dignatus
941 1576 1022 1617 est
1059 1571 1126 1618 ad
1164 1588 1249 1618 me
1287 1571 1532 1633 dirigere,
1574 1573 1817 1620 stimulos
1865 1577 1869 1580 ’
1914 1584 1919 1597 ’

205 1649 402 1696 addens
441 1650 507 1696 ad
546 1650 927 1699 Commentarii
953 1656 1382 1716 prosecutionem
1427 1654 1561 1700 Eam
1587 1654 1675 1700 hic
1702 1653 1817 1700 sub-

204 1732 339 1787 iicio,
387 1735 447 1778 ut
491 1734 565 1779 sic
602 1733 751 1780 velut
788 1738 1139 1798 spontaneam
1177 1720 1282 1782 mei
1320 1735 1515 1783 laboris
1555 1751 1817 1783 commen-

205 1812 487 1871 dationem,
523 1815 692 1876 qualis
720 1819 814 1874 est,
844 1832 963 1863 eam
989 1819 1256 1880 suscipere
1282 1817 1477 1864 faveas.
1507 1817 1818 1865 Hortationi

206 1910 327 1941 vero
367 1899 477 1941 tam
515 1897 770 1959 praeclari
808 1901 1087 1962 purpurati
1126 1899 1394 1962 Principis
1432 1900 1672 1946 deferens
1705 1916 1816 1963 pro-

206 1993 407 2039 sequar,
465 1978 577 2025 Deo
634 1982 868 2039 iuvante,
921 1984 976 2028 in
1027 1982 1251 2029 aliorum
1301 1982 1557 2030 librorum
1608 1981 1817 2030 Codicis

205 2063 581 2108 commentario
620 2063 956 2125 perficiendo.

344 2141 566 2189 Interim
594 2160 731 2201 vero,
754 2145 853 2192 tibi
878 2145 1133 2193 benevole
1159 2145 1339 2204 lector,
1368 2146 1548 2194 fausta
1575 2163 1815 2210 quaeque

204 2222 506 2284 adprecans,
547 2224 784 2273 desidero
823 2231 884 2274 ut
920 2227 1054 2274 bene
1092 2227 1285 2275 valeas,

388 2329 546 2366 Rornae
575 2328 618 2366 in
650 2329 837 2379 collegio
868 2331 1084 2381 Angelioe,
1115 2331 1184 2370 die
1216 2332 1263 2368 18
1293 2329 1493 2370 Octobris
1522 2333 1625 2370 anni
1658 2333 1769 2371 1922.

887 2462 948 2509 fr.
989 2462 1272 2509 ALBER'rus
1311 2462 1471 2521 Buff,
1514 2463 1570 2510 O.
1611 2464 1671 2510 P.
