1965 3240
337 140 419 175 ΤιΤ.
445 139 549 175 XVI.
579 161 590 166 -
616 141 673 176 De
698 144 806 178 cultu
834 145 1084 183 Sanctorum.
1115 157 1213 179 sacr.
1247 149 1368 189 iniag.
1398 155 1427 181 el
1456 151 1568 194 reliq.
1702 152 1765 185 191

135 261 297 303 statutis
331 258 549 302 inhaerens
582 260 767 304 districte
802 264 1026 317 praecepit,
1061 276 1109 305 ne
1143 262 1438 307 Clu-istitidehfs
1471 266 1546 309 suh
1580 268 1763 324 quolibet

137 333 366 386 praetextu,
401 330 523 371 etiam
563 330 808 384 redimendi,
833 343 973 374 sacras
1008 331 1216 389 Reliquias
1240 338 1277 375 et
1301 336 1542 378 Sanctorum
1579 341 1766 391 eximias,

135 399 229 443 licet
261 399 429 456 capsula
465 401 700 444 reconditas
723 405 761 443 et
785 401 921 457 sigillo
958 405 1148 454 munitas,
1170 407 1249 445 tam
1278 406 1313 446 iu
1342 404 1460 454 Urho,
1485 420 1606 462 quam
1633 414 1765 458 extra,

86 516 90 521 ,
135 483 274 514 emere
307 475 377 513 aut
412 473 586 513 mercari
624 476 928 527 praesumant»
959 471 987 514 ¹.
1014 472 1099 515 Hoc
1125 474 1373 529 particulare
1409 480 1655 533 principium
1690 480 1766 523 sul)

134 543 203 585 cit.
236 554 325 586 can.
361 540 708 596 comprehensum
744 542 956 586 evolvitur
989 556 1008 586 a
1046 543 1292 599 legislatore.
1328 549 1393 601 qui
1430 548 1561 589 eidem
1605 551 1767 593 innixus

133 612 340 656 decernit:
377 610 562 669 adeoque
595 615 633 665 a)
671 612 897 656 Orslinarii
931 613 1113 657 locorum
1136 628 1242 669 teau.
1284 616 1375 664 198,
1407 619 1433 672 ς’
1467 620 1509 671 2)
1546 618 1583 666 Ι),
1619 620 1767 662 ris-arii

132 682 314 741 foranei,
339 682 519 726 scilicet:
550 684 828 727 «sacerdotes
861 687 929 741 qui
967 687 1183 728 vicarialui
1219 688 1400 740 foranei»,
1425 688 1474 731 de
1508 703 1588 745 quo
1614 693 1650 732 in
1676 705 1765 733 (ean.

136 754 233 808 217,
252 752 303 797 ab
323 753 524 810 Episcopo
551 756 849 810 praelieiuntur
868 771 888 796 ))
913 755 1021 812 (can.
1043 755 1160 813 445),
1180 756 1220 813 c)
1242 757 1420 814 pamelii
1443 758 1549 815 (can.
1571 760 1645 802 4331
1671 763 1698 814 ξ
1725 761 1763 818 1)

133 830 172 868 et
210 827 319 883 «qui
355 824 630 881 parochorum
669 828 835 869 nomine
871 828 908 869 in
943 828 1031 869 iure
1069 829 1277 870 veniunt»
1303 828 1347 885 (3⁹
1382 828 1438 885 2),
1464 831 1544 872 imo
1569 830 1611 886 d)
1638 832 1767 874 aliive

133 909 277 938 earam
311 895 553 938 animarum
587 895 785 939 scabentes
817 903 932 940 extra
968 898 1269 941 sacramentale
1304 900 1436 942 forum
1472 913 1520 942 ex
1556 907 1765 951 contextu,

132 965 276 1009 sedulo
320 971 507 1018 caveant,
542 971 742 1024 quantum
791 969 828 1010 in
875 970 973 1023 ipsis
1015 970 1107 1021 erit,
1141 982 1191 1011 ize
1223 974 1260 1022 a)
1293 983 1441 1011 saerae
1482 970 1690 1028 reliquiae
1725 978 1765 1015 ut

132 1049 270 1094 supra,
306 1036 344 1090 b)
374 1037 630 1094 praeserlim
664 1037 961 1081 sanctissimae
998 1038 1144 1082 Creteis
1182 1040 1423 1095 particulae,
1458 1041 1509 1084 ol)
1541 1043 1765 1098 specialem

132 1108 289 1151 cultum
309 1108 453 1151 latriae
472 1107 657 1152 debitum
685 1111 775 1165 ipsi,
795 1111 1038 1152 nominatim
1064 1110 1318 1166 indignatae,
1338 1112 1555 1155 oeeasione
1572 1113 1765 1168 maxime,

132 1181 227 1236 quia
270 1184 368 1223 tunc
411 1184 585 1223 cavetur
630 1180 854 1233 efficacius,
889 1180 930 1237 a)
965 1179 1245 1223 hereditatam
1282 1181 1324 1238 h)
1359 1187 1432 1224 aa!
1485 1185 1607 1226 etiam
1651 1188 1765 1227 extra

132 1249 400 1293 haereditatis
442 1262 583 1293 casum
629 1249 905 1293 alienationis
950 1251 1089 1294 acervi
1132 1251 1344 1307 bonoram,
1380 1255 1485 1296 inter
1517 1267 1623 1310 quae
1658 1257 1767 1298 inve-

132 1323 298 1364 niantur
322 1321 506 1364 fortassis
530 1320 676 1365 thecae
699 1335 794 1365 cum
814 1321 1016 1379 reliquiiS‚
1036 1327 1159 1380 atque
1200 1324 1413 1367 vitandum
1440 1326 1611 1381 intendit
1636 1338 1764 1368 canon

132 1390 172 1448 a)
217 1404 311 1434 «ne
356 1403 499 1434 sacrae
544 1391 789 1449 reliquiae»
827 1398 1003 1435 veneant
1047 1407 1140 1436 cum
1186 1393 1329 1447 thecis,
1363 1394 1506 1437 saltem
1547 1396 1765 1439 «adaucte

133 1464 308 1518 pretio»
346 1467 488 1506 contra
533 1475 623 1506 ean.
667 1463 765 1519 730,
808 1454 876 1507 'vel
919 1466 1006 1507 sine
1051 1464 1194 1518 thecis,
1246 1464 1287 1522 b)
1334 1479 1430 1507 nece
1472 1466 1514 1508 iii
1559 1465 1763 1509 aeallzoli-

132 1546 271 1576 eornm
318 1547 480 1585 ritanus,
513 1536 636 1591 etiam
683 1537 770 1578 sine
814 1535 1055 1578 venditione
1100 1535 1257 1583 thecae,
1300 1536 1361 1579 vel
1406 1536 1764 1594 qualitercumque

133 1609 366 1647 transeant.

249 1675 299 1720 Ut
334 1678 487 1720 vitetur
521 1677 688 1733 indigna
722 1689 935 1721 sacrarum
972 1677 1241 1735 reliquiarum
1268 1681 1456 1722 tractatio
1479 1681 1550 1722 suit
1576 1680 1764 1723 conditus

130 1745 158 1804 ἓ
193 1746 248 1801 1³,
284 1746 515 1805 eodemque
561 1750 716 1791 motivo
760 1748 993 1805 completur
1029 1762 1100 1805 per
1131 1749 1159 1807 ξ
1191 1751 1232 1791 Ξ).
1272 1748 1463 1792 [ieelores
1495 1750 1763 1792 ecelesiarum

132 1819 313 1874 proprie,
345 1823 470 1876 atque
503 1819 705 1875 ampliore
738 1833 858 1863 sensu
895 1833 1018 1877 quam
1056 1822 1093 1862 in
1128 1832 1217 1863 can.
1243 1821 1340 1873 479,
1365 1824 1433 1878 qui
1466 1835 1660 1877 expresse
1694 1836 1762 1864 no-

133 1890 356 1943 minantur,
390 1902 483 1932 cum
519 1892 557 1932 in
592 1883 780 1934 eeclesiis
824 1893 1046 1947 praecipue
1090 1893 1169 1933 sint
1212 1891 1452 1935 condendae
1495 1904 1636 1935 sacrae
1671 1893 1762 1935 reli-

132 1961 268 2015 quiae,
302 1960 512 2017 celerique
544 1963 737 2018 quamvis
772 1961 862 2005 laici
897 1960 953 2004 ad
986 1975 1087 2018 quos
1119 1967 1279 2019 speelat
1313 1974 1453 2004 earum
1479 1963 1663 2005 custodia
1689 1965 1761 2004 im-

132 2029 310 2073 mediata
355 2030 418 2073 vel
465 2031 658 2086 mediata,
692 2031 837 2075 sedule
872 2031 1109 2089 iiiviyilent,
1143 2046 1213 2075 seu
1248 2046 1340 2075 cum
1375 2032 1586 2088 diligentia
1623 2035 1660 2075 vi
1696 2046 1760 2076 ca-

131 2102 249 2143 nonis
282 2103 552 2158 praescripta,
586 2101 627 2158 a)
662 2116 712 2145 ae
749 2116 898 2145 sacrae
936 2102 1148 2160 ieliqaiae
1187 2102 1271 2146 alle
1311 2102 1428 2145 modo
1462 2104 1760 2160 profanentur,

131 2183 225 2214 nam
260 2171 371 2214 solus
404 2184 545 2215 earum
572 2186 670 2216 usus
694 2178 905 2231 tamquam
943 2187 1080 2216 rerum
1108 2174 1370 2230 profanarum
1397 2174 1445 2216 ad
1472 2180 1757 2217 ornamentum

132 2240 396 2286 habitationis
430 2243 604 2286 dedecet
638 2246 751 2299 ipsis,
784 2243 824 2300 b)
856 2258 954 2286 neve
993 2243 1205 2287 nomiman
1246 2244 1410 2286 inmo-ia
1461 2250 1636 2301 pereant
1670 2258 1761 2287 cou-

131 2315 408 2370 quassatione,
443 2316 481 2356 in
528 2314 743 2370 pulverem
789 2315 1045 2367 reductione,
1079 2317 1314 2370 amissione,
1353 2315 1564 2357 thecarum
1606 2315 1761 2358 destru-

131 2385 280 2435 ctione,
314 2384 354 2441 c)
390 2383 450 2426 vel
483 2385 620 2427 minas
649 2384 843 2428 (lecenter
875 2386 1011 2442 quoad
1052 2385 1204 2438 locum,
1241 2385 1301 2428 vel
1337 2385 1388 2427 ol)
1423 2385 1543 2428 huius
1576 2391 1643 2428 aut
1679 2385 1762 2428 the-

131 2465 275 2497 carum
310 2455 632 2511 immunditiam,
667 2455 975 2499 custodientia.

251 2606 260 2626 ¹
291 2605 327 2639 S.
359 2605 500 2651 Congr.
528 2606 687 2651 Indulg.
718 2612 758 2641 et
784 2607 929 2653 Reliq.‚
958 2609 1002 2642 21
1030 2609 1122 2642 Dec.
1153 2608 1256 2648 1878,
1286 2618 1324 2641 n.
1353 2608 1431 2641 443.
