1965 3240
123 124 193 158 302
384 123 468 156 Liss.
494 122 567 156 ΠΙ.
596 142 608 147 -
635 122 746 157 PARS
771 122 839 156 IV.
868 142 881 147 -
911 122 969 157 De
994 124 1219 167 magisterio
1245 123 1498 158 ecclesiastico

128 243 288 286 dientes
324 242 534 299 praeclara
570 242 677 285 illius
710 243 1015 285 existimatione
1049 253 1283 299 magnoque
1326 254 1466 286 amore
1504 242 1759 299 imbuantur

132 313 318 370 illudque
350 326 514 369 semper
548 326 620 369 pro
654 312 813 356 deliciis
851 311 1092 355 habeant».

250 383 299 427 Et
339 385 576 441 «quamvis
609 385 741 426 mai01
773 396 896 441 quam
931 382 1107 426 antehac
1153 384 1354 439 positivae
1391 383 1622 440 theologiae
1657 387 1759 428 ratio

133 459 193 498 est
225 453 438 498 habenda:
483 454 521 497 id
557 458 692 497 tamen
727 456 785 497 sic
819 455 902 508 fiat,
947 458 989 496 ut
1032 453 1130 496 nihil
1175 451 1421 497 scholastica
1462 454 1757 498 detrimentum

133 527 269 581 capiat
291 540 329 566 )).

256 611 276 637 «
300 596 341 638 ln
367 609 506 639 rerum
532 595 783 639 naturalium
807 595 1139 638 consideratione
1172 599 1339 638 strenue
1371 595 1651 650 adlaboretur,
1673 598 1762 639 sine

134 666 215 710 ullo
248 671 384 710 tamen
418 679 630 710 sacrorum
665 666 897 709 studiorum
931 665 1140 708 damno».

82 790 86 794 ι
251 737 363 781 Haec
396 739 533 780 omnia
568 739 605 779 111
640 736 909 794 sequentibus
934 735 1096 780 duobus
1119 735 1347 780 canonibus
1369 736 1569 792 implicite
1592 737 1762 780 tradun-

134 813 212 851 tur.
261 807 473 852 Commata
508 807 574 850 illa
611 810 789 864 primum
824 812 863 850 et
898 806 1086 850 ultimum
1129 808 1255 850 refert
1287 821 1378 849 ean.
1414 809 1545 852 1365.
1579 806 1607 864 ξ
1640 807 1676 850 1.
1715 807 1761 850 ln

129 877 443 936 philosophiam
478 880 643 935 proprie
680 878 832 922 dictam
878 877 1146 929 rationalem,
1188 883 1391 935 quatenus
1433 880 1655 934 empiricae
1687 891 1759 922 seu

133 948 529 1006 experimentalibus
562 948 792 1005 disciplinis
824 948 1253 1004 contradistinguitur,
1274 950 1487 1004 principiis
1510 951 1679 992 rationis
1703 951 1763 992 in—

134 1022 228 1063 nixa
264 1022 498 1076 praecipue,
523 1022 619 1077 quin
646 1033 785 1062 rerum
811 1018 1061 1062 naturalium
1086 1019 1361 1062 consideratio
1395 1021 1760 1075 praetermittatur,

133 1092 320 1147 sequitur
353 1093 487 1134 enim:
522 1104 612 1132 eum
636 1089 827 1147 affinibus
850 1088 1091 1146 disciplinis
1115 1088 1278 1131 alumni
1311 1091 1390 1132 iam
1425 1091 1462 1132 in
1498 1089 1762 1133 inferioribus

132 1160 284 1204 scholis
320 1163 468 1204 versati
500 1174 578 1218 per
600 1161 823 1217 inleyrum,
843 1159 1011 1203 exclusa
1045 1172 1309 1217 quacumque
1341 1159 1514 1202 abusiva
1548 1158 1763 1203 abbrevia-

132 1233 257 1284 tione,
274 1230 424 1274 saltem
456 1231 669 1274 biennium
700 1230 992 1275 scholasticum
1031 1243 1143 1273 more
1168 1232 1360 1286 regionis,
1385 1229 1639 1285 incumbant,
1662 1232 1760 1288 quin

133 1301 265 1346 obstet
297 1304 474 1345 triennio
507 1301 559 1345 ab
591 1301 793 1358 Episcopo
827 1303 995 1344 forsitan
1029 1301 1260 1344 statuendo.

252 1372 330 1416 Leo
366 1372 455 1415 Xlll
490 1375 528 1415 in
563 1372 731 1429 Encycl.
771 1388 790 1414 (c
814 1372 1002 1415 Exeunte
1027 1374 1106 1414 iam
1131 1384 1237 1414 anuo
1260 1387 1281 1413 1)
1313 1373 1324 1394 ¹
1359 1374 1436 1415 ait:
1467 1387 1487 1413 c<
1509 1371 1665 1415 Lumen
1689 1372 1760 1415 do-

133 1445 303 1498 ctrinae,
338 1457 472 1501 neque
505 1444 604 1487 illud
641 1443 827 1500 vulgare,
861 1445 899 1485 111
934 1443 1149 1486 sacerdote
1184 1444 1421 1500 requiritur,
1450 1444 1544 1500 quia
1581 1445 1764 1486 muueris

133 1516 221 1557 eius
254 1519 314 1558 est
348 1515 519 1571 implere
552 1516 754 1570 sapientia
777 1518 951 1567 ceteros,
975 1512 1157 1556 evellere
1180 1526 1356 1563 errores,
1378 1513 1525 1556 ducem
1550 1526 1638 1555 esse
1664 1512 1764 1555 mul·

133 1585 297 1628 titudini
332 1599 404 1642 per
437 1587 582 1628 itinera
620 1587 727 1628 vitae
769 1586 965 1640 ancipitia
1011 1589 1049 1626 et
1093 1583 1314 1627 lubrica».
1348 1582 1411 1626 Nil
1446 1585 1571 1640 igitur
1611 1585 1759 1626 mirum

131 1656 240 1713 quod
274 1660 424 1700 statuat
457 1658 482 1710 ἓ
516 1657 552 1699 2.
592 1655 749 1699 Cursus
779 1654 1034 1712 llieoloyieus
1066 1656 1125 1697 sic
1159 1654 1294 1698 dictus
1331 1654 1382 1698 ob
1422 1653 1758 1711 principaliorem

131 1729 360 1782 scientiam,
394 1730 531 1770 statim
565 1727 855 1781 declarandus,
879 1739 927 1770 ac
952 1729 1100 1770 inentis
1123 1726 1258 1769 studio
1284 1725 1590 1781 percurrendus
1613 1724 1762 1767 sallem

134 1797 297 1855 inteyro
331 1803 374 1841 ut
408 1800 446 1840 in
478 1797 525 1856 §⁰
561 1798 604 1840 1a
636 1797 892 1841 declaratum
944 1802 1004 1840 est
1051 1795 1332 1854 quadriennio
1370 1795 1651 1850 contineatur,
1689 1809 1761 1838 seu

133 1873 279 1925 quater
318 1871 491 1925 «spatio
526 1868 609 1911 365
643 1869 850 1911 dierum»
889 1868 1010 1925 (canq
1035 1868 1101 1917 32,
1137 1869 1162 1921 g
1196 1867 1251 1923 Ξ),
1275 1868 1539 1922 ,computatis
1582 1868 1760 1909 vacatio-

134 1939 265 1983 nibus.
303 1939 524 1982 Adduntur
557 1939 666 1982 illius
703 1952 936 1982 «cursus»
975 1938 1178 1981 elementa
1211 1939 1293 1981 sic:
1327 1941 1382 1990 et,
1399 1941 1574 1994 praeter
1607 1934 1763 1979 theolo-

131 2010 247 2068 [Jiam
279 2012 445 2067 proprie
478 2010 631 2053 dictam
664 2014 704 2053 et
736 2023 786 2052 ex
821 2009 915 2052 fidei
952 2010 1164 2065 principiis
1187 2008 1462 2061 derivantem,
1486 2007 1594 2064 quod
1630 2008 1762 2049 innuit

138 2081 311 2125 verbum
346 2081 639 2139 doymatieam,
675 2093 781 2138 quae
816 2081 1058 2137 praesertim
1094 2081 1204 2123 circa
1236 2078 1487 2134 speculanda
1524 2076 1613 2132 (sed
1647 2077 1761 2120 theo-

134 2152 283 2208 logiam
321 2151 671 2195 fundamentalem
708 2152 1001 2207 praesupponit
1034 2148 1292 2205 discendam)
1329 2150 1523 2205 mysteria
1561 2152 1761 2202 versatur,

135 2227 174 2264 et
206 2221 409 2265 moralem
441 2226 598 2278 partem
634 2223 747 2264 iuxta
781 2221 966 2264 divinam
1003 2220 1313 2269 revelationem,
1337 2217 1553 2273 complecti
1572 2230 1763 2275 praeser-

135 2292 208 2335 tim
241 2291 372 2345 debet,
407 2295 503 2350 quia
547 2291 790 2348 disciplinae
833 2291 937 2334 aliae
979 2291 1269 2344 admittuntur,
1313 2288 1499 2332 studium
1537 2288 1577 2345 a)
1614 2301 1763 2330 sacrae

135 2362 394 2420 Scripturae,
427 2365 545 2406 cuius
583 2378 603 2403 ((
628 2364 877 2419 praeceptio,
911 2364 949 2404 in
992 2374 1158 2419 quoque
1200 2361 1430 2404 Seminario
1473 2357 1761 2415 impertienda,

136 2436 211 2476 ista
243 2433 544 2490 complectatur
576 2437 754 2489 oportet:
791 2434 987 2488 primum,
1021 2433 1208 2474 notiones
1250 2431 1300 2474 de
1344 2428 1611 2486 inspiratione
1644 2441 1762 2485 prae-

136 2505 291 2560 cipuaS‚
325 2516 524 2547 canonem
559 2502 800 2553 Bibliorum,
825 2507 982 2545 textum
1008 2503 1316 2558 primigenium,
1337 2501 1653 2556 potissimasque
1677 2511 1764 2541 ver-

135 2577 283 2626 siones,
318 2574 429 2630 leges
461 2574 817 2627 hermeneuticas3
852 2573 1002 2616 deinde
1025 2572 1238 2615 historiam
1265 2573 1480 2627 utriusque
1503 2570 1760 2619 testamenti3

138 2650 222 2687 tum
257 2645 530 2700 singulorum,
563 2658 636 2700 pro
669 2646 871 2700 cuiusque
895 2645 1116 2699 gravitate,
1140 2641 1356 2685 Librorum
1381 2640 1582 2697 analysim
1607 2644 1647 2683 et
1669 2652 1764 2682 exe-

135 2718 265 2772 gesim
290 2731 329 2757 1).
363 2715 419 2758 lta
455 2715 546 2758 Pius
580 2713 616 2757 X
650 2716 688 2757 in
724 2714 814 2757 litt?³
838 2714 980 2770 aplcis.
1011 2713 1258 2767 «Quoniam
1284 2714 1321 2754 in
1348 2725 1391 2754 re
1414 2710 1609 2755 biblica»
1638 2710 1667 2750 ².
1701 2708 1761 2752 Ex
1818 2719 1822 2723 '
1885 2708 1887 2713 ’
1934 2704 1937 2738 l

256 2870 264 2890 ι
294 2869 311 2900 1
342 2867 432 2901 nec.
462 2866 564 2902 lese.
594 2887 636 2891 -
663 2867 676 2888 2
702 2866 746 2899 27
773 2866 889 2900 Mart.
921 2865 1021 2906 1906,
1049 2866 1148 2899 Aeta
1174 2850 1213 2898 sss
1242 2863 1366 2907 Sedis,
1396 2862 1574 2897 XXXIX
