<?xml version="1.0" encoding="UTF-8"?>
<!DOCTYPE html PUBLIC "-//W3C//DTD XHTML 1.0 Transitional//EN"
    "http://www.w3.org/TR/xhtml1/DTD/xhtml1-transitional.dtd">
<html xmlns="http://www.w3.org/1999/xhtml" xml:lang="en" lang="en">
 <head>
  <title>
</title>
<meta http-equiv="Content-Type" content="text/html;charset=utf-8" />
  <meta name='ocr-system' content='tesseract 3.04.00' />
  <meta name='ocr-capabilities' content='ocr_page ocr_carea ocr_par ocr_line ocrx_word'/>
</head>
<body>
  <div class='ocr_page' id='page_1' title='image "./commentariumtext03blatuoft_0508.png"; bbox 0 0 1965 3240; ppageno 0'>
   <div class='ocr_carea' id='block_1_1' title="bbox 163 115 1598 163">
    <p class='ocr_par' dir='ltr' id='par_1_1' title="bbox 163 115 1598 163">
     <span class='ocr_line' id='line_1_1' title="bbox 163 115 1598 163; baseline 0.001 -12"><span class='ocrx_word' id='word_1_1' title='bbox 163 118 234 152; x_wconf 82' lang='lat'><em>496</em></span> <span class='ocrx_word' id='word_1_2' title='bbox 362 116 447 150; x_wconf 73' lang='lat' dir='ltr'><em>Lm.</em></span> <span class='ocrx_word' id='word_1_3' title='bbox 476 116 549 150; x_wconf 86' lang='lat'>111.</span> <span class='ocrx_word' id='word_1_4' title='bbox 578 137 591 141; x_wconf 95' lang='lat'>-</span> <span class='ocrx_word' id='word_1_5' title='bbox 616 116 727 151; x_wconf 80' lang='lat' dir='ltr'>PARS</span> <span class='ocrx_word' id='word_1_6' title='bbox 751 115 818 151; x_wconf 84' lang='lat' dir='ltr'><em>VI.</em></span> <span class='ocrx_word' id='word_1_7' title='bbox 847 137 860 142; x_wconf 99' lang='lat'>-</span> <span class='ocrx_word' id='word_1_8' title='bbox 884 117 943 152; x_wconf 88' lang='lat' dir='ltr'><em>De</em></span> <span class='ocrx_word' id='word_1_9' title='bbox 966 118 1076 152; x_wconf 72' lang='lat' dir='ltr'><em>bonis</em></span> <span class='ocrx_word' id='word_1_10' title='bbox 1101 118 1293 153; x_wconf 78' lang='lat' dir='ltr'><em>Ecclesiae</em></span> <span class='ocrx_word' id='word_1_11' title='bbox 1318 119 1598 163; x_wconf 75' lang='lat' dir='ltr'><em>temporalibus</em></span> 
     </span>
    </p>
   </div>
   <div class='ocr_carea' id='block_1_2' title="bbox 176 179 776 183">
    <p class='ocr_par' dir='ltr' id='par_1_2' title="bbox 176 179 776 183">
     <span class='ocr_line' id='line_1_2' title="bbox 176 179 776 183; baseline 0 0"><span class='ocrx_word' id='word_1_12' title='bbox 176 179 776 183; x_wconf 95' lang='lat' dir='ltr'><em> </em></span> 
     </span>
    </p>
   </div>
   <div class='ocr_carea' id='block_1_3' title="bbox 158 235 1789 2754">
    <p class='ocr_par' dir='ltr' id='par_1_3' title="bbox 161 235 1789 986">
     <span class='ocr_line' id='line_1_3' title="bbox 162 235 1789 294; baseline 0 -16"><span class='ocrx_word' id='word_1_13' title='bbox 162 235 351 294; x_wconf 77' lang='lat' dir='ltr'><em>poralia,</em></span> <span class='ocrx_word' id='word_1_14' title='bbox 370 248 442 278; x_wconf 91' lang='lat' dir='ltr'><em>seu</em></span> <span class='ocrx_word' id='word_1_15' title='bbox 461 235 511 278; x_wconf 89' lang='lat' dir='ltr'><em>ad</em></span> <span class='ocrx_word' id='word_1_16' title='bbox 532 239 793 291; x_wconf 80' lang='lat' dir='ltr'><em>praesentem</em></span> <span class='ocrx_word' id='word_1_17' title='bbox 818 237 946 278; x_wconf 89' lang='lat' dir='ltr'><em>vitam</em></span> <span class='ocrx_word' id='word_1_18' title='bbox 968 235 1082 278; x_wconf 90' lang='lat' dir='ltr'><em>utilia</em></span> <span class='ocrx_word' id='word_1_19' title='bbox 1101 239 1374 293; x_wconf 76' lang='lat' dir='ltr'><em>temporeque</em></span> <span class='ocrx_word' id='word_1_20' title='bbox 1396 240 1633 279; x_wconf 90' lang='lat' dir='ltr'><em>mensurata</em></span> <span class='ocrx_word' id='word_1_21' title='bbox 1652 240 1789 294; x_wconf 78' lang='lat' dir='ltr'><em>potest</em></span> 
     </span>
     <span class='ocr_line' id='line_1_4' title="bbox 166 304 1788 362; baseline 0.001 -13"><span class='ocrx_word' id='word_1_22' title='bbox 166 307 362 362; x_wconf 78' lang='lat' dir='ltr'><em>legitime,</em></span> <span class='ocrx_word' id='word_1_23' title='bbox 397 305 518 348; x_wconf 90' lang='lat' dir='ltr'><em>idest:</em></span> <span class='ocrx_word' id='word_1_24' title='bbox 557 305 692 349; x_wconf 85' lang='lat' dir='ltr'><em>valide</em></span> <span class='ocrx_word' id='word_1_25' title='bbox 725 318 772 349; x_wconf 92' lang='lat' dir='ltr'><em>ac</em></span> <span class='ocrx_word' id='word_1_26' title='bbox 796 306 906 349; x_wconf 91' lang='lat' dir='ltr'><em>licite</em></span> <span class='ocrx_word' id='word_1_27' title='bbox 929 305 1119 349; x_wconf 63' lang='lat' dir='ltr'><em>ommibus</em></span> <span class='ocrx_word' id='word_1_28' title='bbox 1141 304 1266 348; x_wconf 72' lang='lat' dir='ltr'><em>iustis</em></span> <span class='ocrx_word' id='word_1_29' title='bbox 1290 310 1460 362; x_wconf 87' lang='lat' dir='ltr'><em>propter</em></span> <span class='ocrx_word' id='word_1_30' title='bbox 1481 305 1588 349; x_wconf 91' lang='lat' dir='ltr'><em>hanc</em></span> <span class='ocrx_word' id='word_1_31' title='bbox 1610 306 1661 350; x_wconf 93' lang='lat' dir='ltr'><em>ad</em></span> <span class='ocrx_word' id='word_1_32' title='bbox 1686 305 1788 350; x_wconf 87' lang='lat' dir='ltr'><em>alios</em></span> 
     </span>
     <span class='ocr_line' id='line_1_5' title="bbox 166 375 1788 430; baseline 0.001 -12"><span class='ocrx_word' id='word_1_33' title='bbox 166 380 362 420; x_wconf 75' lang='lat' dir='ltr'><em>virtutem</em></span> <span class='ocrx_word' id='word_1_34' title='bbox 395 375 543 430; x_wconf 78' lang='lat' dir='ltr'><em>modis,</em></span> <span class='ocrx_word' id='word_1_35' title='bbox 576 378 665 419; x_wconf 89' lang='lat' dir='ltr'><em>sive</em></span> <span class='ocrx_word' id='word_1_36' title='bbox 698 375 739 419; x_wconf 89' lang='lat' dir='ltr'><em>hi</em></span> <span class='ocrx_word' id='word_1_37' title='bbox 772 381 1009 420; x_wconf 85' lang='lat' dir='ltr'><em>contractus</em></span> <span class='ocrx_word' id='word_1_38' title='bbox 1041 378 1134 430; x_wconf 91' lang='lat' dir='ltr'><em>sint,</em></span> <span class='ocrx_word' id='word_1_39' title='bbox 1171 378 1261 419; x_wconf 91' lang='lat' dir='ltr'><em>sive</em></span> <span class='ocrx_word' id='word_1_40' title='bbox 1303 389 1383 419; x_wconf 91' lang='lat' dir='ltr'><em>non</em></span> <span class='ocrx_word' id='word_1_41' title='bbox 1428 375 1606 420; x_wconf 82' lang='lat' dir='ltr'><em>habeant</em></span> <span class='ocrx_word' id='word_1_42' title='bbox 1647 376 1788 420; x_wconf 91' lang='lat' dir='ltr'><em>huius-</em></span> 
     </span>
     <span class='ocr_line' id='line_1_6' title="bbox 166 445 1786 504; baseline 0 -15"><span class='ocrx_word' id='word_1_43' title='bbox 166 447 275 490; x_wconf 82' lang='lat' dir='ltr'><em>modi</em></span> <span class='ocrx_word' id='word_1_44' title='bbox 311 451 515 501; x_wconf 91' lang='lat' dir='ltr'><em>naturam,</em></span> <span class='ocrx_word' id='word_1_45' title='bbox 550 450 729 490; x_wconf 84' lang='lat' dir='ltr'><em>attamen</em></span> <span class='ocrx_word' id='word_1_46' title='bbox 764 449 833 504; x_wconf 95' lang='lat' dir='ltr'><em>qui</em></span> <span class='ocrx_word' id='word_1_47' title='bbox 867 449 948 489; x_wconf 90' lang='lat' dir='ltr'><em>sint</em></span> <span class='ocrx_word' id='word_1_48' title='bbox 980 445 1103 500; x_wconf 74' lang='lat' dir='ltr'><em>iuris,</em></span> <span class='ocrx_word' id='word_1_49' title='bbox 1126 459 1198 489; x_wconf 91' lang='lat' dir='ltr'><em>seu</em></span> <span class='ocrx_word' id='word_1_50' title='bbox 1232 445 1335 503; x_wconf 91' lang='lat' dir='ltr'><em>legis</em></span> <span class='ocrx_word' id='word_1_51' title='bbox 1371 448 1409 488; x_wconf 89' lang='lat' dir='ltr'><em>vi</em></span> <span class='ocrx_word' id='word_1_52' title='bbox 1443 445 1599 489; x_wconf 88' lang='lat' dir='ltr'><em>inducti</em></span> <span class='ocrx_word' id='word_1_53' title='bbox 1624 450 1693 489; x_wconf 91' lang='lat' dir='ltr'><em>aut</em></span> <span class='ocrx_word' id='word_1_54' title='bbox 1717 458 1786 502; x_wconf 90' lang='lat' dir='ltr'><em>ap-</em></span> 
     </span>
     <span class='ocr_line' id='line_1_7' title="bbox 165 516 1787 574; baseline 0 -14"><span class='ocrx_word' id='word_1_55' title='bbox 165 517 339 574; x_wconf 83' lang='lat' dir='ltr'><em>probati,</em></span> <span class='ocrx_word' id='word_1_56' title='bbox 372 517 458 560; x_wconf 72' lang='lat' dir='ltr'><em>sive</em></span> <span class='ocrx_word' id='word_1_57' title='bbox 489 516 705 560; x_wconf 74' lang='lat' dir='ltr'><em>naturalis</em></span> <span class='ocrx_word' id='word_1_58' title='bbox 730 530 801 573; x_wconf 91' lang='lat' dir='ltr'><em>per</em></span> <span class='ocrx_word' id='word_1_59' title='bbox 825 519 1026 560; x_wconf 86' lang='lat' dir='ltr'><em>rationem</em></span> <span class='ocrx_word' id='word_1_60' title='bbox 1050 516 1168 560; x_wconf 91' lang='lat' dir='ltr'><em>nobis</em></span> <span class='ocrx_word' id='word_1_61' title='bbox 1190 518 1357 573; x_wconf 76' lang='lat' dir='ltr'><em>cogniti,</em></span> <span class='ocrx_word' id='word_1_62' title='bbox 1382 516 1468 559; x_wconf 76' lang='lat' dir='ltr'><em>sive</em></span> <span class='ocrx_word' id='word_1_63' title='bbox 1497 516 1684 574; x_wconf 75' lang='lat' dir='ltr'><em>positivi,</em></span> <span class='ocrx_word' id='word_1_64' title='bbox 1710 516 1787 560; x_wconf 92' lang='lat' dir='ltr'><em>hoc</em></span> 
     </span>
     <span class='ocr_line' id='line_1_8' title="bbox 162 586 1788 644; baseline -0.001 -13"><span class='ocrx_word' id='word_1_65' title='bbox 162 592 224 631; x_wconf 88' lang='lat' dir='ltr'><em>est</em></span> <span class='ocrx_word' id='word_1_66' title='bbox 255 590 501 631; x_wconf 91' lang='lat' dir='ltr'><em>auctoritate</em></span> <span class='ocrx_word' id='word_1_67' title='bbox 533 587 673 631; x_wconf 85' lang='lat' dir='ltr'><em>sociali</em></span> <span class='ocrx_word' id='word_1_68' title='bbox 708 587 877 643; x_wconf 90' lang='lat' dir='ltr'><em>conditi,</em></span> <span class='ocrx_word' id='word_1_69' title='bbox 910 587 1019 644; x_wconf 90' lang='lat' dir='ltr'><em>quod</em></span> <span class='ocrx_word' id='word_1_70' title='bbox 1055 591 1098 629; x_wconf 93' lang='lat' dir='ltr'><em>ut</em></span> <span class='ocrx_word' id='word_1_71' title='bbox 1132 586 1358 643; x_wconf 89' lang='lat' dir='ltr'><em>plurimum</em></span> <span class='ocrx_word' id='word_1_72' title='bbox 1397 589 1435 629; x_wconf 92' lang='lat' dir='ltr'><em>in</em></span> <span class='ocrx_word' id='word_1_73' title='bbox 1479 586 1555 630; x_wconf 89' lang='lat' dir='ltr'><em>bac</em></span> <span class='ocrx_word' id='word_1_74' title='bbox 1588 599 1631 629; x_wconf 89' lang='lat' dir='ltr'><em>re</em></span> <span class='ocrx_word' id='word_1_75' title='bbox 1663 586 1788 630; x_wconf 84' lang='lat' dir='ltr'><em>civile</em></span> 
     </span>
     <span class='ocr_line' id='line_1_9' title="bbox 164 657 1786 716; baseline -0.001 -15"><span class='ocrx_word' id='word_1_76' title='bbox 164 661 253 713; x_wconf 87' lang='lat' dir='ltr'><em>erit,</em></span> <span class='ocrx_word' id='word_1_77' title='bbox 289 672 362 715; x_wconf 90' lang='lat' dir='ltr'><em>pro</em></span> <span class='ocrx_word' id='word_1_78' title='bbox 396 657 645 716; x_wconf 88' lang='lat' dir='ltr'><em>quibusdam</em></span> <span class='ocrx_word' id='word_1_79' title='bbox 679 663 816 701; x_wconf 89' lang='lat' dir='ltr'><em>autem</em></span> <span class='ocrx_word' id='word_1_80' title='bbox 852 657 985 700; x_wconf 86' lang='lat' dir='ltr'><em>modis</em></span> <span class='ocrx_word' id='word_1_81' title='bbox 1018 659 1196 713; x_wconf 90' lang='lat' dir='ltr'><em>propriis</em></span> <span class='ocrx_word' id='word_1_82' title='bbox 1230 671 1268 698; x_wconf 87' lang='lat' dir='ltr'><em>v.</em></span> <span class='ocrx_word' id='word_1_83' title='bbox 1302 671 1363 713; x_wconf 87' lang='lat' dir='ltr'><em>gr.</em></span> <span class='ocrx_word' id='word_1_84' title='bbox 1398 657 1533 714; x_wconf 93' lang='lat' dir='ltr'><em>quoad</em></span> <span class='ocrx_word' id='word_1_85' title='bbox 1569 661 1685 700; x_wconf 87' lang='lat' dir='ltr'><em>taxas</em></span> <span class='ocrx_word' id='word_1_86' title='bbox 1719 670 1786 700; x_wconf 90' lang='lat' dir='ltr'><em>oc-</em></span> 
     </span>
     <span class='ocr_line' id='line_1_10' title="bbox 161 727 1788 785; baseline -0.002 -12"><span class='ocrx_word' id='word_1_87' title='bbox 161 732 329 773; x_wconf 88' lang='lat' dir='ltr'><em>casione</em></span> <span class='ocrx_word' id='word_1_88' title='bbox 351 730 720 773; x_wconf 76' lang='lat' dir='ltr'><em>administrationis</em></span> <span class='ocrx_word' id='word_1_89' title='bbox 744 729 1039 772; x_wconf 87' lang='lat' dir='ltr'><em>iurisdictionis</em></span> <span class='ocrx_word' id='word_1_90' title='bbox 1061 730 1137 771; x_wconf 92' lang='lat' dir='ltr'><em>erit</em></span> <span class='ocrx_word' id='word_1_91' title='bbox 1162 732 1362 784; x_wconf 87' lang='lat' dir='ltr'><em>potestate</em></span> <span class='ocrx_word' id='word_1_92' title='bbox 1385 727 1680 782; x_wconf 81' lang='lat' dir='ltr'><em>ecclesiastica,</em></span> <span class='ocrx_word' id='word_1_93' title='bbox 1700 727 1788 785; x_wconf 77' lang='lat' dir='ltr'><em>qui—</em></span> 
     </span>
     <span class='ocr_line' id='line_1_11' title="bbox 161 797 1785 856; baseline -0.002 -13"><span class='ocrx_word' id='word_1_94' title='bbox 161 800 236 843; x_wconf 77' lang='lat' dir='ltr'><em>bus</em></span> <span class='ocrx_word' id='word_1_95' title='bbox 268 813 418 856; x_wconf 87' lang='lat' dir='ltr'><em>nempe</em></span> <span class='ocrx_word' id='word_1_96' title='bbox 446 800 639 856; x_wconf 86' lang='lat' dir='ltr'><em>praefatis</em></span> <span class='ocrx_word' id='word_1_97' title='bbox 675 799 897 842; x_wconf 75' lang='lat' dir='ltr'><em>«modis»</em></span> <span class='ocrx_word' id='word_1_98' title='bbox 935 797 980 841; x_wconf 79' lang='lat' dir='ltr'><em>id</em></span> <span class='ocrx_word' id='word_1_99' title='bbox 1014 797 1209 841; x_wconf 86' lang='lat' dir='ltr'><em>videlicet</em></span> <span class='ocrx_word' id='word_1_100' title='bbox 1247 800 1509 855; x_wconf 82' lang='lat' dir='ltr'><em>«acquirere</em></span> <span class='ocrx_word' id='word_1_101' title='bbox 1541 797 1648 841; x_wconf 89' lang='lat' dir='ltr'><em>bona</em></span> <span class='ocrx_word' id='word_1_102' title='bbox 1681 801 1785 840; x_wconf 90' lang='lat' dir='ltr'><em>tem·</em></span> 
     </span>
     <span class='ocr_line' id='line_1_12' title="bbox 164 867 1785 927; baseline -0.002 -13"><span class='ocrx_word' id='word_1_103' title='bbox 164 871 362 927; x_wconf 78' lang='lat' dir='ltr'><em>poralia»</em></span> <span class='ocrx_word' id='word_1_104' title='bbox 411 869 512 913; x_wconf 76' lang='lat' dir='ltr'><em>aliis</em></span> <span class='ocrx_word' id='word_1_105' title='bbox 557 872 742 926; x_wconf 89' lang='lat' dir='ltr'><em>personis</em></span> <span class='ocrx_word' id='word_1_106' title='bbox 787 869 966 926; x_wconf 67' lang='lat' dir='ltr'><em>physicis</em></span> <span class='ocrx_word' id='word_1_107' title='bbox 1008 882 1079 912; x_wconf 92' lang='lat' dir='ltr'><em>seu</em></span> <span class='ocrx_word' id='word_1_108' title='bbox 1125 868 1350 912; x_wconf 84' lang='lat' dir='ltr'><em>moralibus</em></span> <span class='ocrx_word' id='word_1_109' title='bbox 1395 872 1512 912; x_wconf 88' lang='lat' dir='ltr'><em>extra</em></span> <span class='ocrx_word' id='word_1_110' title='bbox 1557 867 1785 912; x_wconf 84' lang='lat' dir='ltr'><em>Ecclesiam</em></span> 
     </span>
     <span class='ocr_line' id='line_1_13' title="bbox 165 941 274 986; baseline 0.018 -2"><span class='ocrx_word' id='word_1_111' title='bbox 165 941 274 986; x_wconf 76' lang='lat' dir='ltr'><em>lieel.</em></span> 
     </span>
    </p>

    <p class='ocr_par' dir='ltr' id='par_1_4' title="bbox 159 1010 1788 1622">
     <span class='ocr_line' id='line_1_14' title="bbox 279 1010 1788 1068; baseline -0.002 -14"><span class='ocrx_word' id='word_1_112' title='bbox 279 1011 381 1056; x_wconf 91' lang='lat' dir='ltr'><em>Cum</em></span> <span class='ocrx_word' id='word_1_113' title='bbox 416 1014 532 1054; x_wconf 90' lang='lat' dir='ltr'><em>istius</em></span> <span class='ocrx_word' id='word_1_114' title='bbox 557 1011 804 1068; x_wconf 85' lang='lat' dir='ltr'><em>paragraphi</em></span> <span class='ocrx_word' id='word_1_115' title='bbox 841 1013 1139 1067; x_wconf 88' lang='lat' dir='ltr'><em>praescriptum</em></span> <span class='ocrx_word' id='word_1_116' title='bbox 1164 1012 1216 1053; x_wconf 90' lang='lat' dir='ltr'><em>sit</em></span> <span class='ocrx_word' id='word_1_117' title='bbox 1238 1010 1405 1067; x_wconf 82' lang='lat' dir='ltr'><em>sequela</em></span> <span class='ocrx_word' id='word_1_118' title='bbox 1430 1011 1663 1053; x_wconf 87' lang='lat' dir='ltr'><em>necessaria</em></span> <span class='ocrx_word' id='word_1_119' title='bbox 1688 1011 1788 1052; x_wconf 92' lang='lat' dir='ltr'><em>iuris</em></span> 
     </span>
     <span class='ocr_line' id='line_1_15' title="bbox 165 1081 1786 1138; baseline -0.002 -12"><span class='ocrx_word' id='word_1_120' title='bbox 165 1083 323 1126; x_wconf 85' lang='lat' dir='ltr'><em>fundati</em></span> <span class='ocrx_word' id='word_1_121' title='bbox 359 1085 397 1125; x_wconf 92' lang='lat' dir='ltr'><em>in</em></span> <span class='ocrx_word' id='word_1_122' title='bbox 434 1082 523 1138; x_wconf 83' lang='lat' dir='ltr'><em>lege</em></span> <span class='ocrx_word' id='word_1_123' title='bbox 556 1082 699 1125; x_wconf 88' lang='lat' dir='ltr'><em>divina</em></span> <span class='ocrx_word' id='word_1_124' title='bbox 732 1086 922 1125; x_wconf 88' lang='lat' dir='ltr'><em>naturam</em></span> <span class='ocrx_word' id='word_1_125' title='bbox 947 1081 1156 1124; x_wconf 76' lang='lat' dir='ltr'><em>Ecclesiae</em></span> <span class='ocrx_word' id='word_1_126' title='bbox 1181 1083 1409 1137; x_wconf 85' lang='lat' dir='ltr'><em>regulante,</em></span> <span class='ocrx_word' id='word_1_127' title='bbox 1434 1082 1622 1137; x_wconf 88' lang='lat' dir='ltr'><em>sequitur</em></span> <span class='ocrx_word' id='word_1_128' title='bbox 1644 1084 1786 1123; x_wconf 89' lang='lat' dir='ltr'><em>contra</em></span> 
     </span>
     <span class='ocr_line' id='line_1_16' title="bbox 163 1149 1788 1209; baseline -0.002 -13"><span class='ocrx_word' id='word_1_129' title='bbox 163 1154 262 1196; x_wconf 89' lang='lat' dir='ltr'><em>illud</em></span> <span class='ocrx_word' id='word_1_130' title='bbox 299 1156 515 1209; x_wconf 89' lang='lat' dir='ltr'><em>insurgere</em></span> <span class='ocrx_word' id='word_1_131' title='bbox 549 1166 627 1195; x_wconf 87' lang='lat' dir='ltr'><em>non</em></span> <span class='ocrx_word' id='word_1_132' title='bbox 664 1166 781 1209; x_wconf 89' lang='lat' dir='ltr'><em>posse</em></span> <span class='ocrx_word' id='word_1_133' title='bbox 814 1154 1102 1195; x_wconf 88' lang='lat' dir='ltr'><em>auctoritatem</em></span> <span class='ocrx_word' id='word_1_134' title='bbox 1138 1151 1326 1205; x_wconf 64' lang='lat' dir='ltr'><em>civilem,</em></span> <span class='ocrx_word' id='word_1_135' title='bbox 1361 1154 1400 1194; x_wconf 92' lang='lat' dir='ltr'><em>et</em></span> <span class='ocrx_word' id='word_1_136' title='bbox 1433 1153 1528 1208; x_wconf 91' lang='lat' dir='ltr'><em>quia</em></span> <span class='ocrx_word' id='word_1_137' title='bbox 1554 1149 1663 1193; x_wconf 89' lang='lat' dir='ltr'><em>illius</em></span> <span class='ocrx_word' id='word_1_138' title='bbox 1687 1152 1788 1193; x_wconf 89' lang='lat' dir='ltr'><em>iuris</em></span> 
     </span>
     <span class='ocr_line' id='line_1_17' title="bbox 165 1220 1787 1279; baseline -0.002 -13"><span class='ocrx_word' id='word_1_139' title='bbox 165 1226 333 1267; x_wconf 90' lang='lat' dir='ltr'><em>materia</em></span> <span class='ocrx_word' id='word_1_140' title='bbox 368 1228 429 1267; x_wconf 82' lang='lat' dir='ltr'><em>est</em></span> <span class='ocrx_word' id='word_1_141' title='bbox 463 1223 665 1267; x_wconf 90' lang='lat' dir='ltr'><em>bonorum</em></span> <span class='ocrx_word' id='word_1_142' title='bbox 700 1222 991 1279; x_wconf 88' lang='lat' dir='ltr'><em>temporalium</em></span> <span class='ocrx_word' id='word_1_143' title='bbox 1026 1222 1254 1265; x_wconf 89' lang='lat' dir='ltr'><em>dominium</em></span> <span class='ocrx_word' id='word_1_144' title='bbox 1290 1225 1481 1278; x_wconf 89' lang='lat' dir='ltr'><em>respectu</em></span> <span class='ocrx_word' id='word_1_145' title='bbox 1515 1223 1636 1264; x_wconf 90' lang='lat' dir='ltr'><em>unius</em></span> <span class='ocrx_word' id='word_1_146' title='bbox 1658 1221 1708 1264; x_wconf 88' lang='lat' dir='ltr'><em>ad</em></span> <span class='ocrx_word' id='word_1_147' title='bbox 1734 1220 1787 1264; x_wconf 89' lang='lat' dir='ltr'><em>al-</em></span> 
     </span>
     <span class='ocr_line' id='line_1_18' title="bbox 163 1293 1787 1351; baseline -0.003 -13"><span class='ocrx_word' id='word_1_148' title='bbox 163 1300 311 1345; x_wconf 83' lang='lat' dir='ltr'><em>terum,</em></span> <span class='ocrx_word' id='word_1_149' title='bbox 347 1294 603 1351; x_wconf 82' lang='lat' dir='ltr'><em>proindeque</em></span> <span class='ocrx_word' id='word_1_150' title='bbox 636 1296 803 1337; x_wconf 81' lang='lat' dir='ltr'><em>strictae</em></span> <span class='ocrx_word' id='word_1_151' title='bbox 838 1296 1015 1337; x_wconf 88' lang='lat' dir='ltr'><em>iustitiae</em></span> <span class='ocrx_word' id='word_1_152' title='bbox 1048 1306 1119 1336; x_wconf 89' lang='lat' dir='ltr'><em>seu</em></span> <span class='ocrx_word' id='word_1_153' title='bbox 1153 1294 1492 1347; x_wconf 86' lang='lat' dir='ltr'><em>commutativae,</em></span> <span class='ocrx_word' id='word_1_154' title='bbox 1515 1304 1640 1349; x_wconf 90' lang='lat' dir='ltr'><em>quam</em></span> <span class='ocrx_word' id='word_1_155' title='bbox 1675 1293 1787 1334; x_wconf 91' lang='lat' dir='ltr'><em>resti-</em></span> 
     </span>
     <span class='ocr_line' id='line_1_19' title="bbox 163 1363 1786 1421; baseline -0.002 -13"><span class='ocrx_word' id='word_1_156' title='bbox 163 1368 264 1409; x_wconf 90' lang='lat' dir='ltr'><em>tutio</em></span> <span class='ocrx_word' id='word_1_157' title='bbox 299 1367 531 1408; x_wconf 84' lang='lat' dir='ltr'><em>necessario</em></span> <span class='ocrx_word' id='word_1_158' title='bbox 565 1366 862 1420; x_wconf 83' lang='lat' dir='ltr'><em>committatur,</em></span> <span class='ocrx_word' id='word_1_159' title='bbox 895 1366 1082 1421; x_wconf 88' lang='lat' dir='ltr'><em>sequitur</em></span> <span class='ocrx_word' id='word_1_160' title='bbox 1115 1363 1464 1407; x_wconf 89' lang='lat' dir='ltr'><em>contradictiones</em></span> <span class='ocrx_word' id='word_1_161' title='bbox 1502 1365 1538 1404; x_wconf 90' lang='lat' dir='ltr'><em>vi</em></span> <span class='ocrx_word' id='word_1_162' title='bbox 1576 1363 1786 1418; x_wconf 87' lang='lat' dir='ltr'><em>potestatis</em></span> 
     </span>
     <span class='ocr_line' id='line_1_20' title="bbox 159 1430 1785 1489; baseline -0.002 -10"><span class='ocrx_word' id='word_1_163' title='bbox 159 1436 295 1480; x_wconf 84' lang='lat' dir='ltr'><em>civilis</em></span> <span class='ocrx_word' id='word_1_164' title='bbox 329 1438 456 1479; x_wconf 77' lang='lat' dir='ltr'><em>tactas</em></span> <span class='ocrx_word' id='word_1_165' title='bbox 489 1435 640 1478; x_wconf 88' lang='lat' dir='ltr'><em>nullius</em></span> <span class='ocrx_word' id='word_1_166' title='bbox 673 1434 832 1478; x_wconf 90' lang='lat' dir='ltr'><em>roboris</em></span> <span class='ocrx_word' id='word_1_167' title='bbox 876 1430 965 1478; x_wconf 89' lang='lat' dir='ltr'><em>esse</em></span> <span class='ocrx_word' id='word_1_168' title='bbox 1013 1448 1088 1478; x_wconf 90' lang='lat' dir='ltr'><em>nec</em></span> <span class='ocrx_word' id='word_1_169' title='bbox 1121 1434 1344 1488; x_wconf 87' lang='lat' dir='ltr'><em>efficaciae,</em></span> <span class='ocrx_word' id='word_1_170' title='bbox 1379 1437 1500 1489; x_wconf 91' lang='lat' dir='ltr'><em>prout</em></span> <span class='ocrx_word' id='word_1_171' title='bbox 1536 1435 1661 1476; x_wconf 90' lang='lat' dir='ltr'><em>etiam</em></span> <span class='ocrx_word' id='word_1_172' title='bbox 1694 1431 1785 1477; x_wconf 93' lang='lat' dir='ltr'><em>Cle-</em></span> 
     </span>
     <span class='ocr_line' id='line_1_21' title="bbox 163 1502 1784 1563; baseline -0.002 -13"><span class='ocrx_word' id='word_1_173' title='bbox 163 1521 277 1550; x_wconf 88' lang='lat' dir='ltr'><em>mens</em></span> <span class='ocrx_word' id='word_1_174' title='bbox 315 1506 412 1549; x_wconf 86' lang='lat' dir='ltr'><em>Xlll</em></span> <span class='ocrx_word' id='word_1_175' title='bbox 455 1506 686 1549; x_wconf 87' lang='lat' dir='ltr'><em>declaravit</em></span> <span class='ocrx_word' id='word_1_176' title='bbox 729 1509 768 1548; x_wconf 88' lang='lat' dir='ltr'><em>in</em></span> <span class='ocrx_word' id='word_1_177' title='bbox 810 1506 839 1563; x_wconf 63' lang='grc' dir='ltr'><strong>ξ</strong></span> <span class='ocrx_word' id='word_1_178' title='bbox 888 1507 927 1548; x_wconf 84' lang='grc'><em>11</em></span> <span class='ocrx_word' id='word_1_179' title='bbox 976 1517 1075 1548; x_wconf 90' lang='lat' dir='ltr'><em>suae</em></span> <span class='ocrx_word' id='word_1_180' title='bbox 1118 1509 1264 1548; x_wconf 80' lang='lat' dir='ltr'><em>const.⁵</em></span> <span class='ocrx_word' id='word_1_181' title='bbox 1306 1503 1464 1547; x_wconf 78' lang='lat' dir='ltr'><em>«Alias</em></span> <span class='ocrx_word' id='word_1_182' title='bbox 1510 1503 1561 1547; x_wconf 89' lang='lat' dir='ltr'><em>ad</em></span> <span class='ocrx_word' id='word_1_183' title='bbox 1611 1502 1784 1559; x_wconf 89' lang='lat' dir='ltr'><em>Aposto—</em></span> 
     </span>
     <span class='ocr_line' id='line_1_22' title="bbox 163 1578 958 1622; baseline -0.004 -2"><span class='ocrx_word' id='word_1_184' title='bbox 163 1578 268 1622; x_wconf 80' lang='lat' dir='ltr'><em>latus</em></span> <span class='ocrx_word' id='word_1_185' title='bbox 291 1594 311 1619; x_wconf 89' lang='grc'><em>))</em></span> <span class='ocrx_word' id='word_1_186' title='bbox 336 1578 362 1620; x_wconf 82' lang='lat'><em>¹.</em></span> <span class='ocrx_word' id='word_1_187' title='bbox 956 1594 958 1597; x_wconf 92' lang='lat'>·</span> 
     </span>
    </p>

    <p class='ocr_par' dir='ltr' id='par_1_5' title="bbox 158 1643 1788 2337">
     <span class='ocr_line' id='line_1_23' title="bbox 276 1643 1784 1705; baseline -0.003 -14"><span class='ocrx_word' id='word_1_188' title='bbox 276 1650 304 1705; x_wconf 57' lang='grc' dir='ltr'><strong>ξ</strong></span> <span class='ocrx_word' id='word_1_189' title='bbox 336 1651 379 1691; x_wconf 73' lang='grc'><em>2.</em></span> <span class='ocrx_word' id='word_1_190' title='bbox 415 1647 661 1691; x_wconf 72' lang='lat' dir='ltr'><em>Dominiwn</em></span> <span class='ocrx_word' id='word_1_191' title='bbox 683 1647 879 1690; x_wconf 60' lang='lat' dir='ltr'><em>{tonorum</em></span> <span class='ocrx_word' id='word_1_192' title='bbox 905 1646 1050 1703; x_wconf 85' lang='lat' dir='ltr'><em>supple</em></span> <span class='ocrx_word' id='word_1_193' title='bbox 1073 1645 1379 1702; x_wconf 73' lang='lat' dir='ltr'><em>temporalium,</em></span> <span class='ocrx_word' id='word_1_194' title='bbox 1404 1645 1514 1702; x_wconf 92' lang='lat' dir='ltr'><em>quod</em></span> <span class='ocrx_word' id='word_1_195' title='bbox 1539 1643 1784 1700; x_wconf 87' lang='lat' dir='ltr'><em>simpliciter</em></span> 
     </span>
     <span class='ocr_line' id='line_1_24' title="bbox 160 1717 1784 1775; baseline -0.002 -13"><span class='ocrx_word' id='word_1_196' title='bbox 160 1720 316 1763; x_wconf 89' lang='lat' dir='ltr'><em>dictum</em></span> <span class='ocrx_word' id='word_1_197' title='bbox 351 1723 411 1762; x_wconf 89' lang='lat' dir='ltr'><em>est</em></span> <span class='ocrx_word' id='word_1_198' title='bbox 445 1718 625 1775; x_wconf 79' lang='lat' dir='ltr'><em>plenum,</em></span> <span class='ocrx_word' id='word_1_199' title='bbox 658 1731 730 1761; x_wconf 89' lang='lat' dir='ltr'><em>seu</em></span> <span class='ocrx_word' id='word_1_200' title='bbox 765 1720 826 1760; x_wconf 93' lang='lat' dir='ltr'><em>ius</em></span> <span class='ocrx_word' id='word_1_201' title='bbox 862 1719 1124 1773; x_wconf 86' lang='lat' dir='ltr'><em>proprietatis</em></span> <span class='ocrx_word' id='word_1_202' title='bbox 1166 1717 1450 1759; x_wconf 86' lang='lat' dir='ltr'><em>secumferens</em></span> <span class='ocrx_word' id='word_1_203' title='bbox 1483 1717 1572 1758; x_wconf 91' lang='lat' dir='ltr'><em>iura</em></span> <span class='ocrx_word' id='word_1_204' title='bbox 1606 1728 1703 1758; x_wconf 84' lang='lat' dir='ltr'><em>usus</em></span> <span class='ocrx_word' id='word_1_205' title='bbox 1736 1727 1784 1758; x_wconf 89' lang='lat' dir='ltr'><em>ac</em></span> 
     </span>
     <span class='ocr_line' id='line_1_25' title="bbox 162 1786 1788 1845; baseline -0.004 -12"><span class='ocrx_word' id='word_1_206' title='bbox 162 1792 436 1845; x_wconf 83' lang='lat' dir='ltr'><em>ususfructus,</em></span> <span class='ocrx_word' id='word_1_207' title='bbox 470 1789 851 1840; x_wconf 86' lang='lat' dir='ltr'><em>administrationis,</em></span> <span class='ocrx_word' id='word_1_208' title='bbox 887 1787 1161 1841; x_wconf 86' lang='lat' dir='ltr'><em>alienationis,</em></span> <span class='ocrx_word' id='word_1_209' title='bbox 1194 1791 1288 1835; x_wconf 67' lang='lat' dir='ltr'><em>etc„</em></span> <span class='ocrx_word' id='word_1_210' title='bbox 1322 1786 1395 1829; x_wconf 81' lang='lat' dir='ltr'><em>sub</em></span> <span class='ocrx_word' id='word_1_211' title='bbox 1428 1799 1626 1843; x_wconf 73' lang='lat' dir='ltr'><em>suprema</em></span> <span class='ocrx_word' id='word_1_212' title='bbox 1649 1790 1788 1828; x_wconf 78' lang='lat' dir='ltr'><em>aucto-</em></span> 
     </span>
     <span class='ocr_line' id='line_1_26' title="bbox 160 1855 1785 1914; baseline -0.003 -12"><span class='ocrx_word' id='word_1_213' title='bbox 160 1860 290 1903; x_wconf 73' lang='lat' dir='ltr'><em>ritate</em></span> <span class='ocrx_word' id='word_1_214' title='bbox 322 1864 409 1903; x_wconf 92' lang='lat' dir='ltr'><em>tum</em></span> <span class='ocrx_word' id='word_1_215' title='bbox 443 1859 738 1902; x_wconf 90' lang='lat' dir='ltr'><em>iurisdictionis</em></span> <span class='ocrx_word' id='word_1_216' title='bbox 773 1858 976 1901; x_wconf 88' lang='lat' dir='ltr'><em>Primatus</em></span> <span class='ocrx_word' id='word_1_217' title='bbox 1009 1856 1134 1900; x_wconf 75' lang='lat' dir='ltr'><em>Sedis</em></span> <span class='ocrx_word' id='word_1_218' title='bbox 1166 1855 1448 1914; x_wconf 77' lang='lat' dir='ltr'><em>Apostolicae‚</em></span> <span class='ocrx_word' id='word_1_219' title='bbox 1483 1860 1570 1898; x_wconf 89' lang='lat' dir='ltr'><em>tum</em></span> <span class='ocrx_word' id='word_1_220' title='bbox 1609 1855 1785 1898; x_wconf 90' lang='lat' dir='ltr'><em>admini-</em></span> 
     </span>
     <span class='ocr_line' id='line_1_27' title="bbox 160 1924 1785 1985; baseline -0.004 -12"><span class='ocrx_word' id='word_1_221' title='bbox 160 1933 369 1974; x_wconf 90' lang='lat' dir='ltr'><em>strationis</em></span> <span class='ocrx_word' id='word_1_222' title='bbox 401 1929 519 1973; x_wconf 91' lang='lat' dir='ltr'><em>alteri</em></span> <span class='ocrx_word' id='word_1_223' title='bbox 563 1929 749 1972; x_wconf 87' lang='lat' dir='ltr'><em>adnexae</em></span> <span class='ocrx_word' id='word_1_224' title='bbox 790 1932 912 1985; x_wconf 82' lang='lat' dir='ltr'><em>atque</em></span> <span class='ocrx_word' id='word_1_225' title='bbox 956 1927 1196 1970; x_wconf 89' lang='lat' dir='ltr'><em>immediata</em></span> <span class='ocrx_word' id='word_1_226' title='bbox 1238 1939 1404 1984; x_wconf 90' lang='lat' dir='ltr'><em>quoque</em></span> <span class='ocrx_word' id='word_1_227' title='bbox 1446 1928 1485 1968; x_wconf 90' lang='lat' dir='ltr'><em>in</em></span> <span class='ocrx_word' id='word_1_228' title='bbox 1529 1924 1714 1981; x_wconf 88' lang='lat' dir='ltr'><em>singulas</em></span> <span class='ocrx_word' id='word_1_229' title='bbox 1747 1928 1785 1967; x_wconf 90' lang='lat' dir='ltr'><em>et</em></span> 
     </span>
     <span class='ocr_line' id='line_1_28' title="bbox 158 1995 1785 2057; baseline -0.004 -13"><span class='ocrx_word' id='word_1_230' title='bbox 158 2014 303 2044; x_wconf 90' lang='lat' dir='ltr'><em>omnes</em></span> <span class='ocrx_word' id='word_1_231' title='bbox 326 2013 523 2057; x_wconf 90' lang='lat' dir='ltr'><em>personas</em></span> <span class='ocrx_word' id='word_1_232' title='bbox 548 1999 740 2055; x_wconf 89' lang='lat' dir='ltr'><em>morales,</em></span> <span class='ocrx_word' id='word_1_233' title='bbox 764 1998 819 2042; x_wconf 82' lang='lat' dir='ltr'><em>ad</em></span> <span class='ocrx_word' id='word_1_234' title='bbox 842 2012 933 2041; x_wconf 77' lang='lat' dir='ltr'><em>eam</em></span> <span class='ocrx_word' id='word_1_235' title='bbox 954 1998 1138 2055; x_wconf 75' lang='lat' dir='ltr'><em>pertinet</em></span> <span class='ocrx_word' id='word_1_236' title='bbox 1165 1996 1368 2040; x_wconf 75' lang='lat' dir='ltr'><em>moralem</em></span> <span class='ocrx_word' id='word_1_237' title='bbox 1399 1998 1489 2040; x_wconf 89' lang='lat' dir='ltr'><em>sive</em></span> <span class='ocrx_word' id='word_1_238' title='bbox 1523 1995 1785 2052; x_wconf 88' lang='lat' dir='ltr'><em>collegialem</em></span> 
     </span>
     <span class='ocr_line' id='line_1_29' title="bbox 160 2066 1786 2128; baseline -0.004 -13"><span class='ocrx_word' id='word_1_239' title='bbox 160 2075 250 2116; x_wconf 88' lang='lat' dir='ltr'><em>sive</em></span> <span class='ocrx_word' id='word_1_240' title='bbox 293 2085 372 2115; x_wconf 92' lang='lat' dir='ltr'><em>uon</em></span> <span class='ocrx_word' id='word_1_241' title='bbox 414 2071 673 2127; x_wconf 89' lang='lat' dir='ltr'><em>collegialem</em></span> <span class='ocrx_word' id='word_1_242' title='bbox 710 2083 939 2128; x_wconf 66' lang='lat' dir='ltr'><em>personarit</em></span> <span class='ocrx_word' id='word_1_243' title='bbox 980 2068 1249 2125; x_wconf 88' lang='lat' dir='ltr'><em>singularem,</em></span> <span class='ocrx_word' id='word_1_244' title='bbox 1283 2081 1390 2125; x_wconf 80' lang='lat' dir='ltr'><em>quae</em></span> <span class='ocrx_word' id='word_1_245' title='bbox 1433 2080 1580 2124; x_wconf 87' lang='lat' dir='ltr'><em>perse</em></span> <span class='ocrx_word' id='word_1_246' title='bbox 1617 2066 1678 2109; x_wconf 88' lang='lat' dir='ltr'><em>vel</em></span> <span class='ocrx_word' id='word_1_247' title='bbox 1715 2079 1786 2122; x_wconf 91' lang='lat' dir='ltr'><em>per</em></span> 
     </span>
     <span class='ocr_line' id='line_1_30' title="bbox 159 2136 1785 2194; baseline -0.005 -8"><span class='ocrx_word' id='word_1_248' title='bbox 159 2156 283 2186; x_wconf 92' lang='lat' dir='ltr'><em>suum</em></span> <span class='ocrx_word' id='word_1_249' title='bbox 316 2142 692 2185; x_wconf 88' lang='lat' dir='ltr'><em>administratorem</em></span> <span class='ocrx_word' id='word_1_250' title='bbox 726 2139 869 2183; x_wconf 80' lang='lat' dir='ltr'><em>eadem</em></span> <span class='ocrx_word' id='word_1_251' title='bbox 904 2139 1009 2183; x_wconf 75' lang='lat' dir='ltr'><em>bona</em></span> <span class='ocrx_word' id='word_1_252' title='bbox 1046 2141 1161 2182; x_wconf 87' lang='lat' dir='ltr'><em>initio</em></span> <span class='ocrx_word' id='word_1_253' title='bbox 1204 2139 1418 2194; x_wconf 87' lang='lat' dir='ltr'><em>designata</em></span> <span class='ocrx_word' id='word_1_254' title='bbox 1453 2136 1639 2193; x_wconf 74' lang='lat' dir='ltr'><em>leqitime</em></span> <span class='ocrx_word' id='word_1_255' title='bbox 1671 2138 1785 2179; x_wconf 88' lang='lat' dir='ltr'><em>iuxta</em></span> 
     </span>
     <span class='ocr_line' id='line_1_31' title="bbox 158 2206 1784 2270; baseline -0.005 -14"><span class='ocrx_word' id='word_1_256' title='bbox 158 2213 187 2270; x_wconf 69' lang='grc' dir='ltr'>ξ</span> <span class='ocrx_word' id='word_1_257' title='bbox 221 2213 274 2255; x_wconf 72' lang='lat'><em>1¹1¹</em></span> <span class='ocrx_word' id='word_1_258' title='bbox 307 2218 346 2255; x_wconf 93' lang='lat' dir='ltr'><em>et</em></span> <span class='ocrx_word' id='word_1_259' title='bbox 380 2224 557 2267; x_wconf 87' lang='lat' dir='ltr'><em>normas,</em></span> <span class='ocrx_word' id='word_1_260' title='bbox 577 2224 683 2269; x_wconf 92' lang='lat' dir='ltr'><em>quae</em></span> <span class='ocrx_word' id='word_1_261' title='bbox 718 2210 861 2253; x_wconf 91' lang='lat' dir='ltr'><em>modos</em></span> <span class='ocrx_word' id='word_1_262' title='bbox 892 2210 1136 2267; x_wconf 89' lang='lat' dir='ltr'><em>acquirendi</em></span> <span class='ocrx_word' id='word_1_263' title='bbox 1170 2208 1450 2261; x_wconf 72' lang='lat' dir='ltr'><em>moderantur,</em></span> <span class='ocrx_word' id='word_1_264' title='bbox 1476 2220 1574 2250; x_wconf 91' lang='lat' dir='ltr'><em>vere</em></span> <span class='ocrx_word' id='word_1_265' title='bbox 1608 2206 1784 2264; x_wconf 65' lang='lat' dir='ltr'><em>aequisi-</em></span> 
     </span>
     <span class='ocr_line' id='line_1_32' title="bbox 161 2283 943 2337; baseline -0.001 -11"><span class='ocrx_word' id='word_1_266' title='bbox 161 2283 282 2336; x_wconf 70' lang='lat' dir='ltr'><em>verit,</em></span> <span class='ocrx_word' id='word_1_267' title='bbox 314 2285 473 2326; x_wconf 89' lang='lat' dir='ltr'><em>etiamsi</em></span> <span class='ocrx_word' id='word_1_268' title='bbox 509 2283 691 2325; x_wconf 92' lang='lat' dir='ltr'><em>nondum</em></span> <span class='ocrx_word' id='word_1_269' title='bbox 729 2283 943 2337; x_wconf 88' lang='lat' dir='ltr'><em>receperit.</em></span> 
     </span>
    </p>

    <p class='ocr_par' dir='ltr' id='par_1_6' title="bbox 159 2351 1788 2754">
     <span class='ocr_line' id='line_1_33' title="bbox 278 2351 1785 2408; baseline -0.004 -12"><span class='ocrx_word' id='word_1_270' title='bbox 278 2353 350 2396; x_wconf 88' lang='lat' dir='ltr'><em>Illa</em></span> <span class='ocrx_word' id='word_1_271' title='bbox 385 2353 680 2396; x_wconf 88' lang='lat' dir='ltr'><em>iurisdictionis</em></span> <span class='ocrx_word' id='word_1_272' title='bbox 712 2353 936 2395; x_wconf 90' lang='lat' dir='ltr'><em>auctoritas</em></span> <span class='ocrx_word' id='word_1_273' title='bbox 978 2363 1171 2408; x_wconf 90' lang='lat' dir='ltr'><em>suprema</em></span> <span class='ocrx_word' id='word_1_274' title='bbox 1214 2351 1451 2406; x_wconf 89' lang='lat' dir='ltr'><em>pertingere</em></span> <span class='ocrx_word' id='word_1_275' title='bbox 1491 2352 1621 2405; x_wconf 88' lang='lat' dir='ltr'><em>potest</em></span> <span class='ocrx_word' id='word_1_276' title='bbox 1655 2359 1785 2404; x_wconf 90' lang='lat' dir='ltr'><em>usque</em></span> 
     </span>
     <span class='ocr_line' id='line_1_34' title="bbox 160 2417 1785 2478; baseline -0.006 -10"><span class='ocrx_word' id='word_1_277' title='bbox 160 2425 212 2469; x_wconf 90' lang='lat' dir='ltr'><em>ad</em></span> <span class='ocrx_word' id='word_1_278' title='bbox 246 2425 418 2468; x_wconf 92' lang='lat' dir='ltr'><em>dominii</em></span> <span class='ocrx_word' id='word_1_279' title='bbox 452 2423 756 2467; x_wconf 89' lang='lat' dir='ltr'><em>abdicationem</em></span> <span class='ocrx_word' id='word_1_280' title='bbox 789 2426 990 2477; x_wconf 86' lang='lat' dir='ltr'><em>coactam,</em></span> <span class='ocrx_word' id='word_1_281' title='bbox 1025 2422 1267 2478; x_wconf 89' lang='lat' dir='ltr'><em>praesertim</em></span> <span class='ocrx_word' id='word_1_282' title='bbox 1292 2433 1387 2463; x_wconf 87' lang='lat' dir='ltr'><em>cum</em></span> <span class='ocrx_word' id='word_1_283' title='bbox 1422 2417 1640 2474; x_wconf 89' lang='lat' dir='ltr'><em>temporali</em></span> <span class='ocrx_word' id='word_1_284' title='bbox 1675 2430 1785 2461; x_wconf 91' lang='lat' dir='ltr'><em>com-</em></span> 
     </span>
     <span class='ocr_line' id='line_1_35' title="bbox 162 2487 1788 2551; baseline -0.005 -14"><span class='ocrx_word' id='word_1_285' title='bbox 162 2496 415 2551; x_wconf 84' lang='lat' dir='ltr'><em>pensatione,</em></span> <span class='ocrx_word' id='word_1_286' title='bbox 448 2505 495 2536; x_wconf 92' lang='lat' dir='ltr'><em>ac</em></span> <span class='ocrx_word' id='word_1_287' title='bbox 527 2495 650 2536; x_wconf 90' lang='lat' dir='ltr'><em>etiam</em></span> <span class='ocrx_word' id='word_1_288' title='bbox 684 2494 772 2535; x_wconf 91' lang='lat' dir='ltr'><em>sine</em></span> <span class='ocrx_word' id='word_1_289' title='bbox 804 2490 894 2546; x_wconf 92' lang='lat' dir='ltr'><em>hac,</em></span> <span class='ocrx_word' id='word_1_290' title='bbox 919 2490 1146 2534; x_wconf 90' lang='lat' dir='ltr'><em>dummodo</em></span> <span class='ocrx_word' id='word_1_291' title='bbox 1170 2492 1224 2532; x_wconf 91' lang='lat' dir='ltr'><em>ita</em></span> <span class='ocrx_word' id='word_1_292' title='bbox 1247 2491 1298 2532; x_wconf 92' lang='lat' dir='ltr'><em>sit</em></span> <span class='ocrx_word' id='word_1_293' title='bbox 1322 2490 1604 2532; x_wconf 88' lang='lat' dir='ltr'><em>necessarium</em></span> <span class='ocrx_word' id='word_1_294' title='bbox 1629 2487 1680 2530; x_wconf 91' lang='lat' dir='ltr'><em>ad</em></span> <span class='ocrx_word' id='word_1_295' title='bbox 1705 2488 1788 2530; x_wconf 91' lang='lat' dir='ltr'><em>ani-</em></span> 
     </span>
     <span class='ocr_line' id='line_1_36' title="bbox 163 2557 1783 2621; baseline -0.006 -13"><span class='ocrx_word' id='word_1_296' title='bbox 163 2576 326 2608; x_wconf 89' lang='lat' dir='ltr'><em>marum</em></span> <span class='ocrx_word' id='word_1_297' title='bbox 358 2563 548 2618; x_wconf 91' lang='lat' dir='ltr'><em>salutem,</em></span> <span class='ocrx_word' id='word_1_298' title='bbox 572 2565 644 2621; x_wconf 90' lang='lat' dir='ltr'><em>qui</em></span> <span class='ocrx_word' id='word_1_299' title='bbox 668 2566 729 2606; x_wconf 90' lang='lat' dir='ltr'><em>est</em></span> <span class='ocrx_word' id='word_1_300' title='bbox 752 2563 943 2618; x_wconf 89' lang='lat' dir='ltr'><em>proprius</em></span> <span class='ocrx_word' id='word_1_301' title='bbox 965 2562 1058 2604; x_wconf 83' lang='lat' dir='ltr'><em>finis</em></span> <span class='ocrx_word' id='word_1_302' title='bbox 1081 2563 1266 2604; x_wconf 90' lang='lat' dir='ltr'><em>omnium</em></span> <span class='ocrx_word' id='word_1_303' title='bbox 1292 2558 1503 2602; x_wconf 87' lang='lat' dir='ltr'><em>Ecclesiae</em></span> <span class='ocrx_word' id='word_1_304' title='bbox 1538 2557 1783 2600; x_wconf 90' lang='lat' dir='ltr'><em>mediorum.</em></span> 
     </span>
     <span class='ocr_line' id='line_1_37' title="bbox 159 2627 1784 2691; baseline -0.006 -12"><span class='ocrx_word' id='word_1_305' title='bbox 159 2635 225 2679; x_wconf 87' lang='lat' dir='ltr'><em>Sic</em></span> <span class='ocrx_word' id='word_1_306' title='bbox 260 2634 459 2691; x_wconf 85' lang='lat' dir='ltr'><em>explicari</em></span> <span class='ocrx_word' id='word_1_307' title='bbox 496 2638 664 2690; x_wconf 89' lang='lat' dir='ltr'><em>possunt</em></span> <span class='ocrx_word' id='word_1_308' title='bbox 697 2634 1033 2688; x_wconf 87' lang='lat' dir='ltr'><em>compositiones,</em></span> <span class='ocrx_word' id='word_1_309' title='bbox 1066 2643 1171 2688; x_wconf 90' lang='lat' dir='ltr'><em>quae</em></span> <span class='ocrx_word' id='word_1_310' title='bbox 1214 2643 1236 2674; x_wconf 93' lang='lat' dir='ltr'><em>a</em></span> <span class='ocrx_word' id='word_1_311' title='bbox 1279 2629 1384 2673; x_wconf 85' lang='lat' dir='ltr'><em>Sede</em></span> <span class='ocrx_word' id='word_1_312' title='bbox 1418 2627 1654 2685; x_wconf 87' lang='lat' dir='ltr'><em>Apostolica</em></span> <span class='ocrx_word' id='word_1_313' title='bbox 1689 2640 1784 2670; x_wconf 89' lang='lat' dir='ltr'><em>con-</em></span> 
     </span>
     <span class='ocr_line' id='line_1_38' title="bbox 159 2693 1783 2754; baseline -0.006 -5"><span class='ocrx_word' id='word_1_314' title='bbox 159 2706 366 2750; x_wconf 88' lang='lat' dir='ltr'><em>ceduntur</em></span> <span class='ocrx_word' id='word_1_315' title='bbox 409 2707 449 2747; x_wconf 92' lang='lat' dir='ltr'><em>in</em></span> <span class='ocrx_word' id='word_1_316' title='bbox 493 2705 671 2748; x_wconf 90' lang='lat' dir='ltr'><em>diversis</em></span> <span class='ocrx_word' id='word_1_317' title='bbox 711 2693 1048 2746; x_wconf 86' lang='lat' dir='ltr'><em>circumstantiis.</em></span> <span class='ocrx_word' id='word_1_318' title='bbox 1083 2727 1139 2732; x_wconf 87' lang='lat'>—</span> <span class='ocrx_word' id='word_1_319' title='bbox 1171 2701 1407 2744; x_wconf 89' lang='lat' dir='ltr'><em>Auctoritas</em></span> <span class='ocrx_word' id='word_1_320' title='bbox 1448 2711 1545 2742; x_wconf 91' lang='lat' dir='ltr'><em>vero</em></span> <span class='ocrx_word' id='word_1_321' title='bbox 1589 2710 1783 2754; x_wconf 90' lang='lat' dir='ltr'><em>suprema</em></span> 
     </span>
    </p>
   </div>
   <div class='ocr_carea' id='block_1_4' title="bbox 280 2855 608 2890">
    <p class='ocr_par' dir='ltr' id='par_1_7' title="bbox 280 2855 608 2890">
     <span class='ocr_line' id='line_1_39' title="bbox 280 2855 608 2890; baseline -0.003 0"><span class='ocrx_word' id='word_1_322' title='bbox 280 2858 291 2879; x_wconf 83' lang='lat'><strong>1</strong></span> <span class='ocrx_word' id='word_1_323' title='bbox 317 2857 364 2890; x_wconf 83' lang='lat'><em>30</em></span> <span class='ocrx_word' id='word_1_324' title='bbox 389 2856 472 2890; x_wconf 82' lang='lat' dir='ltr'><em>Ian.</em></span> <span class='ocrx_word' id='word_1_325' title='bbox 505 2855 608 2890; x_wconf 75' lang='lat'>1768.</span> 
     </span>
    </p>
   </div>
   <div class='ocr_carea' id='block_1_5' title="bbox 1847 0 1965 3240">
    <p class='ocr_par' dir='ltr' id='par_1_8' title="bbox 1847 0 1965 3240">
     <span class='ocr_line' id='line_1_40' title="bbox 1847 0 1965 3240; baseline 0 0"><span class='ocrx_word' id='word_1_326' title='bbox 1847 0 1965 3240; x_wconf 95' lang='lat' dir='ltr'><em> </em></span> 
     </span>
    </p>
   </div>
  </div>
 </body>
</html>
