1965 3240
485 149 569 183 TJT.
598 149 723 182 XXV.
754 169 765 174 -
793 149 848 184 De
873 149 1064 193 benefieiis
1089 151 1354 184 ecclesiasticis
1666 151 1735 185 457

105 269 129 321 g
159 268 201 310 3
237 266 283 310 St
315 266 489 310 eeclesza
523 267 712 326 collapsa
752 266 885 325 faerit
930 266 990 310 tel
1032 269 1284 311 necessariis
1329 268 1520 326 777717776771
1552 283 1727 327 767777777-

106 335 302 391 17“.”,0777ὂ773
335 343 408 380 atet
441 338 479 380 si
512 337 672 381 reditas
720 337 950 391 defecerint
984 337 1040 381 ad
1078 352 1154 381 no7
1159 354 1264 381 77777777
1304 344 1328 393 5·
1363 343 1397 394 1,
1431 355 1502 383 7777.
1533 343 1565 383 3
1596 341 1730 398 quoad

107 409 283 463 primum
320 407 563 464 17777767771776,
597 410 629 451 3
660 409 769 467 quod
804 409 995 462 alterum,
1030 409 1095 452 7773
1124 416 1380 467 patronatus
1414 411 1645 455 nonsolum
1672 426 1733 455 re—

106 478 230 522 lative
269 494 289 520 (7
313 492 363 522 ex
397 479 516 522 titulo
549 480 850 524 aedificationis
873 496 893 521 77
932 485 1004 523 3777
1043 496 1062 521 7(
1087 494 1134 523 ex
1173 481 1289 524 titulo
1328 482 1623 538 donationis»,
1658 483 1728 526 3671

105 553 328 607 utrumque
361 562 409 593 ac
442 553 607 593 tertium
657 565 705 594 ex
756 551 873 612 titulo
922 551 1173 594 tundationis
1222 552 1388 595 interim
1439 553 1627 610 7777763671,
1660 567 1732 597 3677

105 619 213 663 7117773
245 622 491 664 exercitium
528 634 606 664 non
641 621 948 679 1731767777,7777777
983 624 1045 665 7773
1079 622 1178 665 7117771
1220 629 1375 680 7767637.

212 690 286 734 ,lus
320 693 453 748 ipsum
489 695 656 749 respicit
689 693 707 747 ξ
737 694 769 736 3
799 695 858 737 376
890 698 1087 737 3737776773.
1137 694 1373 737 Secundum
1421 708 1504 751 reg.
1543 695 1596 738 ‘235
1631 698 1733 739 iuris

103 763 139 803 in
177 762 244 804 6⁰:
285 760 439 805 «Mora
473 775 545 806 3773
590 763 760 807 cuilibet
803 768 863 808 est
896 766 1045 808 nociva
1070 780 1109 808 )).
1154 764 1258 808 Hinc
1304 765 1340 807 si
1366 770 1574 822 patronas
1606 766 1647 823 a)
1682 780 1731 810 ex

102 831 218 875 titulo
251 832 552 877 aedificationis
584 839 653 878 aut
688 834 730 891 b)
765 849 813 878 ex
849 835 966 879 titulo
1000 835 1236 890 dotationis,
1269 840 1393 893 atque
1418 841 1575 892 potens,
1614 856 1628 875 «
1653 851 1731 880 non

100 904 211 945 enim
243 907 303 946 est
337 905 374 946 in
411 916 539 957 mora,
572 907 641 962 qui
678 910 809 961 potest
841 908 1087 962 exceptione
1123 905 1303 962 legitima
1338 920 1381 949 36
1414 909 1578 961 tueri»,
1613 912 1652 950 777
1677 910 1732 950 377

101 986 184 1030 reg.
214 974 274 1028 ,60
309 976 409 1017 iuris
441 977 479 1017 in
516 976 589 1029 770,
623 989 717 1019 cum
753 989 884 1020 canon
919 976 1051 1020 dicat:
1086 977 1203 1019 intra
1239 982 1398 1034 tempas
1421 977 1470 1019 ab
1498 977 1731 1021 ordinario

98 1043 170 1086 sub
200 1057 337 1101 poena
371 1045 620 1088 cessationis
648 1052 904 1104 patronatus
937 1048 1130 1104 equidem
1150 1048 1202 1091 ob
1222 1050 1594 1104 transgressionem
1620 1048 1651 1105 §¹
1682 1049 1731 1103 li,

95 1115 444 1172 praefiniendmn,
471 1116 538 1161 ille
560 1117 637 1161 sub
661 1118 701 1175 a)
725 1117 942 1161 eeclesiam
964 1118 1099 1162 71677770
1123 1118 1410 1175 aedificaverit
1432 1119 1496 1162 7761
1517 1125 1731 1163 restaura-

100 1186 204 1229 reri!
239 1200 310 1243 pro
343 1200 439 1231 63377
475 1188 675 1232 alterutro
710 1195 783 1232 77771
817 1189 883 1233 1776
916 1189 992 1233 sub
1027 1189 1161 1233 littera
1187 1189 1227 1246 b)
1251 1189 1413 1233 767171773
1436 1203 1546 1234 7777776
1569 1190 1731 1234 1731777773

98 1257 281 1311 (77776771,
316 1266 396 1301 77770
433 1259 561 1302 verbo
594 1272 711 1303 suam
737 1274 787 1303 ex
813 1273 970 1304 canone
994 1260 1290 1317 obligationem
1325 1261 1631 1318 adimpleverit,
1664 1262 1730 1304 7773

95 1332 354 1383 patronatus
402 1330 511 1386 quod
563 1330 805 1387 quiescebat
851 1331 1072 1389 reviyeseit
1120 1333 1206 1388 ipso
1240 1334 1345 1375 t'acto
1379 1332 1516 1389 quoad
1566 1335 1725 1376 exerci-

97 1400 213 1453 tium,
247 1412 376 1455 366773,
396 1413 467 1443 3677
504 1413 581 1444 77077
616 1401 841 1457 adimpleta
874 1402 1112 1445 conditione
1154 1402 1264 1445 dicta
1299 1415 1371 1458 per
1406 1407 1623 1459 patronum
1658 1416 1727 1459 po-

96 1473 263 1518 tentem,
298 1470 389 1528 ipso
424 1471 515 1514 77776
547 1477 586 1514 et
619 1473 710 1515 sine
744 1472 831 1515 atla
865 1472 1156 1516 declaratione
1205 1478 1294 1529 post
1347 1478 1588 1530 «tempus»
1627 1474 1724 1517 illud

95 1544 346 1584 transactum
383 1547 528 1584 6633771.

214 1610 311 1654 374.
357 1614 513 1658 Casus
562 1615 880 1661 extinctionis
926 1617 1043 1661 iuris
1091 1619 1385 1672 patronatus
1435 1614 1553 1672 plene
1602 1616 1727 1659 tradit

94 1695 183 1726 67777
219 1683 351 1727 1470
390 1709 439 1712 —
475 1683 502 1741 ,ξ
536 1687 570 1726 1
612 1683 786 1728 P7··aete7
819 1699 961 1728 677377777
994 1686 1129 1743 quoad
1155 1686 1393 1742 singular'e
1386 1699 1447 1729 ius
1470 1691 1723 1743 77377777737773,

93 1751 143 1794 ite
175 1765 254 1810 qao
286 1752 330 1795 in
364 1755 628 1802 67777.1469
664 1755 692 1813 ξ
722 1757 754 1799 3
787 1759 866 1799 73777
902 1756 1128 1811 declarato,
1154 1757 1496 1814 7773777717077771773
1521 1770 1593 1813 77777
1617 1760 1723 1801 67773-

92 1823 185 1866 dem
220 1823 555 1869 distinctionibus
587 1826 887 1884 eoetinqattat:

211 1894 251 1937 1⁰
285 1894 331 1938 Si
351 1901 559 1953 patronas
591 1897 768 1955 quilibet
801 1898 889 1941 77777
911 1912 985 1942 3770
1009 1898 1333 1954 renuntiaverit,
1369 1912 1476 1957 quae
1511 1903 1724 1944 renuncia·

92 1966 146 2007 tio
180 1967 218 2007 777
253 1966 341 2009 foro
374 1971 546 2010 externo
580 1972 754 2022 constet,
786 1972 979 2026 quamvis
1014 1983 1092 2012 non
1126 1972 1362 2027 requiratur
1396 1970 1504 2013 7117773
1532 1976 1722 2026 36667773-

92 2037 174 2089 tio;
209 2036 299 2079 67773
324 2042 461 2080 tamen
484 2039 750 2083 renunciatio
774 2054 825 2082 ex
847 2040 1012 2097 77716970
1036 2040 1129 2096 lieri
1149 2047 1286 2098 potest
1310 2041 1444 2098 quoad
1476 2055 1719 2086 «summam

93 2105 406 2163 privilegiorum
434 2124 453 2149 7)
491 2110 583 2163 (6377
622 2110 748 2166 1448)
772 2115 810 2153 67
845 2116 1148 2169 consequenter
1181 2125 1369 2166 onerum,
1403 2118 1476 2154 77771
1514 2126 1565 2155 ea·
1594 2120 1722 2170 parte

90 2178 200 2220 67763
235 2177 303 2221 7113
337 2179 587 2236 privilegia,
623 2194 849 2238 7777777777777777
873 2188 1126 2240 «776707701631
1165 2188 1406 2239 «patronus
1429 2200 1450 2224 ))
1488 2197 1536 2227 ex
1573 2198 1653 2227 uno
1678 2187 1720 2227 ti-

91 2246 174 2290 tulo
208 2247 308 2291 aliis
341 2251 624 2307 eompatronis
668 2265 716 2295 677
762 2252 908 2296 eodem
954 2253 1017 2297 vel
1052 2254 1233 2309 diverSO,
1268 2254 1305 2296 37
1349 2254 1421 2311 qai
1462 2254 1547 2297 37771
1581 2255 1646 2298 1776
1680 2261 1719 2298 67

90 2331 210 2373 7777776,
245 2318 443 2363 (laninam
467 2321 785 2378 privilegiorum
810 2323 966 2381 afferre
988 2324 1040 2368 ob
1065 2325 1318 2381 praedictam
1345 2328 1715 2369 renunciationem.

207 2389 273 2434 lus
306 2395 545 2447 patronatus
577 2395 708 2437 oritur
746 2407 839 2437 «ex
865 2394 1076 2439 Ecclesiae
1099 2398 1405 2439 concessione»
1435 2395 1542 2452 (6377.
1572 2397 1715 2453 1148).

89 2459 137 2503 Ε7
171 2460 312 2517 regula
347 2464 446 2506 iuris
483 2463 498 2505 1
537 2469 598 2507 est
622 2464 663 2508 ¹:
704 2462 896 2509 «Omnis
946 2480 1010 2509 763
1045 2480 1117 2523 7767·
1150 2479 1435 2524 77773367777777776
1468 2480 1613 2511 causas
1647 2481 1717 2511 na—

87 2533 227 2587 scitur,
245 2545 317 2588 per
339 2534 506 2577 easdem
531 2534 832 2579 dissolvitur».
857 2536 963 2581 Η7776
989 2538 1155 2594 7770717777
1178 2537 1239 2581 ⁶3⁰.
1266 2537 1311 2581 Si
1335 2538 1491 2581 Sancta
1516 2538 1641 2581 Sedes
1665 2540 1713 2581 371

88 2615 275 2646 normam
309 2617 398 2649 can.
434 2605 456 2648 7
493 2605 558 2648 7773
578 2612 835 2663 patronatus
862 2607 938 2652 1706
964 2609 1027 2652 vel
1055 2605 1165 2652 illud'
1182 2609 1243 2652 vel
1271 2609 1336 2652 illa
1362 2610 1617 2652 revocaverit
1642 2616 1715 2652 77777

88 2673 222 2731 ipsam
245 2674 462 2718 ecclesiam
486 2681 740 2732 patronatam
779 2678 839 2721 rel
871 2678 952 2723 tale
985 2679 1222 2736 beneficiam
1257 2694 1329 2736 pro
1364 2680 1472 2723 illius
1502 2685 1714 2736 potestate,

84 2745 154 2788 sed
188 2751 390 2803 perpetuo
422 2748 718 2804 suppresserit.
753 2748 865 2793 Tunc
899 2752 1008 2793 enim
1043 2751 1182 2794 delicit
1217 2750 1423 2794 obiectum
1457 2751 1565 2794 illius
1599 2753 1711 2794 iuris.

204 2898 212 2919 ¹
241 2897 509 2933 Decretalium
536 2899 620 2934 Lib.
652 2900 696 2934 V.
726 2901 788 2937 tit.
816 2901 921 2943 XLI,
951 2914 1032 2948 cap.
1066 2905 1095 2938 1.
1126 2905 1171 2938 X.
