1965 3240
140 128 207 162 494
325 128 411 162 Lm.
438 128 512 162 111.
541 148 552 153 -
579 128 690 163 PARS
714 128 783 163 VI.
810 149 824 154 -
849 129 906 164 De
930 130 1041 164 bonis
1066 129 1259 164 Ecclesiae
1283 130 1562 173 temporalibus

135 257 193 282 sae
219 246 360 286 fuerint,
389 246 531 282 heredes
564 251 773 282 moneantur
798 252 835 282 ut
861 252 905 283 te-

134 294 274 329 statoris
301 293 515 329 voluntatem
540 293 771 340 adimpleant.

181 338 264 376 CAN.
292 339 395 376 1514.
426 362 443 366 -
475 339 676 377 Voluntates
688 340 845 377 fidelium
861 341 908 377 fa-

132 386 277 423 cultates
302 398 383 423 suas
401 387 438 422 in
458 387 532 434 pias
550 398 673 424 causas
699 388 908 424 donantium

132 434 185 470 vel
210 434 469 480 reliquentium,
496 434 568 471 sive
595 446 654 481 per
681 440 799 471 actum
818 435 909 471 inter

132 481 240 522 vivos,
269 482 342 517 sive
367 492 427 528 per
445 486 562 518 actum
583 482 703 518 mortis
721 493 838 523 causa,
855 483 907 518 di-

132 528 362 573 ligentissime
379 529 594 575 impleantur
608 529 714 566 etiam
728 530 822 566 circa
836 541 907 565 mo-

130 575 215 611 dum
255 575 574 612 administrationis
620 581 654 612 et
695 577 908 622 erogationis

131 622 316 666 bonorum,
343 623 438 659 salvo
465 625 676 671 praescripto
701 635 781 660 can.
807 623 907 665 1515,

130 673 150 712 ξ
176 670 208 706 3.

179 715 385 762 emifflfs.
412 738 429 743 -
457 722 476 760 ξ
498 718 528 752 1.
551 717 730 754 Ordinarii
746 718 906 754 omnium

131 764 268 810 piarum
295 765 514 800 voluntatum
552 770 624 801 tam
654 766 776 801 mortis
801 777 906 801 causa

129 822 235 857 quam
262 812 353 847 inter
379 812 473 848 vivos
499 817 713 849 exsecutores
744 818 839 848 sunt.

1024 251 1043 289 ξ
1070 247 1103 282 2.
1132 245 1203 282 Hoc
1228 258 1269 283 ex
1295 258 1370 284 iure
1402 247 1584 292 Ordinarii
1612 247 1759 294 vigilare

984 298 1140 340 possunt,
1168 304 1209 329 ac
1234 294 1376 337 debent,
1415 295 1521 331 etiam
1559 307 1619 343 per
1644 296 1760 332 visita-

981 342 1124 382 tionem,
1151 345 1188 377 ut
1214 341 1291 387 piae
1317 343 1514 378 voluntates
1532 343 1762 390 impleantur,

981 393 1014 424 et
1038 388 1096 424 alii
1123 393 1340 425 exsecutores
1365 389 1509 434 delegati
1525 390 1664 432 debent,
1687 401 1760 437 per-

983 435 1091 471 functi
1119 446 1275 478 munere,
1301 436 1371 472 illis
1395 437 1538 473 reddere
1568 438 1753 474 rationem.

1028 481 1106 529 §3.
1144 482 1329 520 Clausulae
1366 483 1449 519 huic
1486 482 1756 521 Ordinariorum

982 529 1046 565 iuri
1089 531 1297 575 contrariae,
1341 531 1474 566 ultimis
1516 532 1756 567 voluntatibus

980 577 1145 618 adiectae,
1186 582 1356 624 tanquam
1394 589 1466 614 non
1491 579 1670 625 appositae
1696 580 1756 615 ha-

981 624 1142 660 beantur.

1028 670 1111 707 CAN.
1140 670 1240 707 1516.
1270 693 1312 698 —
1341 677 1361 715 ἓ
1389 672 1419 707 1.
1447 671 1601 709 Clericus
1627 673 1679 709 vel
1705 684 1758 709 re-

980 718 1123 763 ligiosus
1148 719 1206 765 qui
1235 719 1325 755 bona
1349 720 1394 755 ad
1432 720 1508 767 pias
1537 731 1660 756 causas
1685 720 1758 757 sive

980 777 1041 812 per
1065 771 1182 801 actum
1221 767 1312 802 inter
1345 767 1453 809 vivos,
1491 767 1564 803 sive
1588 778 1627 803 ex
1653 772 1756 803 testa-

981 817 1098 849 mento
1125 813 1304 849 fiduciarie
1327 815 1473 861 accepit,
1506 814 1608 850 debet
1633 815 1676 851 de
1694 827 1757 851 sua

753 975 795 978 —
823 953 859 988 iu
886 964 1011 999 genere
1036 959 1069 989 et
1094 954 1221 1000 quibus
1248 955 1359 991 modis
1551 955 1636 993 Can.
1669 955 1754 992 1499

458 1022 498 1025 -—
529 1011 588 1047 per
607 1011 712 1046 quam

482 1058 664 1094 personam
692 1069 795 1155 —l—
823 1047 932 1083 diviso
958 1048 1132 1084 territorio
1596 1065 1610 1084 ι)
1667 1049 1755 1086 1500

753 1164 795 1167 —
821 1142 974 1178 extincto
999 1142 1154 1178 subiecto
1179 1143 1382 1180 immediato
1594 1159 1608 1178 »
1665 1143 1751 1181 1501

977 1259 1019 1262 —
1042 1237 1256 1273 decimarum
1296 1243 1329 1274 et
1372 1239 1541 1285 primitia-

753 1303 795 1310 -—-
814 1295 835 1319 a
854 1284 936 1319 fide·
999 1296 1076 1320 rum
1594 1301 1609 1320 »
1666 1286 1753 1323 1502

774 1331 866 1366 libus
917 1353 957 1356 —-

970 1401 1018 1407 v—
1046 1379 1256 1425 quandoque
1289 1380 1389 1426 stipis
1419 1382 1541 1417 volun-

997 1428 1105 1462 tariae
1588 1443 1602 1462 »
1659 1428 1747 1465 1503

454 1493 495 1497 —
528 1483 587 1518 per
617 1472 709 1508 solu-

475 1520 606 1555 tionem
689 1520 931 1555 ——tributi
976 1541 1018 1546 ——
1046 1521 1081 1555 in
1112 1521 1253 1566 signum
1287 1522 1514 1559 subiectionis
1590 1538 1605 1555 »
1663 1522 1750 1560 1504

768 1578 933 1650 ἓὶερθῐῗὲ-
974 1636 1016 1639 -
1055 1615 1224 1651 ordinarii
1267 1622 1300 1652 et
1340 1618 1535 1653 extraordi-

133 1705 267 1741 Titums
283 1706 405 1742 xxv„
770 1661 954 1697 ralibus—
998 1663 1086 1697 narii
1587 1680 1602 1698 »
1661 1664 1748 1702 1505

122 1752 169 1806 De
185 1735 419 1807 boni-secelej·
965 1770 1013 1781 ·—
1043 1757 1193 1803 impositi
1217 1758 1367 1803 quodam
1395 1759 1430 1793 in
1457 1764 1536 1795 actu
1589 1774 1603 1792 »
1662 1758 1748 1796 1506

143 1806 416 1847 stastimsacqui—

143 1848 262 1883 rendis
391 1870 433 1873 —
741 1845 788 1878 ἰ-
815 1855 974 1886 taxarum
1587 1868 1602 1887 ι)
1660 1853 1749 1890 1507

748 1965 788 1969 -
814 1945 857 1979 ad
884 1956 1026 1980 normas
1053 1945 1282 1990 legislationis
1308 1947 1420 1982 civilis
1588 1962 1602 1981 ›>
1659 1947 1747 1984 1508

747 2058 789 2065 -
815 2039 870 2074 cui
895 2039 1045 2075 obnoxia
1063 2051 1133 2076 non
1151 2045 1234 2075 sunt
1251 2042 1423 2087 quaedam
1441 2042 1533 2079 bona
1586 2057 1600 2075 »
1656 2038 1745 2078 1509

451 2106 494 2110 -
518 2086 708 2132 praescrip·
1295 2105 1298 2108 ⁴

472 2133 566 2168 tione
684 2154 728 2158 —
745 2153 788 2158 —
815 2133 842 2167 si
868 2133 928 2168 illa
954 2134 1026 2168 sint
1051 2145 1149 2169 sacra
1581 2151 1595 2169 »
1652 2135 1740 2172 1510

745 2248 788 2253 ——
814 2238 893 2263 cum
920 2228 1151 2273 quorumdam
1179 2229 1290 2275 spatio
1314 2241 1488 2266 annorum
1580 2245 1595 2264 ι)
1653 2230 1736 2266 1511

744 2343 788 2346 -
813 2332 902 2368 quae
929 2321 1019 2357 bona
1046 2322 1111 2358 fide
1137 2334 1274 2368 semper
1300 2324 1432 2359 nitatur
1582 2339 1596 2358 »
1656 2325 1744 2361 1512

746 2437 788 2441 —
814 2416 1047 2462 quarumdam
1076 2427 1302 2463 personarum
1583 2433 1598 2451 »
1656 2417 1743 2454 1513

448 2483 489 2487 —-
510 2473 569 2508 per
586 2467 703 2498 actum

471 2509 560 2545 inter
601 2510 703 2562 'vivos
743 2530 786 2536 —-
812 2509 960 2545 fideliter
984 2510 1254 2556 adimplendum
1583 2526 1598 2545 »
1655 2511 1744 2549 1514

506 2562 671 2593 mortisve

469 2615 573 2639 causa
682 2625 724 2629 —
743 2623 786 2630 —
811 2603 856 2639 ab
883 2602 1082 2640 Ordinariis
1106 2606 1367 2651 exsequendum
1580 2621 1595 2640 »
1654 2606 1742 2643 1515

743 2718 785 2723 —-
813 2697 989 2734 fiduciarie
1017 2699 1133 2735 forsan
1163 2703 1352 2745 acceptum
1580 2715 1595 2734 »
1654 2700 1741 2738 1510

741 2813 784 2817 —
812 2792 1016 2828 mutabilem
1038 2804 1059 2828 a
1080 2792 1170 2829 Sede
1192 2794 1389 2840 Apostolica
1412 2799 1445 2831 et
1463 2795 1530 2831 sub

762 2839 1021 2875 conditionibus
1047 2840 1091 2875 ab
1118 2838 1307 2876 Ordinario
1578 2855 1594 2875 ›>
1653 2841 1739 2878 1517
