1965 3240
79 83 148 117 226
457 83 540 117 LIB.
566 83 636 117 ΙΙΙ.
664 103 677 108 -
703 83 813 117 PARS
839 82 908 117 ΙΙΙ.
936 103 948 108 -
975 83 1032 117 De
1057 84 1168 117 cultu
1192 83 1328 117 divino

86 201 199 259 Opus
234 207 322 245 eolo
355 215 437 245 non
474 207 718 251 reservato;
751 202 859 245 unde
891 203 1078 259 sequitur
1128 203 1451 244 reservationem
1499 204 1702 258 attIngere

81 285 245 330 quoque
279 285 422 315 eorum
460 277 649 315 votorum
683 274 1052 316 commutationem
1087 274 1124 314 in
1156 271 1316 319 melius,
1345 271 1602 329 promissum
1631 286 1704 330 po-

84 347 160 385 test
194 342 237 384 in
270 341 419 384 melius
452 341 515 384 rel
547 342 591 384 in
624 341 801 399 aequale.
834 341 1046 385 moraliter
1080 344 1191 384 iuxta
1216 341 1430 397 prudentis
1457 344 1706 385 aestimatio-

82 426 174 455 nem
209 412 473 467 commutari,
511 415 563 455 ita
598 418 641 456 ut
674 426 778 468 opus
810 416 1112 456 commutatum
1152 414 1188 454 vi
1227 414 1308 454 voti
1343 415 1511 469 exsequi
1537 412 1705 467 debeatg

84 483 125 525 in
160 482 298 525 minus
330 496 425 525 vero
459 481 607 526 bonum
645 485 1001 536 «commutari»,
1035 496 1130 525 cum
1164 482 1377 538 partialem
1423 485 1504 526 voti
1545 484 1708 540 dispen—

81 556 281 596 sationem
318 555 525 609 importet,
560 552 609 595 αἱ)
642 552 718 595 illo
751 558 909 596 tantum
950 568 970 593 ((
996 557 1128 608 potest
1151 567 1190 604 »‚
1224 552 1291 595 cui
1320 558 1509 610 potestas
1550 559 1611 596 est
1644 553 1705 596 di-

82 622 312 681 spensandi
345 623 400 666 ad
443 637 633 666 normam
673 638 763 666 can.
799 624 927 667 1313.
962 621 1186 666 Videlicet:
1232 622 1355 666 iidem
1401 626 1591 667 recensiti
1631 623 1707 668 sub

82 694 214 737 tribus
246 696 431 737 numeris
467 710 487 734 ((
513 696 617 737 iusta
650 694 700 736 de
734 706 857 736 causa
881 709 901 734 »
942 695 1088 735 minori
1123 706 1246 750 quam
1283 707 1355 750 pro
1386 694 1706 750 dispensatione,

83 778 130 808 ac
168 780 188 806 c(
212 764 438 807 dummodo
473 765 724 820 dispensatio
758 777 808 806 ne
842 764 978 807 laedat
1012 766 1074 806 ius
1107 764 1197 807 aliis
1230 766 1526 822 quaesitum»,
1561 765 1704 808 iisdem

36 869 38 871 .
85 849 163 878 non
198 835 564 880 consentientibus.

203 907 300 949 1187.
337 907 608 963 Suspensio
642 910 867 952 votorum
902 920 964 951 ex
996 907 1308 962 professione
1352 909 1601 963 religiosa.
1640 907 1707 950 Ait

85 976 236 1021 Doctor
269 977 517 1034 Angelicus:
557 992 576 1017 ((
603 977 818 1033 religiosus
851 976 1040 1020 subditus
1065 982 1125 1020 est
1151 977 1332 1033 praelato
1356 977 1546 1035 (nempez
1581 979 1707 1034 Supe-

84 1051 181 1092 riori
215 1049 309 1105 suo)
341 1053 541 1106 quantum
577 1048 626 1091 ad
661 1061 757 1091 suas
790 1050 1051 1104 operationes
1073 1048 1302 1091 secundnm
1330 1050 1625 1104 professionem
1651 1062 1708 1092 re-

84 1119 218 1176 gulae.
242 1119 289 1162 Et
313 1119 405 1162 ideo
430 1121 590 1162 etiamsi
615 1119 765 1175 aliquis
787 1119 837 1162 ad
864 1118 1006 1161 horam
1032 1118 1186 1176 aliquid
1224 1120 1357 1162 tacere
1383 1123 1520 1174 possit,
1545 1120 1708 1176 quando

84 1190 134 1233 ad
169 1190 247 1233 alia
281 1204 359 1232 non
394 1194 622 1246 occupatur
655 1202 675 1232 a
712 1189 908 1246 praelato,
943 1192 1038 1246 quia
1083 1194 1217 1232 tamen
1263 1189 1420 1232 nullum
1457 1195 1618 1246 tempus
1651 1196 1709 1233 est

85 1266 302 1318 exceptum
337 1263 375 1303 in
411 1274 493 1318 quo
529 1259 736 1316 praelatus
761 1274 839 1303 non
866 1263 991 1317 possit
1014 1273 1107 1303 eum
1133 1262 1242 1303 circa
1268 1260 1422 1317 aliquid
1447 1273 1708 1317 occupare»,

84 1334 271 1389 sequitur
306 1331 458 1374 nullam
494 1334 582 1374 eins
616 1331 909 1387 obligationem
936 1345 984 1374 ex
1012 1331 1274 1387 praecedenti
1302 1336 1396 1374 voto
1422 1333 1582 1374 tirmam
1607 1345 1708 1386 esse,

84 1404 323 1460 ceteroquin
349 1407 644 1445 commutatam
681 1405 718 1444 in
755 1402 901 1445 melius
928 1404 965 1444 vi
992 1401 1209 1458 religiosae
1235 1404 1513 1457 professionis.
1547 1402 1604 1445 Ex
1633 1402 1707 1446 bac

51 1492 54 1495 ·
86 1476 254 1529 insuper
287 1473 471 1516 eiusdem
507 1472 611 1516 bona
648 1486 725 1515 non
761 1472 994 1515 subduntur
1027 1472 1205 1529 amplius
1240 1472 1394 1516 liberae
1419 1475 1545 1529 ipsius
1579 1473 1711 1530 dispo-

84 1546 235 1598 sitioni,
260 1556 307 1587 ac
332 1548 498 1599 propter
524 1546 724 1587 motivum
761 1556 886 1599 supra
921 1543 1077 1586 dictum
1118 1559 1136 1583 «
1165 1545 1245 1586 voti
1271 1543 1392 1586 realis
1415 1543 1707 1599 obligationem

87 1615 228 1658 tandiu
261 1614 457 1670 suspendi
482 1630 502 1655 »
540 1619 600 1657 est
633 1614 872 1667 dicendum,
896 1615 1078 1667 quandiu
1105 1614 1248 1657 eadem
1281 1615 1477 1670 professio
1502 1614 1709 1670 perduret.

86 1685 307 1741 Propterea
341 1684 591 1740 generaliter
624 1684 809 1727 declarat
843 1683 1170 1742 praescr-ibitque
1194 1686 1444 1727 contirmans
1467 1699 1557 1729 ean.
1583 1687 1709 1728 1315.

98 1755 196 1799 t'ota
229 1755 438 1812 quaelibet
475 1755 766 1811 «personalia,
803 1754 939 1803 realia,
976 1757 1143 1797 mixta»
1180 1756 1287 1810 (can.
1328 1755 1449 1810 1308,
1482 1755 1510 1813 ξ
1544 1756 1587 1812 4)
1616 1762 1713 1798 (tute

83 1825 389 1883 professionem
422 1824 681 1881 reliqiosam,
714 1827 906 1882 quamvis
938 1824 1169 1881 simplicem
1216 1838 1262 1868 ac
1306 1827 1343 1867 in
1384 1826 1712 1882 Congregatione

88 1899 188 1939 iuris
236 1895 471 1938 dioecesani
523 1897 687 1949 factam,
721 1895 875 1937 emissa
908 1895 1226 1952 saspendzcntm‘
1259 1896 1393 1953 quoad
1438 1909 1579 1939 eorum
1630 1899 1710 1938 vim

87 1966 312 2023 obligandi,
346 1965 474 2009 donee
505 1980 665 2017 vovens,
688 1968 746 2009 sic
780 1966 914 2009 dictus
949 1971 1116 2022 propter
1149 1966 1215 2009 illa
1254 1981 1274 2007 ((
1297 1971 1387 2009 vota
1421 1968 1632 2020 emissa»,
1670 1966 1711 2008 in

89 2037 293 2094 reliyione
326 2039 531 2093 protessus
560 2037 857 2093 permanserit.
898 2037 969 2080 llla
1015 2039 1139 2092 igitur
1174 2039 1446 2090 reviviscunt,
1481 2037 1711 2092 personalia

88 2107 253 2165 quando
287 2120 308 2150 a
341 2106 597 2150 subiectione
631 2109 898 2163 superiorum
934 2109 1154 2157 eximatur,
1179 2106 1305 2149 realia
1337 2107 1503 2164 quando
1536 2106 1706 2150 liberam

88 2178 290 2221 bonorum
325 2178 673 2234 dispensationem
713 2182 1003 2234 consequatur.

799 2340 944 2376 cAPUT
974 2340 1011 2375 ll.

728 2425 781 2459 De
808 2424 1076 2458 iureiurando.

135 2542 218 2579 CAN.
245 2542 747 2584 1316.-§1.1usiuranduni‚
778 2542 863 2576 idest
985 2541 1068 2576 (Lxx.
1104 2540 1204 2575 1317.
1236 2562 1251 2566 -
1283 2546 1301 2583 ἕ
1332 2541 1361 2575 l.
1391 2540 1458 2584 Qui
1487 2541 1594 2576 libere
1626 2541 1714 2575 iurat

87 2590 257 2626 invocatio
284 2589 441 2625 Nominis
468 2590 576 2624 divini
606 2589 639 2623 in
669 2594 788 2624 testem
810 2599 863 2623 ve·
937 2599 972 2623 se
997 2588 1129 2633 aliquid
1160 2589 1345 2629 facturum,
1388 2587 1551 2634 peculiari
1579 2587 1713 2632 religio-

86 2639 210 2678 ritatis,
231 2637 394 2683 praestari
419 2637 550 2682 nequit,
571 2636 637 2670 nisi
658 2636 693 2670 in
709 2636 862 2676 veritate,
939 2635 993 2668 nis
1019 2635 1229 2679 obligatione
1256 2640 1393 2671 tenetur
1417 2635 1587 2680 implendi
1623 2635 1713 2680 quod

87 2687 121 2721 in
151 2685 278 2719 iudicio
305 2689 337 2718 et
365 2684 398 2717 in
434 2684 577 2719 iustitia.
938 2682 1160 2717 iureiurando
1188 2682 1390 2718 firmaverit.

132 2736 150 2776 ,ξ’
178 2732 209 2766 2.
240 2731 484 2766 lusiurandum
512 2730 602 2776 quod
629 2740 780 2764 canones
798 2729 865 2764 exi·
985 2733 1004 2770 ἓ
1031 2729 1062 2763 2.
1093 2729 1337 2765 lusiurandum
1373 2739 1432 2775 per
1466 2729 1534 2763 vim
1558 2734 1617 2763 aut
1644 2738 1713 2763 me-

87 2775 173 2825 gnnt
201 2778 252 2813 vel
279 2778 483 2817 admittunt,
515 2789 573 2823 per
608 2781 863 2823 procuratorem
937 2780 1011 2810 tum
1039 2787 1178 2820 gravem
1205 2781 1376 2812 extortum
1407 2775 1509 2817 valet,
1535 2775 1592 2810 sed
1611 2786 1630 2809 a
1651 2774 1712 2810 Su-

89 2825 231 2873 prestari
261 2825 371 2860 valide
399 2825 530 2870 nequit.
940 2823 1072 2868 periore
1091 2824 1324 2859 ecclesiastico
1349 2822 1493 2858 relaxari
1528 2827 1648 2868 potest.
