1965 3240
441 138 525 173 ΤιΤ.
555 138 679 174 XXV.
706 158 719 164 -
745 138 802 173 De
827 138 1018 182 beneficiis
1043 139 1309 173 ecclesiasticis
1618 139 1686 173 471

61 272 135 303 seu
167 258 217 302 ad
251 257 528 312 collationem,
573 258 891 311 ordinationem,
937 260 1324 313 praesentationem,
1362 258 1424 301 vel
1458 257 1687 301 custodiam

65 327 365 386 pertinentibus
407 329 663 383 eorumdem,
700 328 804 372 bona
848 327 1139 384 (morientibus
1178 342 1320 371 eorum
1358 328 1588 372 rectoribus
1625 328 1686 371 vel

66 401 280 457 ministris)
314 401 352 442 in
388 401 486 455 ipsis
520 402 703 453 inventa,
734 401 823 442 sive
859 400 1086 442 vacationis
1120 400 1302 455 ipsorum
1344 404 1530 455 tempore
1563 398 1688 442 obve-

65 472 231 518 nientia,
264 482 371 527 quae
406 472 444 512 in
480 469 696 513 utilitatem
740 469 983 513 eorumdem
1030 469 1225 525 expendi,
1260 470 1322 512 vel
1358 471 1506 512 suturis
1538 469 1689 513 debent

63 539 375 585 successoribus
408 543 628 595 reservari,
662 552 881 597 occupare,
916 544 985 583 aut
1018 542 1055 582 in
1082 553 1179 583 usus
1202 553 1297 583 suos
1321 545 1566 583 convertere
1590 554 1688 597 quo-

65 624 145 668 quo
180 610 301 654 modo
327 615 605 667 praesumant.
638 610 724 654 Nisi
757 611 807 654 de
840 609 1007 666 speciali
1044 610 1279 666 privilegio,
1305 610 1366 652 vel
1392 610 1690 653 consuetudine

66 684 145 725 iam
190 683 442 738 praescripta
488 681 684 737 legitime,
726 694 797 724 seu
843 680 921 724 alia
965 692 1088 724 causa
1134 680 1382 729 rationabili,
1423 680 1499 723 boc
1532 680 1690 724 eisdem

64 756 301 809 competere
344 752 624 809 dignoscatur.
669 751 863 809 Alioquin
908 753 1089 807 episcopi
1124 755 1163 794 et
1195 764 1338 794 eorum
1373 753 1608 807 superiores
1641 750 1692 793 ab

66 826 253 879 ingressu
286 822 514 866 ecclesiae:
549 825 676 866 ceteri
714 836 810 865 vero
844 821 895 865 ab
928 822 1061 864 officio
1095 826 1135 864 et
1160 821 1361 865 beneficio
1387 821 1528 865 tandiu
1552 823 1691 877 eoipso

67 896 258 937 noverint
289 907 332 937 se
365 907 613 950 suspensos:
660 906 876 950 quousque
922 894 1222 936 restitutionem
1268 893 1439 936 fecerint
1483 893 1533 935 de
1578 905 1692 948 prae-

67 965 202 1008 dictis.

187 1036 308 1079 Porro
344 1035 409 1079 ubi
445 1049 495 1079 ex
529 1036 749 1092 privilegio
787 1036 847 1079 vel
873 1036 1186 1089 consuetudine,
1211 1049 1282 1079 seu
1307 1035 1386 1078 alia
1410 1035 1460 1078 de
1485 1047 1611 1078 causa
1637 1047 1694 1077 ra-

68 1106 267 1161 tionabili,
301 1106 377 1150 sibi
412 1106 562 1164 aliquis
595 1107 902 1163 praedictorum
943 1109 1088 1150 asserit
1133 1106 1237 1150 bona
1280 1111 1517 1161 competere
1548 1117 1695 1161 supra·

65 1178 203 1221 dicta:
239 1177 316 1221 boc
349 1178 400 1220 de
436 1177 514 1220 illis
549 1177 665 1221 bonis
697 1177 830 1221 solum
864 1177 987 1220 debet
1020 1177 1206 1234 intelligi,
1242 1189 1348 1234 quae
1381 1176 1524 1219 solutis
1546 1175 1696 1220 debitis

66 1251 98 1292 si
133 1261 214 1306 qua
246 1251 339 1303 sint,
364 1253 403 1291 et
436 1248 511 1303 bis,
546 1261 652 1305 quae
692 1250 841 1291 fuerint
863 1250 1096 1292 necessaria
1121 1261 1194 1304 pro
1217 1247 1491 1291 servitoribus
1514 1252 1553 1290 et
1578 1249 1695 1290 mini-

66 1321 175 1375 stris,
209 1332 257 1363 ac
291 1318 627 1363 incumbentibus
660 1318 868 1374 oneribus,
904 1332 1034 1377 usque
1067 1320 1117 1362 ad
1152 1332 1283 1362 novos
1332 1319 1488 1362 reditus
1528 1325 1697 1375 suppor-

70 1391 204 1433 tandis
237 1404 420 1447 congrue
446 1393 682 1444 reservatis,
705 1404 754 1433 ex
776 1392 874 1446 ipsis
900 1395 1061 1446 reperta
1087 1391 1241 1434 suerint
1264 1403 1482 1446 superesse
1505 1406 1545 1431 ».
1580 1389 1696 1433 Aliae

70 1461 334 1505 limitationes
380 1461 540 1505 illarum
587 1464 878 1518 exceptionum
926 1464 1080 1518 positae
1119 1462 1284 1505 fuerunt
1318 1464 1356 1504 in
1391 1460 1578 1506 Ext1·av.⁸
1610 1466 1695 1504 tum

69 1531 121 1574 lo.
158 1531 284 1588 xxti,
319 1537 405 1575 tum
441 1535 661 1589 praecipue
695 1535 734 1575 in
770 1532 925 1576 Extrav
961 1535 1170 1576 communi
1192 1534 1220 1573 1.

197 1604 342 1647 «Sane
361 1605 693 1646 constitutionem
714 1602 928 1660 (similem)
953 1616 1075 1660 quam
1100 1605 1290 1659 superius
1308 1603 1544 1659 specialiter
1566 1603 1696 1646 edidi-

69 1687 160 1717 mus
183 1674 197 1695 2
232 1678 375 1717 contra
409 1674 602 1730 capitula,
637 1673 825 1730 collegia,
861 1680 1091 1717 conventus
1124 1688 1195 1717 seu
1230 1674 1464 1731 singulares
1488 1687 1697 1730 personas,

70 1745 174 1789 bona
208 1744 524 1798 cathedralium,
562 1744 626 1788 vel
661 1738 930 1801 regularium,
965 1750 1034 1788 aut
1068 1745 1380 1802 collegiatarum
1425 1745 1696 1789 ecclesiarum

72 1818 307 1859 vacantium
342 1820 620 1873 occupantes:
658 1829 729 1872 per
763 1819 1097 1859 constitutionem
1140 1821 1399 1872 praesentem
1435 1816 1626 1859 nolumus
1661 1819 1698 1859 in

68 1886 206 1944 aliquo
239 1886 431 1943 derogari
457 1904 494 1928 )).

187 1957 362 2000 Mentem
399 1960 499 2002 iuris
539 1959 824 2016 praecedentis
867 1964 1007 2002 servat
1049 1959 1187 2003 Codex
1231 1974 1302 2016 per
1345 1959 1423 2003 alia
1469 1959 1595 2003 verba
1632 1959 1699 2002 illo

70 2031 158 2071 iure
191 2028 442 2072 declaranda
475 2029 551 2073 sub
585 2029 747 2074 duobus
779 2029 1063 2087 sequentibus,
1098 2035 1137 2073 et
1173 2033 1330 2087 primus
1364 2033 1413 2073 sit
1449 2032 1696 2073 erm.1480.

69 2098 210 2141 Amzzci
241 2098 405 2142 reditus
439 2098 638 2156 beneficii,
673 2114 848 2157 nempe:
895 2103 991 2144 anni
1035 2101 1215 2146 decursu
1242 2102 1497 2158 percipiendi
1520 2101 1582 2144 vel
1619 2104 1698 2145 iam

71 2172 267 2226 percepti,
303 2169 415 2213 inter
447 2184 723 2214 successorem
758 2171 868 2215 illius
902 2174 1006 2215 intra
1041 2185 1195 2215 annum
1230 2177 1269 2214 et
1303 2177 1605 2215 aitteressorem
1632 2171 1699 2215 bo-

71 2241 342 2295 neficiarium,
377 2244 445 2298 qui
480 2242 648 2286 eosdem
683 2244 818 2286 forsan
856 2239 1057 2301 percepit,
1088 2243 1228 2285 eiusce
1252 2242 1425 2285 heredes
1449 2243 1584 2300 quoad
1611 2243 1700 2286 illos

75 2310 229 2354 reditus
263 2311 426 2356 relictos
463 2312 524 2356 vel
561 2312 697 2357 adbuc
741 2313 1043 2370 percipiendos,
1092 2316 1160 2371 qui
1211 2330 1229 2354 c(
1256 2313 1431 2357 heredes
1454 2329 1475 2353 »
1521 2319 1698 2357 tantum-

75 2381 194 2424 modo
227 2381 271 2424 in
305 2397 405 2426 casu
438 2382 571 2426 obitus
605 2386 879 2428 antecessoris
914 2389 1071 2440 partem
1106 2384 1332 2435 habebunt,
1364 2398 1442 2441 pro
1470 2390 1566 2427 rata
1603 2391 1698 2427 lem-

70 2451 188 2509 poris
223 2455 424 2497 mensium
459 2467 506 2498 ac
539 2455 702 2498 dierum
737 2469 816 2512 qno
849 2455 1043 2511 beneficio
1078 2455 1146 2498 illo
1171 2461 1344 2512 uterque
1381 2472 1402 2496 α
1425 2469 1640 2499 successor
1663 2460 1700 2498 et

73 2527 350 2566 antecessor»
389 2523 635 2568 deservierit
672 2531 760 2582 post
792 2530 956 2582 captam
993 2526 1176 2583 legitime
1217 2528 1530 2582 possessionem,
1556 2526 1700 2569 distri-

73 2593 257 2636 buantur
289 2594 564 2639 amicabiliter
599 2596 662 2639 vel
697 2599 943 2640 auctoritate
978 2599 1295 2651 interveniente,
1329 2596 1701 2654 omnibusproren-

75 2663 184 2707 tibus
215 2664 337 2707 simul
371 2670 410 2708 et
449 2666 544 2709 inde
587 2666 782 2709 oneribus
825 2665 1093 2711 detrahendis
1139 2667 1348 2710 currentis
1391 2667 1495 2710 (mm
1536 2668 1701 2720 quando

78 2738 197 2778 vacat
232 2733 494 2791 beneficium,
530 2737 794 2794 computatis,
829 2742 952 2794 atque
985 2738 1273 2781 distribuendo
1299 2738 1509 2781 residuum
1537 2737 1698 2781 illorum

194 2839 206 2861 ¹
234 2838 325 2884 Cap..
352 2850 419 2873 un.
446 2854 464 2873 «
484 2852 532 2875 ne
567 2841 664 2876 Sede
703 2846 868 2877 vacante
907 2842 1059 2888 aliquid
1098 2844 1346 2878 innovetur»
1379 2844 1413 2887 3,
1443 2843 1527 2877 Lib.
1558 2843 1628 2877 III.
1660 2864 1700 2868 —

76 2887 90 2908 ²
116 2886 209 2931 Cap.
238 2886 285 2920 40
316 2902 329 2916 α
351 2886 397 2922 de
423 2887 618 2923 electione
644 2895 684 2924 et:
708 2889 826 2924 electi
851 2894 1051 2934 potestate
1067 2903 1085 2921 »
1115 2891 1160 2932 (I,
1191 2891 1227 2935 6)
1257 2891 1297 2925 in
1325 2891 1376 2924 60.
