<?xml version="1.0" encoding="UTF-8"?>
<!DOCTYPE html PUBLIC "-//W3C//DTD XHTML 1.0 Transitional//EN"
    "http://www.w3.org/TR/xhtml1/DTD/xhtml1-transitional.dtd">
<html xmlns="http://www.w3.org/1999/xhtml" xml:lang="en" lang="en">
 <head>
  <title>
</title>
<meta http-equiv="Content-Type" content="text/html;charset=utf-8" />
  <meta name='ocr-system' content='tesseract 3.04.00' />
  <meta name='ocr-capabilities' content='ocr_page ocr_carea ocr_par ocr_line ocrx_word'/>
</head>
<body>
  <div class='ocr_page' id='page_1' title='image "./commentariumtext03blatuoft_0134.png"; bbox 0 0 1965 3240; ppageno 0'>
   <div class='ocr_carea' id='block_1_1' title="bbox 187 106 1574 155">
    <p class='ocr_par' dir='ltr' id='par_1_1' title="bbox 187 106 1574 155">
     <span class='ocr_line' id='line_1_1' title="bbox 187 106 1574 155; baseline 0.004 -15"><span class='ocrx_word' id='word_1_1' title='bbox 187 106 256 141; x_wconf 80' lang='lat'>1‘22</span> <span class='ocrx_word' id='word_1_2' title='bbox 421 107 504 142; x_wconf 79' lang='lat' dir='ltr'>L113.</span> <span class='ocrx_word' id='word_1_3' title='bbox 531 106 601 142; x_wconf 89' lang='grc' dir='ltr'>ΠΙ.</span> <span class='ocrx_word' id='word_1_4' title='bbox 628 128 640 132; x_wconf 96' lang='grc'><strong>-</strong></span> <span class='ocrx_word' id='word_1_5' title='bbox 667 108 788 143; x_wconf 80' lang='lat' dir='ltr'><strong>PARS.</strong></span> <span class='ocrx_word' id='word_1_6' title='bbox 815 108 865 144; x_wconf 90' lang='lat' dir='ltr'>II.</span> <span class='ocrx_word' id='word_1_7' title='bbox 892 129 904 134; x_wconf 97' lang='lat'>—</span> <span class='ocrx_word' id='word_1_8' title='bbox 930 109 987 144; x_wconf 85' lang='lat' dir='ltr'>De</span> <span class='ocrx_word' id='word_1_9' title='bbox 1013 110 1106 145; x_wconf 78' lang='lat' dir='ltr'>locis</span> <span class='ocrx_word' id='word_1_10' title='bbox 1131 113 1166 145; x_wconf 79' lang='lat' dir='ltr'>et</span> <span class='ocrx_word' id='word_1_11' title='bbox 1190 112 1426 155; x_wconf 78' lang='lat' dir='ltr'><em>temporibus</em></span> <span class='ocrx_word' id='word_1_12' title='bbox 1451 114 1574 147; x_wconf 74' lang='lat' dir='ltr'>sacris</span> 
     </span>
    </p>
   </div>
   <div class='ocr_carea' id='block_1_2' title="bbox 232 168 767 173">
    <p class='ocr_par' dir='ltr' id='par_1_2' title="bbox 232 168 767 173">
     <span class='ocr_line' id='line_1_2' title="bbox 232 168 767 173; baseline 0 0"><span class='ocrx_word' id='word_1_13' title='bbox 232 168 767 173; x_wconf 95' lang='lat' dir='ltr'> </span> 
     </span>
    </p>
   </div>
   <div class='ocr_carea' id='block_1_3' title="bbox 846 323 1154 367">
    <p class='ocr_par' dir='ltr' id='par_1_3' title="bbox 846 323 1154 367">
     <span class='ocr_line' id='line_1_3' title="bbox 846 323 1154 367; baseline 0.01 -4"><span class='ocrx_word' id='word_1_14' title='bbox 846 323 1058 366; x_wconf 75' lang='lat' dir='ltr'>SEOTIO</span> <span class='ocrx_word' id='word_1_15' title='bbox 1091 325 1154 367; x_wconf 86' lang='grc' dir='ltr'>ΙΙ.</span> 
     </span>
    </p>
   </div>
   <div class='ocr_carea' id='block_1_4' title="bbox 646 429 1360 494">
    <p class='ocr_par' dir='ltr' id='par_1_4' title="bbox 646 429 1360 494">
     <span class='ocr_line' id='line_1_4' title="bbox 646 429 1360 494; baseline 0.004 -15"><span class='ocrx_word' id='word_1_16' title='bbox 646 429 728 480; x_wconf 89' lang='lat' dir='ltr'>De</span> <span class='ocrx_word' id='word_1_17' title='bbox 766 431 1125 494; x_wconf 74' lang='lat' dir='ltr'><strong>temporibus</strong></span> <span class='ocrx_word' id='word_1_18' title='bbox 1165 432 1360 482; x_wconf 80' lang='lat' dir='ltr'>saeriS.</span> 
     </span>
    </p>
   </div>
   <div class='ocr_carea' id='block_1_5' title="bbox 176 579 957 1288">
    <p class='ocr_par' dir='ltr' id='par_1_5' title="bbox 181 579 957 710">
     <span class='ocr_line' id='line_1_5' title="bbox 229 579 956 626; baseline 0.003 -11"><span class='ocrx_word' id='word_1_19' title='bbox 229 579 313 615; x_wconf 58' lang='lat' dir='ltr'><strong>CAN.</strong></span> <span class='ocrx_word' id='word_1_20' title='bbox 335 579 459 614; x_wconf 75' lang='grc' dir='ltr'>Ι’·243.-</span> <span class='ocrx_word' id='word_1_21' title='bbox 477 580 645 626; x_wconf 89' lang='lat' dir='ltr'>Tempora</span> <span class='ocrx_word' id='word_1_22' title='bbox 663 592 761 616; x_wconf 87' lang='lat' dir='ltr'>sacra</span> <span class='ocrx_word' id='word_1_23' title='bbox 782 587 864 616; x_wconf 92' lang='lat' dir='ltr'>sunt</span> <span class='ocrx_word' id='word_1_24' title='bbox 883 582 956 617; x_wconf 90' lang='lat' dir='ltr'>dies</span> 
     </span>
     <span class='ocr_line' id='line_1_6' title="bbox 182 626 957 673; baseline 0.004 -12"><span class='ocrx_word' id='word_1_25' title='bbox 182 627 279 665; x_wconf 79' lang='lat' dir='ltr'>festi:</span> <span class='ocrx_word' id='word_1_26' title='bbox 310 626 419 673; x_wconf 88' lang='lat' dir='ltr'>iisque</span> <span class='ocrx_word' id='word_1_27' title='bbox 445 633 674 663; x_wconf 77' lang='lat' dir='ltr'>accensentur</span> <span class='ocrx_word' id='word_1_28' title='bbox 691 629 764 664; x_wconf 90' lang='lat' dir='ltr'>dies</span> <span class='ocrx_word' id='word_1_29' title='bbox 781 629 957 665; x_wconf 88' lang='lat' dir='ltr'>abstinen-</span> 
     </span>
     <span class='ocr_line' id='line_1_7' title="bbox 181 674 467 710; baseline 0 -2"><span class='ocrx_word' id='word_1_30' title='bbox 181 675 249 710; x_wconf 84' lang='lat' dir='ltr'>tiae</span> <span class='ocrx_word' id='word_1_31' title='bbox 274 679 307 710; x_wconf 88' lang='lat' dir='ltr'>et</span> <span class='ocrx_word' id='word_1_32' title='bbox 334 674 467 710; x_wconf 90' lang='lat' dir='ltr'>ieiunii.</span> 
     </span>
    </p>

    <p class='ocr_par' dir='ltr' id='par_1_6' title="bbox 178 720 956 946">
     <span class='ocr_line' id='line_1_8' title="bbox 229 720 956 768; baseline 0.001 -12"><span class='ocrx_word' id='word_1_33' title='bbox 229 720 311 757; x_wconf 70' lang='lat' dir='ltr'><strong>CAN.</strong></span> <span class='ocrx_word' id='word_1_34' title='bbox 329 720 431 756; x_wconf 78' lang='lat'><strong>1244.</strong></span> <span class='ocrx_word' id='word_1_35' title='bbox 452 726 503 764; x_wconf 64' lang='grc' dir='ltr'>-ἓ</span> <span class='ocrx_word' id='word_1_36' title='bbox 524 722 551 756; x_wconf 93' lang='grc' dir='ltr'>Ι.</span> <span class='ocrx_word' id='word_1_37' title='bbox 576 722 652 758; x_wconf 86' lang='lat' dir='ltr'>Dies</span> <span class='ocrx_word' id='word_1_38' title='bbox 673 723 777 758; x_wconf 84' lang='lat' dir='ltr'>festos</span> <span class='ocrx_word' id='word_1_39' title='bbox 803 722 956 768; x_wconf 79' lang='lat' dir='ltr'>itemque</span> 
     </span>
     <span class='ocr_line' id='line_1_9' title="bbox 180 769 956 810; baseline 0.004 -8"><span class='ocrx_word' id='word_1_40' title='bbox 180 769 253 804; x_wconf 90' lang='lat' dir='ltr'>dies</span> <span class='ocrx_word' id='word_1_41' title='bbox 278 769 513 804; x_wconf 77' lang='lat' dir='ltr'><strong>abstinentiae</strong></span> <span class='ocrx_word' id='word_1_42' title='bbox 538 774 571 804; x_wconf 86' lang='lat' dir='ltr'>et</span> <span class='ocrx_word' id='word_1_43' title='bbox 605 770 738 810; x_wconf 86' lang='lat' dir='ltr'>ieiunii,</span> <span class='ocrx_word' id='word_1_44' title='bbox 773 771 956 806; x_wconf 83' lang='lat' dir='ltr'>universae</span> 
     </span>
     <span class='ocr_line' id='line_1_10' title="bbox 182 816 955 862; baseline 0.001 -11"><span class='ocrx_word' id='word_1_45' title='bbox 182 816 351 852; x_wconf 76' lang='lat' dir='ltr'>Ecclesiae</span> <span class='ocrx_word' id='word_1_46' title='bbox 365 828 582 858; x_wconf 78' lang='lat' dir='ltr'>commtineS‚</span> <span class='ocrx_word' id='word_1_47' title='bbox 603 818 828 862; x_wconf 83' lang='lat' dir='ltr'>constituere,</span> <span class='ocrx_word' id='word_1_48' title='bbox 846 823 955 852; x_wconf 89' lang='lat' dir='ltr'>trans-</span> 
     </span>
     <span class='ocr_line' id='line_1_11' title="bbox 182 863 954 910; baseline 0.003 -12"><span class='ocrx_word' id='word_1_49' title='bbox 182 864 276 905; x_wconf 83' lang='lat' dir='ltr'>ferre,</span> <span class='ocrx_word' id='word_1_50' title='bbox 304 863 454 907; x_wconf 88' lang='lat' dir='ltr'>abolere,</span> <span class='ocrx_word' id='word_1_51' title='bbox 483 865 587 899; x_wconf 89' lang='lat' dir='ltr'>nnius</span> <span class='ocrx_word' id='word_1_52' title='bbox 613 870 663 899; x_wconf 90' lang='lat' dir='ltr'>est</span> <span class='ocrx_word' id='word_1_53' title='bbox 694 876 876 910; x_wconf 81' lang='lat' dir='ltr'>supremae</span> <span class='ocrx_word' id='word_1_54' title='bbox 901 875 954 900; x_wconf 90' lang='lat' dir='ltr'>ec-</span> 
     </span>
     <span class='ocr_line' id='line_1_12' title="bbox 178 910 643 946; baseline 0 -1"><span class='ocrx_word' id='word_1_55' title='bbox 178 910 392 946; x_wconf 82' lang='lat' dir='ltr'>clesiasticae</span> <span class='ocrx_word' id='word_1_56' title='bbox 416 911 643 946; x_wconf 77' lang='lat' dir='ltr'>auctoritatis.</span> 
     </span>
    </p>

    <p class='ocr_par' dir='ltr' id='par_1_7' title="bbox 176 956 954 1143">
     <span class='ocr_line' id='line_1_13' title="bbox 227 956 954 1004; baseline 0.003 -12"><span class='ocrx_word' id='word_1_57' title='bbox 227 962 246 1000; x_wconf 72' lang='lat'>§</span> <span class='ocrx_word' id='word_1_58' title='bbox 284 958 316 992; x_wconf 63' lang='lat'>⁴2.</span> <span class='ocrx_word' id='word_1_59' title='bbox 359 956 535 993; x_wconf 88' lang='lat' dir='ltr'>Ordinarii</span> <span class='ocrx_word' id='word_1_60' title='bbox 577 959 727 993; x_wconf 78' lang='lat' dir='ltr'>locorum</span> <span class='ocrx_word' id='word_1_61' title='bbox 766 959 954 1004; x_wconf 77' lang='lat' dir='ltr'>peculiares</span> 
     </span>
     <span class='ocr_line' id='line_1_14' title="bbox 178 1005 954 1042; baseline 0.005 -4"><span class='ocrx_word' id='word_1_62' title='bbox 178 1005 250 1039; x_wconf 84' lang='lat' dir='ltr'>suis</span> <span class='ocrx_word' id='word_1_63' title='bbox 277 1005 491 1041; x_wconf 63' lang='lat' dir='ltr'>dioecesibus</span> <span class='ocrx_word' id='word_1_64' title='bbox 529 1017 588 1040; x_wconf 86' lang='lat' dir='ltr'>seu</span> <span class='ocrx_word' id='word_1_65' title='bbox 628 1006 710 1041; x_wconf 82' lang='lat' dir='ltr'>locis</span> <span class='ocrx_word' id='word_1_66' title='bbox 744 1007 816 1041; x_wconf 88' lang='lat' dir='ltr'>dies</span> <span class='ocrx_word' id='word_1_67' title='bbox 853 1008 954 1042; x_wconf 81' lang='lat' dir='ltr'>festos</span> 
     </span>
     <span class='ocr_line' id='line_1_15' title="bbox 176 1052 950 1098; baseline 0.003 -12"><span class='ocrx_word' id='word_1_68' title='bbox 176 1057 237 1087; x_wconf 87' lang='lat' dir='ltr'>aut</span> <span class='ocrx_word' id='word_1_69' title='bbox 255 1052 327 1087; x_wconf 89' lang='lat' dir='ltr'>dies</span> <span class='ocrx_word' id='word_1_70' title='bbox 345 1052 579 1088; x_wconf 82' lang='lat' dir='ltr'>abstinentiae</span> <span class='ocrx_word' id='word_1_71' title='bbox 597 1058 629 1088; x_wconf 89' lang='lat' dir='ltr'>et</span> <span class='ocrx_word' id='word_1_72' title='bbox 648 1053 767 1088; x_wconf 89' lang='lat' dir='ltr'>ieiunii</span> <span class='ocrx_word' id='word_1_73' title='bbox 795 1059 950 1098; x_wconf 76' lang='lat' dir='ltr'>possunt,</span> 
     </span>
     <span class='ocr_line' id='line_1_16' title="bbox 180 1100 897 1143; baseline 0 -8"><span class='ocrx_word' id='word_1_74' title='bbox 180 1111 238 1143; x_wconf 85' lang='lat' dir='ltr'>per</span> <span class='ocrx_word' id='word_1_75' title='bbox 265 1100 404 1134; x_wconf 89' lang='lat' dir='ltr'>modum</span> <span class='ocrx_word' id='word_1_76' title='bbox 433 1105 570 1135; x_wconf 88' lang='lat' dir='ltr'>tantum</span> <span class='ocrx_word' id='word_1_77' title='bbox 591 1105 706 1141; x_wconf 31' lang='lat' dir='ltr'>,actus</span> <span class='ocrx_word' id='word_1_78' title='bbox 734 1101 897 1136; x_wconf 76' lang='lat' dir='ltr'>indicere.</span> 
     </span>
    </p>

    <p class='ocr_par' dir='ltr' id='par_1_8' title="bbox 176 1145 954 1288">
     <span class='ocr_line' id='line_1_17' title="bbox 225 1145 954 1189; baseline 0.001 -7"><span class='ocrx_word' id='word_1_79' title='bbox 225 1146 308 1182; x_wconf 64' lang='lat' dir='ltr'>CAN.</span> <span class='ocrx_word' id='word_1_80' title='bbox 333 1145 431 1181; x_wconf 69' lang='lat'>1245.</span> <span class='ocrx_word' id='word_1_81' title='bbox 452 1167 467 1173; x_wconf 94' lang='lat'><em>—</em></span> <span class='ocrx_word' id='word_1_82' title='bbox 485 1152 503 1189; x_wconf 63' lang='grc' dir='ltr'>ξ</span> <span class='ocrx_word' id='word_1_83' title='bbox 526 1148 554 1181; x_wconf 84' lang='lat' dir='ltr'>l.</span> <span class='ocrx_word' id='word_1_84' title='bbox 574 1147 647 1182; x_wconf 85' lang='lat' dir='ltr'>Non</span> <span class='ocrx_word' id='word_1_85' title='bbox 673 1148 784 1183; x_wconf 90' lang='lat' dir='ltr'>solum</span> <span class='ocrx_word' id='word_1_86' title='bbox 806 1147 954 1184; x_wconf 88' lang='lat' dir='ltr'>Ordina-</span> 
     </span>
     <span class='ocr_line' id='line_1_18' title="bbox 177 1193 951 1240; baseline 0.005 -13"><span class='ocrx_word' id='word_1_87' title='bbox 177 1193 216 1228; x_wconf 87' lang='lat' dir='ltr'>rii</span> <span class='ocrx_word' id='word_1_88' title='bbox 247 1194 411 1229; x_wconf 70' lang='lat' dir='ltr'>locorum.</span> <span class='ocrx_word' id='word_1_89' title='bbox 441 1195 499 1230; x_wconf 89' lang='lat' dir='ltr'>sed</span> <span class='ocrx_word' id='word_1_90' title='bbox 526 1195 630 1230; x_wconf 87' lang='lat' dir='ltr'>etiam</span> <span class='ocrx_word' id='word_1_91' title='bbox 659 1195 812 1240; x_wconf 79' lang='lat' dir='ltr'>parochi,</span> <span class='ocrx_word' id='word_1_92' title='bbox 843 1195 878 1229; x_wconf 90' lang='lat' dir='ltr'>in</span> <span class='ocrx_word' id='word_1_93' title='bbox 897 1208 951 1231; x_wconf 91' lang='lat' dir='ltr'>ca-</span> 
     </span>
     <span class='ocr_line' id='line_1_19' title="bbox 176 1241 948 1288; baseline 0.005 -14"><span class='ocrx_word' id='word_1_94' title='bbox 176 1241 272 1275; x_wconf 87' lang='lat' dir='ltr'>sibus</span> <span class='ocrx_word' id='word_1_95' title='bbox 298 1241 536 1286; x_wconf 87' lang='lat' dir='ltr'>singularibus</span> <span class='ocrx_word' id='word_1_96' title='bbox 564 1242 722 1287; x_wconf 87' lang='lat' dir='ltr'>iustaque</span> <span class='ocrx_word' id='word_1_97' title='bbox 757 1243 798 1278; x_wconf 89' lang='lat' dir='ltr'>de</span> <span class='ocrx_word' id='word_1_98' title='bbox 832 1254 948 1288; x_wconf 85' lang='lat' dir='ltr'>causa,</span> 
     </span>
    </p>
   </div>
   <div class='ocr_carea' id='block_1_6' title="bbox 1025 583 1808 1290">
    <p class='ocr_par' dir='ltr' id='par_1_9' title="bbox 1029 583 1808 769">
     <span class='ocr_line' id='line_1_20' title="bbox 1030 583 1807 628; baseline 0.005 -11"><span class='ocrx_word' id='word_1_99' title='bbox 1030 583 1239 628; x_wconf 61' lang='lat' dir='ltr'>peregrinos</span> <span class='ocrx_word' id='word_1_100' title='bbox 1265 594 1286 618; x_wconf 86' lang='lat' dir='ltr'>a</span> <span class='ocrx_word' id='word_1_101' title='bbox 1313 583 1385 628; x_wconf 86' lang='lat' dir='ltr'>lege</span> <span class='ocrx_word' id='word_1_102' title='bbox 1411 585 1590 619; x_wconf 92' lang='lat' dir='ltr'>communi</span> <span class='ocrx_word' id='word_1_103' title='bbox 1625 585 1666 620; x_wconf 91' lang='lat' dir='ltr'>de</span> <span class='ocrx_word' id='word_1_104' title='bbox 1692 584 1807 621; x_wconf 89' lang='lat' dir='ltr'>obser-</span> 
     </span>
     <span class='ocr_line' id='line_1_21' title="bbox 1031 630 1807 677; baseline 0.005 -13"><span class='ocrx_word' id='word_1_105' title='bbox 1031 630 1148 665; x_wconf 88' lang='lat' dir='ltr'>vantia</span> <span class='ocrx_word' id='word_1_106' title='bbox 1172 630 1336 665; x_wconf 84' lang='lat' dir='ltr'>festorum</span> <span class='ocrx_word' id='word_1_107' title='bbox 1356 632 1508 677; x_wconf 84' lang='lat' dir='ltr'>itemque</span> <span class='ocrx_word' id='word_1_108' title='bbox 1526 632 1568 667; x_wconf 91' lang='lat' dir='ltr'>de</span> <span class='ocrx_word' id='word_1_109' title='bbox 1586 632 1807 668; x_wconf 87' lang='lat' dir='ltr'>observantia</span> 
     </span>
     <span class='ocr_line' id='line_1_22' title="bbox 1029 677 1808 715; baseline 0.004 -4"><span class='ocrx_word' id='word_1_110' title='bbox 1029 677 1263 713; x_wconf 82' lang='lat' dir='ltr'>abstinentiae</span> <span class='ocrx_word' id='word_1_111' title='bbox 1288 682 1321 713; x_wconf 90' lang='lat' dir='ltr'>et</span> <span class='ocrx_word' id='word_1_112' title='bbox 1347 678 1467 714; x_wconf 88' lang='lat' dir='ltr'>ieiunii</span> <span class='ocrx_word' id='word_1_113' title='bbox 1488 679 1539 714; x_wconf 69' lang='lat' dir='ltr'>vel</span> <span class='ocrx_word' id='word_1_114' title='bbox 1558 679 1663 715; x_wconf 87' lang='lat' dir='ltr'>etiam</span> <span class='ocrx_word' id='word_1_115' title='bbox 1682 680 1808 715; x_wconf 86' lang='lat' dir='ltr'>utrius-</span> 
     </span>
     <span class='ocr_line' id='line_1_23' title="bbox 1030 724 1337 769; baseline 0.007 -11"><span class='ocrx_word' id='word_1_116' title='bbox 1030 735 1096 769; x_wconf 87' lang='lat' dir='ltr'>que</span> <span class='ocrx_word' id='word_1_117' title='bbox 1122 724 1337 769; x_wconf 85' lang='lat' dir='ltr'>dispensare.</span> 
     </span>
    </p>

    <p class='ocr_par' dir='ltr' id='par_1_10' title="bbox 1027 770 1807 1053">
     <span class='ocr_line' id='line_1_24' title="bbox 1077 770 1803 819; baseline 0.004 -14"><span class='ocrx_word' id='word_1_118' title='bbox 1077 775 1095 813; x_wconf 65' lang='grc' dir='ltr'>ξ</span> <span class='ocrx_word' id='word_1_119' title='bbox 1123 771 1153 805; x_wconf 79' lang='grc'>’2.</span> <span class='ocrx_word' id='word_1_120' title='bbox 1185 770 1379 814; x_wconf 69' lang='grc' dir='ltr'>Οι·(1ἰηεῑι·ἱί,</span> <span class='ocrx_word' id='word_1_121' title='bbox 1418 783 1457 808; x_wconf 84' lang='lat' dir='ltr'>ex</span> <span class='ocrx_word' id='word_1_122' title='bbox 1497 784 1600 808; x_wconf 89' lang='lat' dir='ltr'>causa</span> <span class='ocrx_word' id='word_1_123' title='bbox 1639 774 1803 819; x_wconf 86' lang='lat' dir='ltr'>peculiari</span> 
     </span>
     <span class='ocr_line' id='line_1_25' title="bbox 1029 818 1804 867; baseline 0.005 -15"><span class='ocrx_word' id='word_1_124' title='bbox 1029 818 1146 862; x_wconf 86' lang='lat' dir='ltr'>magni</span> <span class='ocrx_word' id='word_1_125' title='bbox 1178 819 1292 864; x_wconf 88' lang='lat' dir='ltr'>populi</span> <span class='ocrx_word' id='word_1_126' title='bbox 1320 818 1510 855; x_wconf 71' lang='lat' dir='ltr'>concursus</span> <span class='ocrx_word' id='word_1_127' title='bbox 1546 826 1606 855; x_wconf 91' lang='lat' dir='ltr'>aut</span> <span class='ocrx_word' id='word_1_128' title='bbox 1646 821 1804 867; x_wconf 90' lang='lat' dir='ltr'>publicae</span> 
     </span>
     <span class='ocr_line' id='line_1_26' title="bbox 1030 865 1804 913; baseline 0.006 -14"><span class='ocrx_word' id='word_1_129' title='bbox 1030 865 1246 906; x_wconf 86' lang='lat' dir='ltr'>valetudinis,</span> <span class='ocrx_word' id='word_1_130' title='bbox 1270 871 1413 912; x_wconf 90' lang='lat' dir='ltr'>possunt</span> <span class='ocrx_word' id='word_1_131' title='bbox 1432 872 1538 902; x_wconf 89' lang='lat' dir='ltr'>totam</span> <span class='ocrx_word' id='word_1_132' title='bbox 1559 878 1696 913; x_wconf 91' lang='lat' dir='ltr'>quoque</span> <span class='ocrx_word' id='word_1_133' title='bbox 1713 868 1804 904; x_wconf 89' lang='lat' dir='ltr'>dioe-</span> 
     </span>
     <span class='ocr_line' id='line_1_27' title="bbox 1028 912 1807 951; baseline 0.006 -5"><span class='ocrx_word' id='word_1_134' title='bbox 1028 912 1132 947; x_wconf 89' lang='lat' dir='ltr'>cesim</span> <span class='ocrx_word' id='word_1_135' title='bbox 1160 923 1218 947; x_wconf 90' lang='lat' dir='ltr'>seu</span> <span class='ocrx_word' id='word_1_136' title='bbox 1246 913 1359 949; x_wconf 90' lang='lat' dir='ltr'>locum</span> <span class='ocrx_word' id='word_1_137' title='bbox 1378 925 1397 949; x_wconf 90' lang='lat' dir='ltr'>a</span> <span class='ocrx_word' id='word_1_138' title='bbox 1424 914 1554 950; x_wconf 89' lang='lat' dir='ltr'>ieiunio</span> <span class='ocrx_word' id='word_1_139' title='bbox 1579 919 1612 950; x_wconf 91' lang='lat' dir='ltr'>et</span> <span class='ocrx_word' id='word_1_140' title='bbox 1637 915 1681 950; x_wconf 86' lang='lat' dir='ltr'>ab</span> <span class='ocrx_word' id='word_1_141' title='bbox 1703 916 1807 951; x_wconf 86' lang='lat' dir='ltr'>absti-</span> 
     </span>
     <span class='ocr_line' id='line_1_28' title="bbox 1028 960 1804 1008; baseline 0.006 -14"><span class='ocrx_word' id='word_1_142' title='bbox 1028 960 1148 995; x_wconf 85' lang='lat' dir='ltr'>nentia</span> <span class='ocrx_word' id='word_1_143' title='bbox 1176 960 1230 994; x_wconf 86' lang='lat' dir='ltr'>vel</span> <span class='ocrx_word' id='word_1_144' title='bbox 1254 961 1357 996; x_wconf 87' lang='lat' dir='ltr'>etiam</span> <span class='ocrx_word' id='word_1_145' title='bbox 1377 961 1421 996; x_wconf 89' lang='lat' dir='ltr'>ab</span> <span class='ocrx_word' id='word_1_146' title='bbox 1441 966 1588 1007; x_wconf 85' lang='lat' dir='ltr'>utraque</span> <span class='ocrx_word' id='word_1_147' title='bbox 1606 962 1711 998; x_wconf 92' lang='lat' dir='ltr'>simul</span> <span class='ocrx_word' id='word_1_148' title='bbox 1732 963 1804 1008; x_wconf 84' lang='lat' dir='ltr'>lege</span> 
     </span>
     <span class='ocr_line' id='line_1_29' title="bbox 1027 1007 1245 1053; baseline 0 -11"><span class='ocrx_word' id='word_1_149' title='bbox 1027 1007 1245 1053; x_wconf 87' lang='lat' dir='ltr'>dispensare.</span> 
     </span>
    </p>

    <p class='ocr_par' dir='ltr' id='par_1_11' title="bbox 1025 1054 1807 1242">
     <span class='ocr_line' id='line_1_30' title="bbox 1073 1054 1806 1102; baseline 0.005 -14"><span class='ocrx_word' id='word_1_150' title='bbox 1073 1054 1136 1100; x_wconf 54' lang='lat'>5¹3.</span> <span class='ocrx_word' id='word_1_151' title='bbox 1155 1054 1190 1088; x_wconf 94' lang='lat' dir='ltr'>ln</span> <span class='ocrx_word' id='word_1_152' title='bbox 1207 1054 1376 1099; x_wconf 84' lang='lat' dir='ltr'>religione</span> <span class='ocrx_word' id='word_1_153' title='bbox 1390 1055 1537 1091; x_wconf 86' lang='lat' dir='ltr'>clericali</span> <span class='ocrx_word' id='word_1_154' title='bbox 1552 1061 1712 1102; x_wconf 85' lang='lat' dir='ltr'>exempta</span> <span class='ocrx_word' id='word_1_155' title='bbox 1724 1068 1806 1092; x_wconf 82' lang='lat' dir='ltr'>ean·</span> 
     </span>
     <span class='ocr_line' id='line_1_31' title="bbox 1026 1102 1805 1148; baseline 0.004 -11"><span class='ocrx_word' id='word_1_156' title='bbox 1026 1102 1103 1137; x_wconf 89' lang='lat' dir='ltr'>dem</span> <span class='ocrx_word' id='word_1_157' title='bbox 1123 1102 1349 1147; x_wconf 87' lang='lat' dir='ltr'>dispensandi</span> <span class='ocrx_word' id='word_1_158' title='bbox 1372 1107 1572 1148; x_wconf 88' lang='lat' dir='ltr'>potestatem</span> <span class='ocrx_word' id='word_1_159' title='bbox 1594 1103 1723 1139; x_wconf 86' lang='lat' dir='ltr'>babent</span> <span class='ocrx_word' id='word_1_160' title='bbox 1742 1103 1805 1140; x_wconf 90' lang='lat' dir='ltr'>Su-</span> 
     </span>
     <span class='ocr_line' id='line_1_32' title="bbox 1028 1149 1807 1196; baseline 0.003 -12"><span class='ocrx_word' id='word_1_161' title='bbox 1028 1149 1177 1195; x_wconf 88' lang='lat' dir='ltr'>periores</span> <span class='ocrx_word' id='word_1_162' title='bbox 1191 1149 1232 1183; x_wconf 87' lang='lat' dir='ltr'>ad</span> <span class='ocrx_word' id='word_1_163' title='bbox 1250 1149 1390 1184; x_wconf 90' lang='lat' dir='ltr'>modum</span> <span class='ocrx_word' id='word_1_164' title='bbox 1408 1150 1560 1195; x_wconf 84' lang='lat' dir='ltr'>parochi,</span> <span class='ocrx_word' id='word_1_165' title='bbox 1577 1151 1667 1196; x_wconf 89' lang='lat' dir='ltr'>quod</span> <span class='ocrx_word' id='word_1_166' title='bbox 1681 1151 1807 1186; x_wconf 85' lang='lat' dir='ltr'>attinet</span> 
     </span>
     <span class='ocr_line' id='line_1_33' title="bbox 1025 1196 1803 1242; baseline 0.003 -11"><span class='ocrx_word' id='word_1_167' title='bbox 1025 1197 1068 1231; x_wconf 89' lang='lat' dir='ltr'>ad</span> <span class='ocrx_word' id='word_1_168' title='bbox 1087 1207 1261 1241; x_wconf 76' lang='lat' dir='ltr'>personas,</span> <span class='ocrx_word' id='word_1_169' title='bbox 1277 1197 1318 1231; x_wconf 91' lang='lat' dir='ltr'>de</span> <span class='ocrx_word' id='word_1_170' title='bbox 1333 1197 1461 1242; x_wconf 88' lang='lat' dir='ltr'>quibus</span> <span class='ocrx_word' id='word_1_171' title='bbox 1482 1197 1518 1231; x_wconf 92' lang='lat' dir='ltr'>in</span> <span class='ocrx_word' id='word_1_172' title='bbox 1539 1208 1618 1232; x_wconf 86' lang='lat' dir='ltr'>can.</span> <span class='ocrx_word' id='word_1_173' title='bbox 1637 1196 1718 1242; x_wconf 79' lang='lat'>514,</span> <span class='ocrx_word' id='word_1_174' title='bbox 1735 1202 1754 1241; x_wconf 62' lang='grc' dir='ltr'>ἓ</span> <span class='ocrx_word' id='word_1_175' title='bbox 1771 1199 1803 1233; x_wconf 93' lang='grc'>1.</span> 
     </span>
    </p>

    <p class='ocr_par' dir='ltr' id='par_1_12' title="bbox 1073 1241 1806 1290">
     <span class='ocr_line' id='line_1_34' title="bbox 1073 1241 1806 1290; baseline 0.003 -11"><span class='ocrx_word' id='word_1_176' title='bbox 1073 1245 1157 1279; x_wconf 57' lang='lat' dir='ltr'>CAN.</span> <span class='ocrx_word' id='word_1_177' title='bbox 1182 1241 1280 1277; x_wconf 67' lang='lat'>1246.</span> <span class='ocrx_word' id='word_1_178' title='bbox 1301 1243 1508 1290; x_wconf 87' lang='lat' dir='ltr'>Supputatio</span> <span class='ocrx_word' id='word_1_179' title='bbox 1526 1244 1593 1280; x_wconf 89' lang='lat' dir='ltr'>diei</span> <span class='ocrx_word' id='word_1_180' title='bbox 1612 1245 1806 1286; x_wconf 83' lang='lat' dir='ltr'>sesti‚item-</span> 
     </span>
    </p>
   </div>
   <div class='ocr_carea' id='block_1_7' title="bbox 172 1289 951 1429">
    <p class='ocr_par' dir='ltr' id='par_1_13' title="bbox 172 1289 951 1429">
     <span class='ocr_line' id='line_1_35' title="bbox 177 1289 951 1334; baseline 0.004 -12"><span class='ocrx_word' id='word_1_181' title='bbox 177 1294 320 1333; x_wconf 88' lang='lat' dir='ltr'>possunt</span> <span class='ocrx_word' id='word_1_182' title='bbox 347 1289 518 1324; x_wconf 88' lang='lat' dir='ltr'>subiectos</span> <span class='ocrx_word' id='word_1_183' title='bbox 545 1289 609 1324; x_wconf 92' lang='lat' dir='ltr'>sibi</span> <span class='ocrx_word' id='word_1_184' title='bbox 642 1290 798 1334; x_wconf 82' lang='lat' dir='ltr'>singulos</span> <span class='ocrx_word' id='word_1_185' title='bbox 835 1290 951 1326; x_wconf 82' lang='lat' dir='ltr'>fideles</span> 
     </span>
     <span class='ocr_line' id='line_1_36' title="bbox 175 1335 949 1380; baseline 0.005 -11"><span class='ocrx_word' id='word_1_186' title='bbox 175 1335 374 1380; x_wconf 81' lang='lat' dir='ltr'>singulasve</span> <span class='ocrx_word' id='word_1_187' title='bbox 403 1336 564 1377; x_wconf 75' lang='lat' dir='ltr'>familias,</span> <span class='ocrx_word' id='word_1_188' title='bbox 593 1337 696 1372; x_wconf 86' lang='lat' dir='ltr'>etiam</span> <span class='ocrx_word' id='word_1_189' title='bbox 724 1342 820 1372; x_wconf 80' lang='lat' dir='ltr'>extra</span> <span class='ocrx_word' id='word_1_190' title='bbox 854 1339 949 1373; x_wconf 88' lang='lat' dir='ltr'>terri-</span> 
     </span>
     <span class='ocr_line' id='line_1_37' title="bbox 172 1383 949 1429; baseline 0.005 -13"><span class='ocrx_word' id='word_1_191' title='bbox 172 1383 314 1423; x_wconf 79' lang='lat' dir='ltr'>torium,</span> <span class='ocrx_word' id='word_1_192' title='bbox 343 1388 447 1429; x_wconf 88' lang='lat' dir='ltr'>atque</span> <span class='ocrx_word' id='word_1_193' title='bbox 474 1384 507 1418; x_wconf 89' lang='lat' dir='ltr'>in</span> <span class='ocrx_word' id='word_1_194' title='bbox 544 1395 606 1419; x_wconf 91' lang='lat' dir='ltr'>suo</span> <span class='ocrx_word' id='word_1_195' title='bbox 639 1384 810 1420; x_wconf 83' lang='lat' dir='ltr'>territorio</span> <span class='ocrx_word' id='word_1_196' title='bbox 845 1386 949 1421; x_wconf 87' lang='lat' dir='ltr'>etiam</span> 
     </span>
    </p>
   </div>
   <div class='ocr_carea' id='block_1_8' title="bbox 1025 1337 1802 1432">
    <p class='ocr_par' dir='ltr' id='par_1_14' title="bbox 1025 1337 1802 1432">
     <span class='ocr_line' id='line_1_38' title="bbox 1025 1337 1802 1384; baseline 0.003 -11"><span class='ocrx_word' id='word_1_197' title='bbox 1025 1344 1075 1374; x_wconf 86' lang='lat' dir='ltr'>est</span> <span class='ocrx_word' id='word_1_198' title='bbox 1101 1350 1121 1373; x_wconf 88' lang='lat' dir='ltr'>a</span> <span class='ocrx_word' id='word_1_199' title='bbox 1149 1337 1260 1372; x_wconf 88' lang='lat' dir='ltr'>media</span> <span class='ocrx_word' id='word_1_200' title='bbox 1290 1343 1388 1373; x_wconf 89' lang='lat' dir='ltr'>nocte</span> <span class='ocrx_word' id='word_1_201' title='bbox 1428 1350 1537 1384; x_wconf 88' lang='lat' dir='ltr'>usque</span> <span class='ocrx_word' id='word_1_202' title='bbox 1573 1339 1616 1374; x_wconf 92' lang='lat' dir='ltr'>ad</span> <span class='ocrx_word' id='word_1_203' title='bbox 1653 1339 1802 1375; x_wconf 89' lang='lat' dir='ltr'>mediam</span> 
     </span>
     <span class='ocr_line' id='line_1_39' title="bbox 1027 1385 1754 1432; baseline 0 -11"><span class='ocrx_word' id='word_1_204' title='bbox 1027 1391 1176 1427; x_wconf 77' lang='lat' dir='ltr'>noctem,</span> <span class='ocrx_word' id='word_1_205' title='bbox 1205 1385 1299 1421; x_wconf 87' lang='lat' dir='ltr'>salvo</span> <span class='ocrx_word' id='word_1_206' title='bbox 1326 1387 1537 1432; x_wconf 81' lang='lat' dir='ltr'>praescripto</span> <span class='ocrx_word' id='word_1_207' title='bbox 1562 1397 1640 1422; x_wconf 88' lang='lat' dir='ltr'>can.</span> <span class='ocrx_word' id='word_1_208' title='bbox 1674 1385 1754 1421; x_wconf 74' lang='lat'>923.</span> 
     </span>
    </p>
   </div>
   <div class='ocr_carea' id='block_1_9' title="bbox 167 1502 1804 2763">
    <p class='ocr_par' dir='ltr' id='par_1_15' title="bbox 170 1502 1804 2123">
     <span class='ocr_line' id='line_1_40' title="bbox 298 1502 1803 1569; baseline 0.003 -22"><span class='ocrx_word' id='word_1_209' title='bbox 298 1502 391 1544; x_wconf 83' lang='lat'>103.</span> <span class='ocrx_word' id='word_1_210' title='bbox 417 1505 675 1560; x_wconf 84' lang='lat' dir='ltr'>Inscriptio</span> <span class='ocrx_word' id='word_1_211' title='bbox 694 1504 939 1551; x_wconf 84' lang='lat' dir='ltr'>Sectionis</span> <span class='ocrx_word' id='word_1_212' title='bbox 961 1507 1166 1562; x_wconf 90' lang='lat' dir='ltr'>eiusque</span> <span class='ocrx_word' id='word_1_213' title='bbox 1188 1509 1400 1569; x_wconf 80' lang='lat' dir='ltr'>quatuor</span> <span class='ocrx_word' id='word_1_214' title='bbox 1422 1519 1638 1552; x_wconf 86' lang='lat' dir='ltr'>canones</span> <span class='ocrx_word' id='word_1_215' title='bbox 1661 1520 1803 1563; x_wconf 85' lang='lat' dir='ltr'>prae-</span> 
     </span>
     <span class='ocr_line' id='line_1_41' title="bbox 176 1572 1804 1633; baseline 0.001 -16"><span class='ocrx_word' id='word_1_216' title='bbox 176 1574 441 1619; x_wconf 85' lang='lat' dir='ltr'>liminares.</span> <span class='ocrx_word' id='word_1_217' title='bbox 474 1572 615 1616; x_wconf 73' lang='lat' dir='ltr'>Sectio</span> <span class='ocrx_word' id='word_1_218' title='bbox 649 1573 695 1616; x_wconf 93' lang='lat' dir='ltr'>II</span> <span class='ocrx_word' id='word_1_219' title='bbox 723 1578 783 1617; x_wconf 91' lang='lat' dir='ltr'>est.</span> <span class='ocrx_word' id='word_1_220' title='bbox 819 1573 877 1617; x_wconf 89' lang='lat' dir='ltr'>De</span> <span class='ocrx_word' id='word_1_221' title='bbox 912 1574 1179 1633; x_wconf 73' lang='lat' dir='ltr'>temporibus,</span> <span class='ocrx_word' id='word_1_222' title='bbox 1211 1575 1387 1618; x_wconf 86' lang='lat' dir='ltr'>scilicet:</span> <span class='ocrx_word' id='word_1_223' title='bbox 1423 1575 1568 1619; x_wconf 79' lang='lat' dir='ltr'>(liebus</span> <span class='ocrx_word' id='word_1_224' title='bbox 1589 1578 1679 1619; x_wconf 85' lang='lat' dir='ltr'>sive</span> <span class='ocrx_word' id='word_1_225' title='bbox 1711 1590 1804 1620; x_wconf 88' lang='lat' dir='ltr'>snc-</span> 
     </span>
     <span class='ocr_line' id='line_1_42' title="bbox 173 1645 1804 1704; baseline 0.002 -18"><span class='ocrx_word' id='word_1_226' title='bbox 173 1645 359 1699; x_wconf 85' lang='lat' dir='ltr'>cessivis,</span> <span class='ocrx_word' id='word_1_227' title='bbox 393 1645 483 1686; x_wconf 86' lang='lat' dir='ltr'>sive</span> <span class='ocrx_word' id='word_1_228' title='bbox 519 1646 770 1701; x_wconf 73' lang='lat' dir='ltr'>interruptis,</span> <span class='ocrx_word' id='word_1_229' title='bbox 806 1647 876 1702; x_wconf 88' lang='lat' dir='ltr'>qui</span> <span class='ocrx_word' id='word_1_230' title='bbox 911 1650 1047 1688; x_wconf 89' lang='lat' dir='ltr'>tamen</span> <span class='ocrx_word' id='word_1_231' title='bbox 1071 1645 1123 1689; x_wconf 92' lang='lat' dir='ltr'>ob</span> <span class='ocrx_word' id='word_1_232' title='bbox 1147 1659 1313 1689; x_wconf 88' lang='lat' dir='ltr'>cursum</span> <span class='ocrx_word' id='word_1_233' title='bbox 1340 1646 1595 1702; x_wconf 88' lang='lat' dir='ltr'>periodicum</span> <span class='ocrx_word' id='word_1_234' title='bbox 1616 1651 1804 1704; x_wconf 85' lang='lat' dir='ltr'>tempora</span> 
     </span>
     <span class='ocr_line' id='line_1_43' title="bbox 176 1715 1804 1773; baseline 0.003 -18"><span class='ocrx_word' id='word_1_235' title='bbox 176 1716 341 1770; x_wconf 82' lang='lat' dir='ltr'>proprie</span> <span class='ocrx_word' id='word_1_236' title='bbox 374 1717 642 1769; x_wconf 85' lang='lat' dir='ltr'>constituunt,</span> <span class='ocrx_word' id='word_1_237' title='bbox 675 1715 926 1773; x_wconf 85' lang='lat' dir='ltr'>additurque</span> <span class='ocrx_word' id='word_1_238' title='bbox 960 1715 1108 1771; x_wconf 70' lang='lat' dir='ltr'>sacris,</span> <span class='ocrx_word' id='word_1_239' title='bbox 1155 1720 1372 1772; x_wconf 88' lang='lat' dir='ltr'>propterea</span> <span class='ocrx_word' id='word_1_240' title='bbox 1416 1716 1524 1772; x_wconf 88' lang='lat' dir='ltr'>quod</span> <span class='ocrx_word' id='word_1_241' title='bbox 1569 1716 1696 1760; x_wconf 85' lang='lat' dir='ltr'>cultui</span> <span class='ocrx_word' id='word_1_242' title='bbox 1732 1731 1804 1773; x_wconf 91' lang='lat' dir='ltr'>per</span> 
     </span>
     <span class='ocr_line' id='line_1_44' title="bbox 175 1784 1804 1842; baseline 0.002 -15"><span class='ocrx_word' id='word_1_243' title='bbox 175 1784 317 1828; x_wconf 84' lang='lat' dir='ltr'>iideles</span> <span class='ocrx_word' id='word_1_244' title='bbox 351 1785 597 1841; x_wconf 86' lang='lat' dir='ltr'>praestando</span> <span class='ocrx_word' id='word_1_245' title='bbox 633 1785 699 1828; x_wconf 82' lang='lat' dir='ltr'>illa</span> <span class='ocrx_word' id='word_1_246' title='bbox 732 1788 837 1829; x_wconf 77' lang='lat' dir='ltr'>sacri</span> <span class='ocrx_word' id='word_1_247' title='bbox 873 1799 1052 1829; x_wconf 88' lang='lat' dir='ltr'>canones</span> <span class='ocrx_word' id='word_1_248' title='bbox 1074 1786 1338 1842; x_wconf 83' lang='lat' dir='ltr'>deputarunt.</span> <span class='ocrx_word' id='word_1_249' title='bbox 1363 1786 1576 1841; x_wconf 85' lang='lat' dir='ltr'>Quaenam</span> <span class='ocrx_word' id='word_1_250' title='bbox 1601 1789 1681 1830; x_wconf 91' lang='lat' dir='ltr'>sint</span> <span class='ocrx_word' id='word_1_251' title='bbox 1703 1792 1804 1830; x_wconf 88' lang='lat' dir='ltr'>tem-</span> 
     </span>
     <span class='ocr_line' id='line_1_45' title="bbox 176 1855 1801 1913; baseline 0.002 -16"><span class='ocrx_word' id='word_1_252' title='bbox 176 1868 273 1911; x_wconf 85' lang='lat' dir='ltr'>pora</span> <span class='ocrx_word' id='word_1_253' title='bbox 308 1855 373 1897; x_wconf 87' lang='lat' dir='ltr'>illa</span> <span class='ocrx_word' id='word_1_254' title='bbox 408 1855 596 1899; x_wconf 85' lang='lat' dir='ltr'>decernit</span> <span class='ocrx_word' id='word_1_255' title='bbox 629 1858 667 1898; x_wconf 93' lang='lat' dir='ltr'>in</span> <span class='ocrx_word' id='word_1_256' title='bbox 702 1869 854 1913; x_wconf 84' lang='lat' dir='ltr'>genere</span> <span class='ocrx_word' id='word_1_257' title='bbox 888 1869 977 1900; x_wconf 86' lang='lat' dir='ltr'>can.</span> <span class='ocrx_word' id='word_1_258' title='bbox 1014 1856 1140 1911; x_wconf 68' lang='lat'>1243,</span> <span class='ocrx_word' id='word_1_259' title='bbox 1174 1860 1398 1900; x_wconf 84' lang='lat' dir='ltr'>auctoritas</span> <span class='ocrx_word' id='word_1_260' title='bbox 1429 1862 1668 1913; x_wconf 87' lang='lat' dir='ltr'>competens</span> <span class='ocrx_word' id='word_1_261' title='bbox 1690 1860 1801 1901; x_wconf 88' lang='lat' dir='ltr'>circa</span> 
     </span>
     <span class='ocr_line' id='line_1_46' title="bbox 176 1925 1804 1985; baseline 0.002 -17"><span class='ocrx_word' id='word_1_262' title='bbox 176 1925 410 1969; x_wconf 85' lang='lat' dir='ltr'>huiusmodi</span> <span class='ocrx_word' id='word_1_263' title='bbox 447 1926 746 1983; x_wconf 77' lang='lat' dir='ltr'>legislationem</span> <span class='ocrx_word' id='word_1_264' title='bbox 782 1929 820 1970; x_wconf 91' lang='lat' dir='ltr'>in</span> <span class='ocrx_word' id='word_1_265' title='bbox 861 1940 951 1972; x_wconf 89' lang='lat' dir='ltr'>can.</span> <span class='ocrx_word' id='word_1_266' title='bbox 996 1927 1104 1970; x_wconf 67' lang='lat'>1244</span> <span class='ocrx_word' id='word_1_267' title='bbox 1129 1928 1318 1983; x_wconf 84' lang='lat' dir='ltr'>edicitur,</span> <span class='ocrx_word' id='word_1_268' title='bbox 1343 1927 1394 1970; x_wconf 85' lang='lat' dir='ltr'>de</span> <span class='ocrx_word' id='word_1_269' title='bbox 1417 1932 1617 1984; x_wconf 89' lang='lat' dir='ltr'>potestate</span> <span class='ocrx_word' id='word_1_270' title='bbox 1640 1928 1804 1985; x_wconf 88' lang='lat' dir='ltr'>dispen-</span> 
     </span>
     <span class='ocr_line' id='line_1_47' title="bbox 172 1996 1802 2054; baseline 0.001 -15"><span class='ocrx_word' id='word_1_271' title='bbox 172 1996 288 2039; x_wconf 88' lang='lat' dir='ltr'>sandi</span> <span class='ocrx_word' id='word_1_272' title='bbox 323 1999 460 2053; x_wconf 84' lang='lat' dir='ltr'>agitur</span> <span class='ocrx_word' id='word_1_273' title='bbox 495 1999 532 2040; x_wconf 93' lang='lat' dir='ltr'>in</span> <span class='ocrx_word' id='word_1_274' title='bbox 568 2010 656 2040; x_wconf 87' lang='lat' dir='ltr'>can.</span> <span class='ocrx_word' id='word_1_275' title='bbox 706 1997 830 2049; x_wconf 71' lang='lat'>1245,</span> <span class='ocrx_word' id='word_1_276' title='bbox 880 1997 977 2040; x_wconf 89' lang='lat' dir='ltr'>dum</span> <span class='ocrx_word' id='word_1_277' title='bbox 1027 2010 1115 2041; x_wconf 93' lang='lat' dir='ltr'>can.</span> <span class='ocrx_word' id='word_1_278' title='bbox 1170 1998 1278 2041; x_wconf 68' lang='lat'>1246</span> <span class='ocrx_word' id='word_1_279' title='bbox 1327 1998 1547 2054; x_wconf 86' lang='lat' dir='ltr'>specialem</span> <span class='ocrx_word' id='word_1_280' title='bbox 1600 2003 1802 2042; x_wconf 88' lang='lat' dir='ltr'>memorat</span> 
     </span>
     <span class='ocr_line' id='line_1_48' title="bbox 170 2070 522 2123; baseline 0.006 -14"><span class='ocrx_word' id='word_1_281' title='bbox 170 2070 522 2123; x_wconf 83' lang='lat' dir='ltr'>supputationem.</span> 
     </span>
    </p>

    <p class='ocr_par' dir='ltr' id='par_1_16' title="bbox 167 2138 1797 2550">
     <span class='ocr_line' id='line_1_49' title="bbox 297 2138 1796 2198; baseline 0.002 -18"><span class='ocrx_word' id='word_1_282' title='bbox 297 2138 388 2184; x_wconf 81' lang='grc'>104.</span> <span class='ocrx_word' id='word_1_283' title='bbox 414 2142 562 2185; x_wconf 83' lang='lat' dir='ltr'>Notio</span> <span class='ocrx_word' id='word_1_284' title='bbox 579 2144 854 2197; x_wconf 87' lang='lat' dir='ltr'>temporum</span> <span class='ocrx_word' id='word_1_285' title='bbox 878 2155 1145 2187; x_wconf 80' lang='lat' dir='ltr'>sacrorum.</span> <span class='ocrx_word' id='word_1_286' title='bbox 1174 2139 1425 2183; x_wconf 65' lang='lat' dir='ltr'>Gaa1243.</span> <span class='ocrx_word' id='word_1_287' title='bbox 1452 2139 1651 2198; x_wconf 78' lang='lat' dir='ltr'>Tempora</span> <span class='ocrx_word' id='word_1_288' title='bbox 1674 2155 1796 2184; x_wconf 80' lang='lat' dir='ltr'>saera</span> 
     </span>
     <span class='ocr_line' id='line_1_50' title="bbox 171 2210 1797 2268; baseline 0.002 -17"><span class='ocrx_word' id='word_1_289' title='bbox 171 2212 338 2265; x_wconf 83' lang='lat' dir='ltr'>proprie</span> <span class='ocrx_word' id='word_1_290' title='bbox 371 2215 468 2252; x_wconf 75' lang='lat' dir='ltr'>suat</span> <span class='ocrx_word' id='word_1_291' title='bbox 503 2210 593 2253; x_wconf 69' lang='lat' dir='ltr'>dies</span> <span class='ocrx_word' id='word_1_292' title='bbox 624 2210 738 2268; x_wconf 75' lang='lat' dir='ltr'>festi,</span> <span class='ocrx_word' id='word_1_293' title='bbox 788 2214 847 2255; x_wconf 91' lang='lat' dir='ltr'>sic</span> <span class='ocrx_word' id='word_1_294' title='bbox 874 2212 971 2255; x_wconf 88' lang='lat' dir='ltr'>dicti</span> <span class='ocrx_word' id='word_1_295' title='bbox 1005 2224 1026 2255; x_wconf 93' lang='lat' dir='ltr'>a</span> <span class='ocrx_word' id='word_1_296' title='bbox 1062 2213 1277 2255; x_wconf 80' lang='lat' dir='ltr'>feriatione</span> <span class='ocrx_word' id='word_1_297' title='bbox 1311 2213 1575 2268; x_wconf 83' lang='lat' dir='ltr'>profanarum</span> <span class='ocrx_word' id='word_1_298' title='bbox 1621 2225 1797 2268; x_wconf 89' lang='lat' dir='ltr'>occupa-</span> 
     </span>
     <span class='ocr_line' id='line_1_51' title="bbox 173 2281 1797 2339; baseline 0.002 -16"><span class='ocrx_word' id='word_1_299' title='bbox 173 2283 348 2334; x_wconf 71' lang='lat' dir='ltr'>tionum,</span> <span class='ocrx_word' id='word_1_300' title='bbox 384 2281 520 2339; x_wconf 75' lang='lat' dir='ltr'>iisque</span> <span class='ocrx_word' id='word_1_301' title='bbox 552 2288 826 2325; x_wconf 71' lang='lat' dir='ltr'>accensentur</span> <span class='ocrx_word' id='word_1_302' title='bbox 856 2282 946 2325; x_wconf 76' lang='lat' dir='ltr'>(lies</span> <span class='ocrx_word' id='word_1_303' title='bbox 979 2282 1259 2325; x_wconf 70' lang='lat' dir='ltr'>abstinentiae</span> <span class='ocrx_word' id='word_1_304' title='bbox 1290 2287 1329 2325; x_wconf 79' lang='lat' dir='ltr'>et</span> <span class='ocrx_word' id='word_1_305' title='bbox 1362 2282 1527 2334; x_wconf 63' lang='lat' dir='ltr'>ieiumi,</span> <span class='ocrx_word' id='word_1_306' title='bbox 1560 2295 1607 2327; x_wconf 89' lang='lat' dir='ltr'>ac</span> <span class='ocrx_word' id='word_1_307' title='bbox 1651 2285 1797 2326; x_wconf 84' lang='lat' dir='ltr'>merito</span> 
     </span>
     <span class='ocr_line' id='line_1_52' title="bbox 167 2352 1795 2410; baseline 0.002 -17"><span class='ocrx_word' id='word_1_308' title='bbox 167 2365 218 2394; x_wconf 83' lang='lat' dir='ltr'>eo</span> <span class='ocrx_word' id='word_1_309' title='bbox 251 2352 359 2409; x_wconf 85' lang='lat' dir='ltr'>quod</span> <span class='ocrx_word' id='word_1_310' title='bbox 397 2352 502 2396; x_wconf 84' lang='lat' dir='ltr'>istud</span> <span class='ocrx_word' id='word_1_311' title='bbox 539 2366 632 2396; x_wconf 90' lang='lat' dir='ltr'>cum</span> <span class='ocrx_word' id='word_1_312' title='bbox 667 2352 741 2396; x_wconf 91' lang='lat' dir='ltr'>Dei</span> <span class='ocrx_word' id='word_1_313' title='bbox 774 2353 886 2397; x_wconf 88' lang='lat' dir='ltr'>cultu</span> <span class='ocrx_word' id='word_1_314' title='bbox 923 2365 1115 2410; x_wconf 85' lang='lat' dir='ltr'>magnam</span> <span class='ocrx_word' id='word_1_315' title='bbox 1160 2352 1283 2396; x_wconf 89' lang='lat' dir='ltr'>habet</span> <span class='ocrx_word' id='word_1_316' title='bbox 1326 2356 1642 2408; x_wconf 79' lang='lat' dir='ltr'>connexionem,</span> <span class='ocrx_word' id='word_1_317' title='bbox 1683 2356 1795 2397; x_wconf 85' lang='lat' dir='ltr'>iuxta</span> 
     </span>
     <span class='ocr_line' id='line_1_53' title="bbox 172 2420 1791 2479; baseline -0.001 -15"><span class='ocrx_word' id='word_1_318' title='bbox 172 2421 296 2465; x_wconf 84' lang='lat' dir='ltr'>illud:</span> <span class='ocrx_word' id='word_1_319' title='bbox 337 2438 356 2462; x_wconf 81' lang='grc'>(&lt;</span> <span class='ocrx_word' id='word_1_320' title='bbox 381 2420 459 2475; x_wconf 79' lang='lat' dir='ltr'>Qui</span> <span class='ocrx_word' id='word_1_321' title='bbox 494 2423 697 2479; x_wconf 85' lang='lat' dir='ltr'>corporali</span> <span class='ocrx_word' id='word_1_322' title='bbox 733 2426 885 2466; x_wconf 78' lang='lat' dir='ltr'>ieIunio</span> <span class='ocrx_word' id='word_1_323' title='bbox 923 2425 1019 2466; x_wconf 91' lang='lat' dir='ltr'>vitia</span> <span class='ocrx_word' id='word_1_324' title='bbox 1060 2425 1316 2479; x_wconf 74' lang='lat' dir='ltr'>comprimis,</span> <span class='ocrx_word' id='word_1_325' title='bbox 1353 2428 1532 2466; x_wconf 88' lang='lat' dir='ltr'>mentem</span> <span class='ocrx_word' id='word_1_326' title='bbox 1572 2423 1791 2466; x_wconf 81' lang='lat' dir='ltr'>elevas...»</span> 
     </span>
     <span class='ocr_line' id='line_1_54' title="bbox 168 2493 1676 2550; baseline 0 -16"><span class='ocrx_word' id='word_1_327' title='bbox 168 2497 210 2534; x_wconf 80' lang='lat' dir='ltr'>et</span> <span class='ocrx_word' id='word_1_328' title='bbox 243 2495 355 2535; x_wconf 88' lang='lat' dir='ltr'>iuxta</span> <span class='ocrx_word' id='word_1_329' title='bbox 390 2493 640 2550; x_wconf 82' lang='lat' dir='ltr'>Archangeli</span> <span class='ocrx_word' id='word_1_330' title='bbox 675 2494 857 2537; x_wconf 88' lang='lat' dir='ltr'>dictum:</span> <span class='ocrx_word' id='word_1_331' title='bbox 897 2494 1049 2536; x_wconf 82' lang='lat' dir='ltr'>«Bona</span> <span class='ocrx_word' id='word_1_332' title='bbox 1082 2498 1143 2537; x_wconf 89' lang='lat' dir='ltr'>est</span> <span class='ocrx_word' id='word_1_333' title='bbox 1174 2496 1304 2537; x_wconf 86' lang='lat' dir='ltr'>oratio</span> <span class='ocrx_word' id='word_1_334' title='bbox 1338 2508 1431 2537; x_wconf 87' lang='lat' dir='ltr'>cum</span> <span class='ocrx_word' id='word_1_335' title='bbox 1468 2496 1676 2537; x_wconf 80' lang='lat' dir='ltr'>ieiunio».</span> 
     </span>
    </p>

    <p class='ocr_par' dir='ltr' id='par_1_17' title="bbox 169 2563 1794 2763">
     <span class='ocr_line' id='line_1_55' title="bbox 292 2563 1792 2622; baseline 0 -16"><span class='ocrx_word' id='word_1_336' title='bbox 292 2564 386 2606; x_wconf 77' lang='lat'>105.</span> <span class='ocrx_word' id='word_1_337' title='bbox 425 2566 497 2610; x_wconf 93' lang='lat' dir='ltr'>De</span> <span class='ocrx_word' id='word_1_338' title='bbox 529 2567 825 2611; x_wconf 86' lang='lat' dir='ltr'>auctoritate</span> <span class='ocrx_word' id='word_1_339' title='bbox 858 2569 1166 2622; x_wconf 84' lang='lat' dir='ltr'>competente</span> <span class='ocrx_word' id='word_1_340' title='bbox 1198 2567 1245 2610; x_wconf 92' lang='lat' dir='ltr'>in</span> <span class='ocrx_word' id='word_1_341' title='bbox 1277 2569 1503 2622; x_wconf 86' lang='lat' dir='ltr'>tempora</span> <span class='ocrx_word' id='word_1_342' title='bbox 1534 2579 1693 2611; x_wconf 87' lang='lat' dir='ltr'>sacra.</span> <span class='ocrx_word' id='word_1_343' title='bbox 1717 2563 1792 2608; x_wconf 87' lang='lat' dir='ltr'>Ur-</span> 
     </span>
     <span class='ocr_line' id='line_1_56' title="bbox 170 2633 1791 2692; baseline 0.001 -16"><span class='ocrx_word' id='word_1_344' title='bbox 170 2634 299 2677; x_wconf 82' lang='lat' dir='ltr'>banus</span> <span class='ocrx_word' id='word_1_345' title='bbox 337 2633 418 2677; x_wconf 90' lang='lat' dir='ltr'>Vlll</span> <span class='ocrx_word' id='word_1_346' title='bbox 455 2637 492 2677; x_wconf 92' lang='lat' dir='ltr'>in</span> <span class='ocrx_word' id='word_1_347' title='bbox 527 2640 655 2678; x_wconf 86' lang='lat' dir='ltr'>const.</span> <span class='ocrx_word' id='word_1_348' title='bbox 696 2635 985 2680; x_wconf 77' lang='lat' dir='ltr'>«Universa»</span> <span class='ocrx_word' id='word_1_349' title='bbox 1016 2636 1027 2657; x_wconf 74' lang='lat'>²</span> <span class='ocrx_word' id='word_1_350' title='bbox 1066 2640 1281 2692; x_wconf 86' lang='lat' dir='ltr'>postquam</span> <span class='ocrx_word' id='word_1_351' title='bbox 1317 2635 1404 2679; x_wconf 87' lang='lat' dir='ltr'>dies</span> <span class='ocrx_word' id='word_1_352' title='bbox 1438 2636 1560 2679; x_wconf 83' lang='lat' dir='ltr'>festos</span> <span class='ocrx_word' id='word_1_353' title='bbox 1598 2635 1791 2678; x_wconf 86' lang='lat' dir='ltr'>determi-</span> 
     </span>
     <span class='ocr_line' id='line_1_57' title="bbox 169 2703 1794 2763; baseline 0.001 -17"><span class='ocrx_word' id='word_1_354' title='bbox 169 2707 297 2760; x_wconf 77' lang='lat' dir='ltr'>navit,</span> <span class='ocrx_word' id='word_1_355' title='bbox 334 2708 486 2763; x_wconf 88' lang='lat' dir='ltr'>inquit:</span> <span class='ocrx_word' id='word_1_356' title='bbox 527 2721 547 2747; x_wconf 85' lang='grc'>((</span> <span class='ocrx_word' id='word_1_357' title='bbox 570 2706 629 2749; x_wconf 91' lang='lat' dir='ltr'>Ne</span> <span class='ocrx_word' id='word_1_358' title='bbox 662 2711 800 2750; x_wconf 87' lang='lat' dir='ltr'>autem</span> <span class='ocrx_word' id='word_1_359' title='bbox 834 2706 922 2750; x_wconf 86' lang='lat' dir='ltr'>dies</span> <span class='ocrx_word' id='word_1_360' title='bbox 955 2707 1077 2749; x_wconf 83' lang='lat' dir='ltr'>festos</span> <span class='ocrx_word' id='word_1_361' title='bbox 1111 2718 1131 2749; x_wconf 90' lang='lat' dir='ltr'>a</span> <span class='ocrx_word' id='word_1_362' title='bbox 1167 2706 1352 2749; x_wconf 88' lang='lat' dir='ltr'>locorum</span> <span class='ocrx_word' id='word_1_363' title='bbox 1387 2703 1634 2761; x_wconf 84' lang='lat' dir='ltr'>Ordinariis,</span> <span class='ocrx_word' id='word_1_364' title='bbox 1668 2706 1794 2748; x_wconf 90' lang='lat' dir='ltr'>nimia</span> 
     </span>
    </p>
   </div>
   <div class='ocr_carea' id='block_1_10' title="bbox 288 2859 745 2904">
    <p class='ocr_par' dir='ltr' id='par_1_18' title="bbox 288 2859 745 2904">
     <span class='ocr_line' id='line_1_58' title="bbox 288 2859 745 2904; baseline 0.007 -12"><span class='ocrx_word' id='word_1_365' title='bbox 288 2860 299 2880; x_wconf 86' lang='lat'>1</span> <span class='ocrx_word' id='word_1_366' title='bbox 328 2859 371 2893; x_wconf 86' lang='lat'>13</span> <span class='ocrx_word' id='word_1_367' title='bbox 400 2859 504 2904; x_wconf 79' lang='lat' dir='ltr'>Sept.</span> <span class='ocrx_word' id='word_1_368' title='bbox 535 2861 637 2904; x_wconf 78' lang='lat'>1642,</span> <span class='ocrx_word' id='word_1_369' title='bbox 666 2868 685 2902; x_wconf 58' lang='grc' dir='ltr'>ς</span> <span class='ocrx_word' id='word_1_370' title='bbox 711 2861 745 2895; x_wconf 81' lang='lat'>3.</span> 
     </span>
    </p>
   </div>
   <div class='ocr_carea' id='block_1_11' title="bbox 1025 1290 1863 1337">
    <p class='ocr_par' dir='ltr' id='par_1_19' title="bbox 1025 1290 1863 1337">
     <span class='ocr_line' id='line_1_59' title="bbox 1025 1290 1863 1337; baseline 0.002 -11"><span class='ocrx_word' id='word_1_371' title='bbox 1025 1303 1092 1337; x_wconf 90' lang='lat' dir='ltr'>que</span> <span class='ocrx_word' id='word_1_372' title='bbox 1106 1290 1172 1326; x_wconf 90' lang='lat' dir='ltr'>diei</span> <span class='ocrx_word' id='word_1_373' title='bbox 1189 1290 1423 1326; x_wconf 83' lang='lat' dir='ltr'>abstinentiae</span> <span class='ocrx_word' id='word_1_374' title='bbox 1441 1296 1473 1327; x_wconf 88' lang='lat' dir='ltr'>et</span> <span class='ocrx_word' id='word_1_375' title='bbox 1488 1291 1623 1333; x_wconf 90' lang='lat' dir='ltr'>ieiunii,</span> <span class='ocrx_word' id='word_1_376' title='bbox 1646 1292 1805 1328; x_wconf 85' lang='lat' dir='ltr'>facienda</span> <span class='ocrx_word' id='word_1_377' title='bbox 1860 1316 1863 1319; x_wconf 78' lang='lat'>,</span> 
     </span>
    </p>
   </div>
   <div class='ocr_carea' id='block_1_12' title="bbox 1914 0 1961 3240">
    <p class='ocr_par' dir='ltr' id='par_1_20' title="bbox 1914 0 1961 3240">
     <span class='ocr_line' id='line_1_60' title="bbox 1914 0 1961 3240; baseline 0 0"><span class='ocrx_word' id='word_1_378' title='bbox 1914 0 1961 3240; x_wconf 95' lang='lat' dir='ltr'> </span> 
     </span>
    </p>
   </div>
  </div>
 </body>
</html>
