1965 3240
249 177 269 208 4
830 177 915 211 Lm.
949 176 1019 210 111.
1050 196 1062 201 —
1088 177 1143 211 De
1176 178 1288 212 rebus

370 298 537 353 Propter
568 297 772 339 desectum
809 301 944 338 tamen
978 295 1230 339 characteris
1269 294 1515 351 episcopalis
1549 298 1586 338 iu
1620 296 1870 353 quibusdam

252 368 552 424 praedictorum
588 364 921 418 Ordinariorum,
947 368 1022 409 t'uit
1054 366 1325 422 complendus
1357 377 1487 409 canon
1524 379 1597 422 per
1627 366 1655 424 ξ
1679 367 1716 411 ⁶2.
1746 366 1870 412 Ordi-

252 438 398 480 nare'us
430 437 652 490 territorii,
676 436 848 494 quilibet
881 450 929 479 ex
964 435 1186 480 declaratis
1217 449 1340 492 supra
1365 436 1466 492 (imo
1499 435 1536 479 S.
1571 436 1616 481 R.
1651 436 1695 481 E.
1729 437 1872 482 Cardi-

251 508 361 551 nales
393 507 445 551 ob
477 521 619 550 eorum
655 510 716 550 ius
749 519 845 563 erga
885 522 904 547 ((
930 506 1134 550 Ecclesias
1177 511 1215 549 et
1258 506 1402 549 altaria
1447 508 1509 549 sui
1556 507 1706 550 tituli»
1743 522 1870 565 supra

249 578 516 631 deciaratum,
551 580 644 635 quia
690 582 785 620 tunc
832 576 936 620 valet
973 590 1056 632 reg.
1093 579 1192 619 iuris
1227 577 1281 619 68
1317 578 1354 618 in
1393 577 1450 618 60.
1481 591 1502 617 c(
1528 577 1661 620 Potest
1684 580 1776 635 quis
1800 593 1872 635 per

249 648 372 691 alium
411 649 518 705 quod
567 661 636 703 per
673 649 851 703 seipsum
893 647 1029 690 facere
1063 651 1193 703 potest
1218 647 1274 703 ))),
1315 646 1411 689 lieet
1443 645 1689 690 charactere
1720 649 1873 707 episco-

245 718 338 776 pali
370 724 524 769 eareat,
546 723 711 774 propter
744 718 852 775 quod
879 717 945 760 ille
974 719 1351 760 «consecrationes
1387 716 1525 760 valide
1559 731 1759 774 peragere
1793 733 1871 763 non

249 794 424 845 posset»
464 789 511 831 ad
548 801 731 832 normam
767 801 856 832 can.
893 789 1019 843 1147,
1052 788 1079 846 ξ
1114 788 1151 838 1,
1185 793 1224 830 ct
1259 790 1404 844 potiori
1440 791 1598 832 ratione
1631 792 1662 832 si
1688 802 1756 833 eas
1780 803 1871 846 per-

247 872 372 916 agere
407 862 529 915 possit
566 860 626 903 rel
663 859 871 915 praedicto
904 859 1145 902 charactere
1175 871 1254 901 non
1295 863 1449 912 careat,
1481 864 1660 903 attamen
1696 866 1871 917 nequeat

247 944 296 972 ex
333 930 623 986 impedimento
670 930 731 973 vel
777 930 876 973 nolit
914 930 1121 973 «easdem
1164 942 1428 985 peragere»,
1457 936 1595 987 polest
1628 933 1716 974 iure
1749 944 1796 975 ac
1833 935 1869 974 vi

249 1002 369 1045 huius
401 1000 438 1055 »ξ’
472 1000 637 1043 em'libet
671 1000 854 1043 eiusdem
886 1000 996 1043 ritus
1028 999 1236 1057 Episcopo
1270 999 1382 1057 (uam
1417 1000 1456 1043 S.
1496 999 1538 1045 C.
1577 1003 1614 1046 S.
1648 999 1784 1046 Officii
1819 1003 1868 1045 ad

248 1074 498 1129 quaesitum:
525 1087 543 1111 «
563 1072 622 1114 An
643 1071 869 1128 Episcopus
887 1071 1061 1127 cophtus
1078 1070 1309 1114 catholicus
1331 1084 1578 1115 consecrare
1603 1075 1728 1128 possit
1745 1086 1798 1118 ss,
1819 1072 1872 1116 la-

250 1143 363 1199 pides
396 1147 434 1185 et
466 1142 661 1185 ecclesias
700 1142 917 1185 latinorum
940 1142 986 1184 ¹⁶?
1020 1141 1139 1197 Resp.
1175 1141 1263 1184 Non
1298 1142 1497 1198 expedire
1515 1142 1576 1199 n),
1609 1155 1687 1185 non
1732 1148 1868 1186 autem

246 1212 422 1269 simplici
457 1212 711 1269 presbytero,
744 1215 937 1270 quamvis
975 1215 1106 1255 «iure
1142 1212 1179 1255 id
1215 1214 1250 1254 ei
1285 1212 1524 1267 (sacerdoti,
1561 1227 1598 1256 v.
1633 1226 1694 1269 gr.
1719 1212 1867 1257 Abbati

250 1284 310 1326 vel
350 1283 532 1326 Praelato
565 1283 717 1327 nullius
750 1284 798 1326 ad
835 1295 1020 1326 normam
1056 1295 1146 1327 can.
1174 1283 1271 1333 3⁶23,
1294 1281 1322 1340 ἓ
1345 1283 1388 1339 2)
1414 1285 1719 1339 permittatur»
1759 1284 1867 1340 (can.

247 1355 372 1403 1117,
391 1358 415 1403 ξ
438 1355 488 1408 tl,
508 1354 720 1397 licentiam
743 1354 846 1397 dare
869 1354 1201 1397 revises-rationes
1233 1353 1398 1410 supple:
1436 1353 1618 1397 locorum
1653 1366 1866 1397 sacrorum

243 1424 486 1482 peremtum}
511 1425 552 1467 in
575 1425 749 1482 proprio
771 1425 906 1467 dantis
930 1424 1137 1467 licentiam
1174 1423 1408 1476 territorio,
1437 1439 1455 1464 ((
1479 1413 1717 1481 quanquam
1757 1423 1870 1468 locus

246 1497 293 1539 ad
328 1500 540 1552 exemptos
575 1498 772 1552 pertineat
797 1511 816 1536 ))
841 1496 947 1546 (can.
979 1495 1100 1545 1155,
1135 1494 1160 1552 ᾗ
1198 1495 1234 1546 t>
1269 1496 1381 1537 iuxta
1416 1507 1501 1550 reg.
1528 1495 1581 1537 68
1605 1491 1710 1538 luris
1745 1497 1782 1561 in
1809 1494 1868 1549 6⁰,

247 1567 366 1623 paulo
399 1572 492 1609 ante
526 1569 706 1621 citatam,
729 1572 768 1609 et
790 1566 912 1610 aliam
944 1582 962 1605 «
982 1567 1051 1609 Ἥ).
1075 1565 1204 1608 Nemo
1240 1569 1371 1621 potest
1404 1564 1494 1621 plus
1519 1567 1620 1608 iuris
1643 1564 1869 1609 transferre

247 1640 284 1680 in
319 1637 457 1680 alium.
491 1650 613 1694 quam
647 1637 721 1680 sibi
757 1642 992 1693 competere
1027 1636 1334 1693 dignoscatur»
1372 1635 1661 1692 applicandam
1700 1637 1737 1677 in
1771 1637 1868 1709 qasu

246 1707 427 1751 l'raelato
463 1708 537 1751 loci
571 1710 762 1763 exempti,
788 1709 980 1764 quamvis
1003 1710 1090 1750 eius
1123 1719 1367 1750 consensum
1392 1706 1592 1749 accedere
1615 1703 1864 1771 oporteay'in

247 1792 288 1822 re
322 1792 397 1821 non
434 1781 663 1821 necessaria
700 1781 754 1821 uti
789 1783 848 1821 est
882 1777 958 1821 loci
992 1779 1261 1821 consecratio.

360 1850 544 1904 Quaeres
566 1861 615 1892 an
638 1848 823 1892 Vicat-ius
845 1848 1050 1905 generalis
1073 1847 1451 1902 comprehendatur
1475 1849 1513 1890 in
1538 1849 1563 1901 ἓ
1584 1847 1606 1890 2
1626 1846 1703 1890 sub
1730 1846 1869 1890 verbis

250 1935 268 1959 «
293 1917 539 1963 (J)rdinarius
581 1921 818 1961 territorii»
866 1919 915 1961 ad
959 1931 1144 1961 normam
1188 1930 1279 1961 can.
1316 1917 1413 1971 198,
1445 1919 1470 1971 ξ
1504 1917 1541 1967 ⁶2,
1578 1916 1642 1959 vel
1684 1916 1868 1972 indigeat

245 2002 408 2046 quoque
444 1989 634 2032 mandato
667 1988 836 2044 speciali
870 1991 974 2032 sicut
1010 1987 1306 2044 praescribitur
1334 1990 1372 2030 in
1397 1989 1422 2041 ἓ
1447 1986 1489 2029 1⁰
1513 1986 1635 2029 huius
1666 1986 1868 2029 canonis?

248 2085 298 2090 —
320 2059 438 2115 Resp.
465 2061 656 2115 negative
689 2059 737 2102 ad
776 2060 826 2101 1¹¹³
859 2064 1030 2115 partem,
1055 2059 1303 2102 affirmative
1335 2058 1385 2102 ad
1422 2057 1475 2101 2¹²¹
1509 2059 1622 2100 iuxta
1656 2069 1741 2112 reg.
1768 2058 1869 2099 iuris

247 2132 283 2173 in
310 2131 352 2172 60
383 2146 400 2169 (ι
425 2130 553 2173 Nemo
587 2135 715 2186 potest
750 2129 839 2186 plus
872 2129 973 2174 iuris
1006 2130 1231 2173 transferre
1266 2132 1303 2172 in
1338 2128 1479 2182 alium,
1502 2139 1625 2185 quam
1651 2126 1727 2170 sibi
1759 2139 1869 2170 com-

246 2205 382 2258 petere
416 2202 681 2257 dignoscatur
703 2217 741 2242 ».

363 2272 399 2314 4.
434 2274 658 2317 Minister
684 2274 929 2328 legitimus
957 2274 1319 2318 benedictionis
1346 2271 1579 2317 solemnis
1607 2270 1699 2314 loci
1723 2270 1867 2314 sacri.

246 2342 361 2385 Ritus
394 2341 621 2385 essentialis
654 2342 775 2385 huius
806 2342 1001 2385 solemnis
1035 2342 1334 2386 benedictionis
1357 2345 1417 2384 est
1445 2355 1465 2381 α
1486 2341 1670 2396 aspersio
1694 2338 1770 2382 loci
1794 2351 1867 2381 seu

247 2415 446 2468 parietum
483 2412 691 2455 Ecclesiae
725 2415 762 2454 in
797 2417 912 2468 parte
944 2415 1156 2469 superiore
1178 2425 1227 2457 ac
1251 2413 1447 2455 inferiore
1479 2422 1573 2453 cum
1608 2420 1714 2466 aqua
1748 2407 1868 2452 bene-

245 2483 353 2525 dicta
388 2482 508 2525 simul
545 2482 712 2538 prolatis
746 2482 936 2538 precibus
970 2485 1007 2525 in
1035 2482 1260 2526 l'ontiticali
1293 2480 1501 2526 Ritualive
1534 2479 1718 2523 Romano
1753 2490 1867 2535 prae-

244 2555 450 2608 scriptis»
475 2554 502 2596 2.
527 2551 642 2604 Quae
677 2552 907 2595 benedictio
940 2566 1032 2595 cum
1067 2556 1117 2595 sit
1150 2558 1265 2596 actus
1298 2553 1454 2596 ordinis
1488 2548 1780 2607 presbyteralis
1812 2548 1863 2591 ad

246 2635 431 2665 normam
466 2635 553 2666 can.
593 2622 717 2676 1147,
750 2624 774 2675 ,ξ
808 2622 846 2677 3,
881 2624 933 2665 ita
969 2627 1206 2666 reservatur
1239 2625 1278 2666 in
1312 2637 1402 2666 can.
1437 2623 1564 2665 1156.
1598 2619 1668 2665 Ius
1701 2616 1863 2661 benedi-

246 2692 366 2735 rendi
399 2692 530 2734 locum
565 2705 744 2744 samam,
763 2705 1070 2749 quemcumque
1103 2706 1152 2736 ex
1188 2694 1357 2736 inferius
1393 2689 1720 2742 considerandis,
1752 2686 1793 2744 a)
1828 2687 1866 2730 si

365 2823 371 2841 ¹
404 2822 444 2854 16
472 2820 559 2854 lun.
598 2822 700 2857 1831,
739 2820 899 2854 Collect.
930 2819 967 2854 S.
997 2820 1141 2864 Congr.
1172 2820 1216 2854 de
1247 2820 1288 2854 P.
1317 2820 1357 2854 F.
1387 2832 1425 2854 n.
1453 2819 1536 2853 822.
1567 2837 1607 2842 —
1634 2817 1649 2838 2
1674 2816 1736 2850 Ita
1766 2826 1863 2868 cona-

244 2868 429 2948 Zigtcxgisteg.
457 2867 797 2948 (ἰῗιῖῑᾶόυθῧερειιτίε
826 2866 1041 2901 DeSSJna
1067 2865 1327 2907 Eucharistia‚
1357 2878 1396 2901 n.
1426 2866 1504 2901 167.
1527 2864 1667 2909 Many:
1695 2862 1752 2896 De
1771 2862 1867 2896 loms

366 2944 372 2955 ι
431 2941 437 2948 ·
516 2943 523 2955 0
551 2939 568 2947 ··‘
592 2941 599 2956 7
657 2941 662 2947 ·
