1965 3240
179 129 250 164 518
370 128 456 162 Lm.
486 127 558 161 ΠΙ.
587 147 601 152 -
626 127 737 162 PARS
761 127 829 162 VI.
859 148 871 154 ·
895 128 954 163 De
977 129 1088 164 bonis
1115 130 1307 165 Ecclesiae
1330 132 1616 175 temporalibus

180 247 256 290 hac
291 247 380 290 luce
414 248 618 302 migrante
653 259 873 302 supremae
908 246 1131 290 voluntatis
1153 246 1288 304 elogio
1322 251 1617 293 monasterium
1640 263 1806 307 praece-

180 320 287 374 pisse
318 317 500 360 fundari:
535 318 653 359 cuius
695 317 949 361 desiderium
983 330 1004 361 a
1043 317 1085 360 T.
1119 317 1312 374 religiosa
1345 319 1498 362 semina
1530 322 1619 363 eius
1651 320 1804 364 herede

181 387 449 444 protrahitur.
484 386 533 430 Et
566 388 685 433 infra.
721 387 840 442 Quod
884 390 916 431 si
961 389 1063 431 infra
1102 389 1361 445 praedictum
1396 393 1559 446 tempus
1590 390 1659 448 (ex
1693 403 1804 434 com-

180 460 407 501 monitione
447 460 615 514 praevia
662 459 767 501 infra
808 458 996 516 annum),
1030 461 1119 502 sive
1162 461 1201 502 in
1246 459 1348 515 loco,
1383 460 1492 517 quod
1536 463 1803 505 constitutum

179 530 324 582 fuerat,
358 542 431 572 seu
465 530 497 572 si
534 528 588 572 ibi
623 542 702 572 non
738 533 883 585 potest,
918 534 957 572 et
999 528 1097 573 alibi
1143 529 1276 586 placet
1320 530 1503 574 ordinari
1543 535 1695 583 tecum,
1728 534 1802 574 im-

178 599 291 656 plere
323 599 578 656 neglexerit:
614 604 710 642 tunc
748 613 821 656 per
853 605 890 643 le
923 600 1180 652 aedificetur,
1215 604 1255 643 et
1287 603 1422 644 omnia
1459 614 1531 657 per
1554 606 1592 645 te
1615 601 1704 645 loco
1728 605 1805 659 ipsi

178 673 266 713 sine
299 670 573 713 diminutione
607 670 792 728 qualibet
823 673 1098 727 assignentur.
1121 671 1188 714 Sic
1212 674 1321 714 enim
1346 672 1575 715 secundum
1603 674 1807 729 piissimas

180 741 304 797 leges,
338 740 486 784 dilatas
529 741 819 784 defunctorum
865 743 950 797 pias
997 740 1242 797 voluntates,
1283 741 1507 798 episcopali
1551 742 1704 786 decens
1746 747 1807 787 est

179 812 314 856 studio
347 811 629 868 adimpleri».
664 810 795 868 Caput
831 826 929 855 vero
964 814 987 853 o
1021 825 1071 855 ex
1096 810 1220 856 Conc.
1244 811 1487 869 Mognntino
1519 815 1681 857 statuit:
1722 829 1742 854 <c
1765 814 1805 858 Si

176 883 352 927 heredes
385 885 493 926 iussa
515 885 736 926 testatoris
770 896 847 925 non
881 883 1219 939 adimpleverint,
1256 883 1307 927 ab
1343 884 1540 940 episcopo
1571 884 1648 927 loci
1682 884 1805 941 illius,

179 956 313 997 omnis
347 968 425 998 res.
460 966 566 1011 quae
599 944 657 996 eis
690 953 834 997 relicta
858 959 931 1003 est,
955 956 1154 997 canonice
1177 955 1450 1004 interdicatur
1475 968 1570 998 cum
1604 955 1806 999 fructibus

176 1029 217 1068 et
248 1027 397 1068 ceteris
430 1023 744 1078 emolumentis,
780 1028 823 1067 ut
859 1029 951 1067 vota
996 1024 1181 1068 defuncti
1215 1025 1585 1081 adimpleantur».
1619 1024 1807 1083 Denique

177 1093 300 1151 Greg.
335 1094 386 1138 lx
423 1097 462 1137 in
497 1107 586 1152 cap.
624 1096 675 1138 19
710 1095 919 1139 decernit:
963 1111 981 1135 <i
1006 1095 1177 1139 loannes
1210 1096 1388 1139 clericus
1412 1100 1450 1139 et
1474 1096 1515 1139 P.
1544 1095 1673 1139 laicus
1691 1110 1806 1140 exse-

177 1170 342 1210 cutores
375 1165 545 1209 ultimae
580 1165 802 1210 voluntatis
834 1164 883 1210 O.
918 1166 1058 1210 clerici
1088 1171 1255 1210 sanctae
1291 1165 1449 1222 Crucis,
1485 1169 1553 1224 qni
1592 1166 1806 1211 venerahi-

179 1236 285 1280 libus
319 1242 358 1280 et
390 1238 468 1293 piis
502 1236 616 1292 locis,
651 1237 702 1280 de
735 1236 852 1280 bonis
883 1239 967 1280 suis
1002 1239 1039 1280 in
1075 1237 1217 1280 ultima
1257 1237 1471 1281 voluntate
1504 1237 1671 1294 legavit,
1697 1250 1808 1281 man-

177 1308 279 1350 dans
327 1309 495 1363 iusuper
542 1306 732 1350 satisfieri
781 1307 1058 1351 creditoribus
1102 1321 1175 1364 per
1215 1308 1407 1352 eosdem:
1443 1308 1534 1351 Post
1565 1308 1807 1351 mandatum

177 1383 432 1435 susceptum,
466 1391 537 1434 per
571 1378 863 1422 dioecesanum
888 1381 979 1435 cogi
1005 1378 1171 1436 debent,
1195 1382 1402 1422 testatoris
1424 1379 1592 1434 explere
1617 1379 1807 1422 ultimam

181 1448 436 1492 voluntatem
461 1464 500 1492 )).

294 1518 382 1562 Hoc
422 1534 443 1560 <c
467 1521 528 1562 ius
565 1524 684 1562 vetus
718 1532 768 1562 ex
803 1522 963 1575 integro
989 1520 1150 1562 refert»
1189 1523 1217 1574 g
1248 1521 1279 1562 2
1309 1519 1474 1562 dicens:
1514 1518 1601 1562 Hoc
1632 1532 1683 1561 ear
1714 1518 1809 1561 iure

184 1592 550 1633 «exsecutionis»
595 1590 730 1633 edicto
779 1593 817 1633 in
865 1590 893 1648 ξς
936 1591 973 1643 1,
1020 1589 1247 1634 Ordiiiarii
1291 1590 1474 1634 locorum
1506 1603 1568 1633 sex
1611 1594 1807 1633 contextu

175 1661 282 1717 (can.
319 1661 415 1715 198,
449 1661 467 1716 ξ
508 1661 548 1717 ⁶2.)
582 1661 763 1718 viyilare
792 1666 980 1718 possunt,
1001 1675 1050 1703 uc
1084 1664 1240 1704 ratione
1274 1661 1397 1704 officii
1423 1673 1548 1704 curae
1573 1662 1807 1704 animarum

179 1736 217 1774 et
251 1733 532 1774 institutorum
570 1731 945 1775 ecclesiasticorum
978 1731 1138 1786 debent,
1173 1731 1300 1774 etiam
1331 1745 1408 1788 pei·
1429 1731 1714 1774 visitationem
1736 1730 1806 1773 ho-

179 1816 285 1856 rum,
318 1816 390 1846 seu
427 1802 504 1846 hac
537 1807 698 1858 sumpta
734 1805 964 1856 occasione,
998 1808 1043 1845 ut
1073 1802 1172 1859 piae
1204 1801 1454 1856 voluntates,
1490 1814 1666 1858 quarum
1696 1817 1717 1842 «
1739 1815 1807 1845 ex-

177 1878 389 1917 secutores
422 1879 559 1917 sunt»
597 1887 646 1917 ex
683 1874 709 1930 ξ
744 1874 802 1927 10,
836 1870 1095 1931 impleamur
1126 1875 1216 1916 sive
1250 1886 1323 1929 per
1365 1872 1540 1916 heredes
1581 1877 1650 1916 aut
1696 1885 1809 1915 exse-

179 1949 344 1988 cutores
377 1946 611 1988 testamenti
649 1960 672 1986 c<
695 1948 790 2001 postv
819 1944 1059 1987 mandatum
1093 1949 1329 2000 susceptum
1356 1959 1395 1998 >),
1429 1945 1521 1987 sive
1543 1957 1616 2000 per
1638 1943 1808 1987 admini-

179 2019 376 2059 stratores
411 2015 596 2059 locorum
631 2017 807 2071 piorum,
841 2027 945 2071 quae
991 2014 1203 2071 vigilantia
1251 2014 1520 2071 intelligenda
1563 2019 1624 2057 est
1661 2014 1808 2057 efficax

178 2091 302 2143 atque
337 2089 478 2143 poenis
515 2099 679 2144 quoque
712 2086 913 2143 urgenda,
947 2091 1148 2141 quantum
1183 2085 1403 2142 prudentia
1444 2085 1629 2128 suadeat.
1666 2084 1806 2128 Prose-

181 2159 321 2214 quitur
354 2170 484 2200 canon
521 2156 809 2213 praescribens
840 2156 952 2200 aliis:
987 2162 1025 2199 et
1059 2156 1139 2199 alii
1176 2161 1440 2199 eoesecutores
1483 2160 1646 2212 praeter
1683 2152 1808 2200 Ordi-

182 2230 343 2271 narium
379 2227 564 2285 deleyati
595 2227 646 2271 ab
680 2241 728 2271 eo
763 2227 827 2270 vel
861 2240 882 2270 a
917 2227 1131 2271 donatario
1163 2232 1233 2270 aut
1266 2231 1482 2270 testatores
1521 2226 1681 2278 debent,
1711 2239 1806 2284 per-

179 2296 320 2355 functi
352 2298 471 2355 plene
495 2312 666 2341 munere
688 2311 769 2355 quo
793 2297 894 2341 tales
916 2300 1195 2351 nominantur,
1217 2297 1307 2340 illis
1331 2297 1553 2354 praedictis
1574 2293 1808 2341 Ordinariis

185 2367 368 2411 locorum
404 2368 452 2411 ad
488 2382 590 2425 quos
622 2368 807 2425 singulos
839 2372 1008 2424 spectet,
1042 2367 1219 2411 reddere
1250 2367 1459 2410 rationein
1497 2367 1548 2410 de
1585 2366 1697 2410 fideli
1741 2379 1809 2409 ex-

183 2441 406 2482 secutione.
1156 2457 1158 2459 ¹

301 2509 361 2553 De
396 2513 600 2567 exemptis
632 2522 797 2567 quoque
831 2509 1034 2565 religiosis
1057 2509 1134 2552 hoc
1158 2510 1457 2566 praescriptum
1493 2506 1807 2563 intelligendum

180 2593 269 2623 esse
311 2581 457 2624 suadet
499 2593 588 2638 cap.
630 2581 684 2623 17
727 2582 766 2623 in
807 2582 874 2623 cit.
909 2582 983 2635 tit„
1020 2579 1087 2624 ubi
1137 2578 1260 2635 Greg.
1295 2577 1369 2625 ΙΧ,
1397 2581 1473 2621 ait:
1527 2576 1654 2620 «Tua
1688 2575 1808 2621 nobis

179 2651 415 2695 fraternitas
440 2654 660 2705 intimavit,
684 2651 792 2708 quod
817 2651 1005 2694 nonnulli
1028 2656 1109 2694 tam
1135 2650 1332 2706 religiosi,
1351 2661 1475 2707 quam
1500 2648 1640 2691 clerici
1663 2659 1805 2690 saecu-

182 2721 288 2764 lares
321 2727 359 2765 et
394 2722 502 2776 laici,
533 2724 751 2778 pecuniam
785 2725 825 2764 et
857 2720 936 2764 alia
970 2720 1089 2775 bona,
1123 2732 1229 2778 quae
1273 2732 1345 2776 per
1389 2731 1535 2762 manus
1578 2731 1720 2761 eorum
1755 2730 1804 2760 ex

181 2795 438 2836 testamentis
470 2793 761 2836 decedentium
795 2791 948 2835 debent
992 2794 1029 2834 in
1074 2804 1172 2834 usus
1216 2792 1305 2847 pios
1345 2789 1539 2846 expendi,
1572 2801 1649 2831 non
1684 2786 1802 2831 dubi-

177 2868 264 2906 tant
296 2864 387 2907 aliis
420 2863 561 2907 usibus
594 2863 817 2920 applicare.
851 2861 953 2907 Cum
989 2865 1113 2918 igitur
1136 2864 1175 2904 in
1200 2860 1395 2905 omnibus
1418 2862 1495 2917 piis
1522 2857 1804 2902 voluntatibus
