1965 3240
466 146 550 180 Ti‘r.
579 146 704 181 XXV.
735 166 746 171 -
774 146 829 180 De
853 146 1044 189 beneficiis
1070 146 1334 179 ecclesiasticis
1645 145 1714 180 405

85 280 136 309 em
169 265 280 308 iusta
314 270 352 307 el
386 265 589 307 canonica
622 278 767 318 eausa,
799 276 905 322 quae
941 263 1154 320 multiplex
1191 266 1227 306 in
1252 264 1278 321 ξ’
1305 264 1325 306 2
1353 266 1540 313 retertur,
1562 278 1713 322 paroe-

85 336 172 379 vias
205 334 423 393 quaslibeh
464 349 635 391 nempe:
671 337 793 379 etiam
831 334 1056 390 religiosas,
1106 336 1164 377 sic
1199 334 1412 377 limitando
1461 349 1549 378 can.
1601 335 1713 378 1422

84 406 218 464 quoad
264 405 493 449 «beneticii
531 406 709 462 religiosi
745 406 1053 459 divisionem»,
1089 407 1201 447 iuxta
1240 405 1498 461 disciplinam
1546 419 1712 461 praece-

83 478 247 520 dentem
290 479 327 519 in
365 490 560 532 responso
597 477 740 519 Leonis
774 475 861 518 xttl
902 477 960 518 sic
994 488 1258 532 expressam:
1298 476 1466 519 «licere
1503 476 1714 532 Episcopis

86 549 300 590 missiones
334 547 625 604 (regularium)
659 547 864 601 dividere,
907 551 1071 590 servata
1126 548 1254 589 torma
1303 549 1341 590 5.
1391 546 1529 590 (lom-‚¹
1572 546 1711 601 Tudi,

84 618 218 675 quoad
242 620 456 661 missiones
478 629 585 674 quac
618 624 709 660 sunt
734 630 856 660 verae
876 619 1124 674 proprieque
1148 617 1282 660 dictae
1310 619 1523 673 paroeciae
1543 636 1563 656 υ
1589 617 1616 668 ¹,
1652 617 1711 659 in-

84 688 180 731 vitis
213 702 373 746 quoque
407 687 652 741 rectoribus„
688 690 756 745 qui
791 701 932 731 curam
967 689 1041 731 etsi
1075 687 1207 730 solum
1243 687 1494 731 habitualem
1521 687 1710 741 habeant,

82 761 150 816 qui
177 764 311 802 tamen
352 774 370 799 ((
394 763 593 801 vocentur
626 763 665 801 et
697 758 956 801 audiantur»
995 757 1044 800 ad
1070 770 1256 801 normam
1282 763 1387 801 can.s
1415 758 1536 812 itio,
1561 763 1598 799 el
1622 758 1713 799 sine

78 828 227 887 populi
260 843 477 883 consensa,
510 842 632 885 quem
664 829 801 872 audiri
837 842 910 872 nec
940 828 1118 885 iubetur,
1142 832 1179 881 a)
1201 826 1390 871 (lividere.
1413 829 1546 886 quoad
1573 830 1709 871 omnia

83 899 272 944 beneticii
307 899 551 957 paroecialis
584 899 802 955 elementa,
837 903 1010 956 excepta
1044 899 1152 951 dote,
1188 911 1311 956 quam
1346 899 1582 955 specialiter
1614 913 1710 943 con-

79 971 263 1014 siderant
294 985 378 1028 seq.
412 971 497 1029 ἐξ,
523 971 693 1027 proinde
727 970 900 1014 dicitur:
935 970 1141 1013 vivariam
1171 975 1418 1028 perpetuam
1454 975 1620 1027 propter
1642 970 1712 1013 ‹le-

82 1042 345 1099 pendentiam
390 1055 410 1085 a
447 1041 656 1099 parochia,
694 1041 754 1085 cel
788 1056 933 1085 noram
968 1042 1147 1098 indeque
1182 1041 1530 1098 imlependentem
1565 1055 1714 1099 paroe-

79 1113 188 1156 ciam
221 1113 471 1170 descriptam
508 1115 546 1156 in
581 1126 670 1158 can.
707 1113 789 1156 ⁶216
821 1112 849 1170 g
887 1113 921 1167 1,
946 1112 1154 1170 eriqenles
1178 1113 1226 1155 ad
1254 1125 1441 1155 normam
1467 1125 1557 1157 can.
1584 1112 1711 1166 1418,

80 1189 220 1241 utpote
259 1186 452 1228 «erectio
486 1183 824 1228 beneficiorum»
864 1186 901 1226 in
938 1188 1114 1241 utroque
1146 1196 1260 1238 casu,
1296 1183 1336 1240 b)
1362 1189 1435 1226 aa!
1459 1197 1605 1226 earam
1630 1188 1711 1226 ter-

80 1255 278 1299 ritorium
311 1269 405 1299 cum
442 1255 704 1312 parochianis
737 1260 776 1298 et
809 1257 897 1298 iura
922 1254 1280 1312 obligationesque
1304 1267 1401 1312 erga
1428 1254 1500 1298 hos
1523 1253 1712 1297 dismem-

78 1326 214 1378 brare,
248 1326 431 1370 scilicet:
470 1340 601 1369 «cum
628 1326 727 1370 illud
767 1326 834 1369 alii
871 1328 1087 1382 paroeciae
1110 1328 1383 1382 assignatur»
1414 1327 1491 1368 iam
1519 1327 1709 1369 existenti

79 1397 188 1456 (can.
229 1397 372 1454 1421).

196 1472 222 1503 Q
254 1471 296 1512 2.
335 1468 473 1512 Causa
506 1469 708 1512 canoniea
742 1471 923 1513 existens
954 1482 1001 1512 ae
1036 1472 1267 1513 necessaria
1302 1483 1351 1513 ex
1384 1472 1638 1526 praescripto
1671 1469 1709 1523 §i

78 1546 231 1596 praec.⁸
255 1545 299 1582 ut
331 1540 370 1595 a)
403 1539 555 1583 divisio
590 1545 663 1582 aul
698 1539 736 1594 b)
768 1539 1096 1594 dismembratio,
1130 1540 1328 1584 alterutra
1359 1543 1471 1583 iuxta
1496 1538 1709 1585 Ordinarii

76 1610 354 1666 prudentiam,
388 1610 482 1667 fieri
511 1611 659 1668 possit,
684 1625 733 1653 ea
767 1615 929 1654 lantum
962 1616 1034 1663 esl,
1070 1611 1237 1655 exclusa
1275 1611 1447 1667 proinde
1480 1614 1590 1654 omni
1630 1611 1709 1655 alia

76 1693 183 1738 quae
215 1680 292 1724 sub
324 1681 594 1739 sequentibus
628 1695 706 1725 non
741 1682 1137 1738 comprehemlatur,
1180 1682 1219 1725 si
1249 1682 1290 1739 a)
1335 1687 1409 1725 (tal
1456 1696 1609 1739 pestana
1653 1681 1708 1724 sit

75 1750 302 1809 difficultas
337 1765 408 1808 pro
443 1751 705 1809 parochianis
749 1752 919 1809 physica
962 1752 1024 1796 vel
1071 1753 1239 1796 moralis
1281 1752 1506 1796 accedendi
1549 1755 1622 1797 etsi
1657 1753 1707 1796 ad

76 1822 333 1878 periodicum
368 1827 532 1879 tempus
565 1822 621 1866 acl
653 1822 871 1866 ecelesiam
891 1823 1174 1881 paroecialem
1199 1837 1279 1881 qua
1305 1824 1428 1867 talem
1455 1827 1566 1867 iuxta
1593 1825 1706 1876 lines,

75 1906 178 1949 quos
212 1895 411 1950 exprimit
444 1892 566 1938 Cone.
601 1893 710 1937 Trid.
747 1893 994 1938 Huiusmodi
1030 1895 1284 1939 difficultatis
1317 1895 1555 1951 exemplum
1591 1894 1708 1938 nobis

74 1963 192 2006 offert
227 1976 316 2020 cap.
356 1964 457 2008 «Ad
492 1965 788 2008 audientiam»
826 1969 1012 2020 citatum,
1046 1968 1211 2009 dicens:
1262 1966 1409 2024 «quod
1449 1965 1558 2020 villa,
1601 1979 1707 2022 quae

74 2033 227 2077 dieitur
261 2034 296 2077 H
330 2039 489 2078 tantum
515 2035 755 2092 perhibetur
788 2035 839 2080 ab
871 2036 1045 2080 ecelesia
1082 2036 1305 2093 parochiali
1341 2037 1508 2091 distare,
1543 2040 1585 2080 ut
1608 2041 1708 2080 tem-

77 2116 174 2159 pore
208 2104 388 2161 hyemali
433 2119 527 2149 cum
562 2105 729 2162 pluviae
772 2107 988 2160 inundant,
1021 2121 1101 2150 non
1138 2111 1307 2164 possunt
1340 2107 1578 2164 parochiani
1619 2109 1705 2150 sine

77 2185 224 2230 magna
259 2174 501 2218 difficultate
536 2178 666 2232 ipsam
700 2176 839 2221 adire:
875 2177 983 2221 unde
1016 2190 1095 2220 non
1134 2177 1270 2221 valent
1302 2190 1486 2233 congruo
1522 2182 1706 2233 tempore

74 2243 366 2289 ecclesiasticis
400 2246 545 2290 officiis
579 2248 836 2290 interesse».
870 2274 927 2279 —-
958 2248 1155 2306 Sequitur
1189 2250 1225 2290 in
1259 2261 1417 2291 canone
1440 2260 1563 2291 causa
1590 2250 1704 2290 initio

74 2316 141 2358 cit.
181 2317 327 2370 eapitis
359 2315 588 2360 Tridentini
623 2330 841 2374 expressa:
879 2317 920 2375 b)
960 2324 1032 2361 (tut
1080 2319 1213 2361 m'mia
1256 2318 1312 2361 sil
1351 2318 1704 2376 paroeeianorwn

76 2384 309 2434 multitudo.
350 2387 436 2440 sed,
469 2387 578 2445 quod
614 2387 768 2432 ibidem
803 2391 1001 2432 omissum
1037 2394 1137 2445 erat,
1173 2403 1345 2447 qaorum
1370 2388 1471 2432 bono
1495 2388 1707 2432 subveniri

74 2461 265 2513 nequeat,
298 2459 458 2501 etiamsi
495 2463 662 2516 propter
697 2459 807 2502 illam
844 2460 1168 2515 multitudinem,
1206 2474 1282 2503 non
1318 2459 1370 2503 ob
1413 2460 1514 2503 alias
1546 2472 1705 2514 causas,

77 2526 257 2570 «eidem
291 2527 514 2586 (parocho)
548 2529 669 2573 detur
702 2543 808 2573 unus
855 2530 917 2574 vel
969 2531 1108 2588 plures
1158 2533 1300 2574 ricarii
1352 2535 1705 2587 cooperatores»,

73 2597 177 2640 idest
211 2596 266 2640 ad
298 2612 488 2641 normam
522 2614 612 2642 ean.
647 2603 754 2651 476,
788 2600 816 2658 ἓ
848 2603 890 2645 2.

190 2671 249 2722 §¹¹⁵
270 2669 302 2711 3
336 2668 523 2713 beneficii
551 2671 794 2727 paraecialis
827 2673 1013 2728 erigendi
1038 2673 1122 2717 doti
1147 2673 1323 2717 consulit
1346 2674 1532 2730 sequenti
1568 2671 1702 2714 modo.

72 2737 314 2782 Paroece‘am
350 2738 555 2795 dividens,
589 2754 660 2785 seu
696 2741 788 2785 talis
830 2742 1090 2786 Orclinarius
1139 2743 1215 2787 loci
1264 2743 1378 2785 (lebet
1423 2746 1701 2799 congruenter

194 1493 221 1524 (l

188 2894 198 2914 1
227 2892 359 2927 Const.
396 2892 623 2927 «Romanos
650 2893 895 2929 Pontifices»
928 2895 1023 2929 VIII
1050 2896 1106 2930 Id.
1138 2896 1234 2931 Maii
1264 2897 1365 2930 1381.
