1965 3240
0 1837 15 2223 -1v-z*<-3-—-1·r—==-r---
0 1791 6 1812 «μ
0 1759 5 1767 -

0 2453 19 2587 :xz-„uzu
0 2387 10 2435 u*-

645 166 755 201 PARS
781 166 853 200 111.
885 187 895 191 -
922 166 978 201 De
1004 168 1111 201 cultu
1143 168 1277 201 divino
1712 170 1774 202 141

144 286 246 329 dum
285 284 362 328 hoc
397 284 528 327 bonor
561 287 598 327 in
633 287 763 341 signis
796 284 1073 328 exterioribus
1110 290 1147 327 et
1182 285 1498 341 c‹u·poralibus¹
1534 290 1716 330 consistit
1741 306 1773 330 ».

149 356 389 400 Praemissis
432 369 531 412 ergo
565 370 617 398 ss.
651 355 895 410 canonibus,
929 358 997 412 qui
1033 355 1248 411 generales
1297 369 1461 399 n‹u·inas
1500 358 1550 399 do
1596 360 1776 414 praelato

143 426 259 470 cultu
294 426 473 481 tradunt,
500 431 731 484 sequuntur
766 431 933 482 propter
965 426 1161 469 sensibile
1194 426 1328 469 cultus
1352 427 1557 470 obiectum
1587 430 1778 485 specialis

153 495 316 540 Titulus
351 495 438 539 XV.
493 495 550 539 De
592 496 782 539 custodia
818 503 854 538 el
889 496 1004 539 cultu
1046 497 1340 539 saneo'sm‘nme
1376 497 1691 552 Eurliaristion,
1739 503 1774 543 in

143 580 225 625 qua
244 567 513 611 absconditus
537 572 597 610 est
623 567 745 621 Deus,
765 573 801 614 et
837 568 941 611 alter
970 566 1133 610 Titulus
1157 566 1266 610 ΧΠ.
1295 569 1357 611 De
1380 569 1494 611 vultu
1514 572 1774 618 Sanctorum,

142 651 367 681 sacrarum
400 638 632 695 winzagsz'mon
668 644 706 680 el
740 638 1033 696 reliquiarum.
1067 639 1306 695 singulares
1340 640 1474 683 cultus
1497 646 1612 683 actus
1644 645 1774 684 consi-

147 709 264 752 derat
319 708 482 752 Titulus
534 707 667 752 Xt'll.
722 708 778 752 De
820 709 956 752 sacris
987 709 1338 766 processionibus,
1382 716 1504 766 atque
1553 714 1661 754 circa
1713 727 1776 755 res

142 779 273 823 cultui
327 780 470 823 divino
522 780 748 823 destinatas
794 785 982 823 versatur
1031 779 1193 823 Titulus
1243 779 1387 823 Xt'm
1441 784 1661 838 inscriptus
1721 783 1777 826 lle

144 863 268 892 sacra
312 849 580 907 supellectili.
615 850 767 894 Ultimo
810 851 1096 906 adiunguntur
1133 851 1215 894 duo
1253 851 1374 894 Tituli
1415 852 1464 895 de
1500 852 1775 908 peculiaribus

141 920 304 965 actibus
338 923 487 977 privati
521 921 657 965 cultus
691 926 859 978 propter
894 934 1089 977 magnum
1125 935 1267 965 eorum
1295 936 1412 965 usum
1449 925 1486 965 in
1512 924 1712 976 Ecclesia,
1738 930 1774 967 ct

147 994 425 1048 praemittitur
464 991 540 1034 Tit.
576 990 677 1035 XIX
709 992 765 1035 De
800 998 903 1043 colo,
948 995 1003 1035 uti
1050 993 1288 1036 relationem
1330 993 1506 1037 habente
1540 996 1588 1037 ad
1624 1001 1774 1038 statum

144 1062 400 1119 religiosum,
434 1076 515 1120 quo
550 1063 693 1106 lideles
726 1063 853 1107 cultui
889 1067 1011 1106 etiam
1040 1064 1204 1120 publico
1229 1064 1493 1120 deputantur.
1519 1069 1776 1124 proindeque

144 1133 201 1176 illi
235 1133 396 1177 accedit
431 1139 588 1188 votum,
622 1147 669 1177 ac
703 1134 883 1191 denique
914 1133 988 1177 Tit.
1014 1133 1093 1177 XX
1111 1140 1171 1178 est
1205 1137 1360 1191 positus
1393 1135 1443 1178 (le
1482 1136 1774 1181 iwee'nrando.

142 1209 357 1261 tamquam
390 1205 659 1247 lundamento
693 1205 742 1248 ad
779 1218 959 1248 canones
993 1208 1236 1261 praesertim
1275 1205 1372 1251 Lib.¹
1399 1206 1463 1262 lv,
1490 1210 1527 1250 in
1552 1208 1702 1265 quibus
1726 1209 1775 1251 dc

143 1275 323 1318 diversis
357 1277 600 1319 iuramentis
635 1278 900 1333 praescriptis
933 1290 1105 1320 normae
1138 1277 1301 1320 dantur.

266 1345 362 1388 1⁶20.
398 1347 534 1391 Ordo
568 1360 809 1392 canonum
843 1349 1162 1404 generalium.
1195 1346 1338 1391 Cultus
1372 1349 1597 1393 divisiones
1622 1352 1660 1392 in
1684 1363 1773 1393 can.

145 1415 271 1464 1255,
309 1417 420 1459 1256
454 1416 717 1460 exhibentur.
752 1417 935 1461 Potestas
967 1418 1246 1461 ecclesiastica
1270 1421 1380 1462 circa
1405 1420 1591 1463 divinum
1618 1420 1772 1464 cultum

143 1500 216 1543 pro
249 1487 427 1530 (liversis
461 1488 757 1531 iurisdictionis
780 1487 979 1544 gradibus
1012 1488 1275 1532 distribuitur
1307 1502 1354 1533 ac
1389 1489 1588 1533 limitatur
1623 1493 1659 1533 in
1685 1504 1773 1534 can.

145 1556 406 1616 1257-1261.
427 1557 604 1601 Demum
637 1559 843 1602 servanda
877 1559 1129 1615 generaliter
1163 1560 1355 1603 incultus
1389 1560 1541 1617 publici
1577 1564 1774 1605 exercitio

143 1632 462 1684 pertractantur,
497 1634 580 1672 tum
606 1630 739 1686 quoad
766 1632 1004 1674 assistentes
1038 1630 1181 1674 lideles
1205 1633 1243 1673 in
1268 1644 1357 1674 can.
1385 1632 1510 1684 1262,
1540 1633 1663 1685 1263,
1688 1638 1770 1676 tum

140 1699 276 1756 quoad
312 1701 585 1743 instrumenta
622 1702 778 1744 musica
811 1706 850 1744 et
883 1706 1050 1744 cantum
1085 1704 1123 1743 ln
1158 1715 1247 1745 can.
1284 1702 1409 1744 1264.

263 1770 359 1813 121.
384 1771 549 1816 Divini
575 1773 743 1817 Cultus
776 1774 1119 1818 distinctiones
1142 1787 1204 1818 ex
1228 1777 1406 1819 natura
1434 1776 1603 1831 ipsius.
1638 1774 1773 1817 Domi-

142 1853 220 1883 nus
252 1839 364 1883 lesus
396 1840 583 1885 Christus
606 1842 773 1886 diabolo
807 1843 984 1886 dicenti:
1025 1842 1176 1886 «Haec
1211 1847 1348 1887 omnia
1383 1843 1454 1887 tibi
1488 1844 1609 1898 dabo,
1642 1848 1673 1888 si
1708 1859 1772 1889 ca-

139 1911 245 1954 dens
277 1911 520 1955 adoraveris
554 1926 618 1956 me
638 1929 676 1969 )),
712 1914 946 1970 respondit:
987 1930 1005 1955 ((
1026 1914 1246 1957 Dominum
1272 1915 1402 1958 Deum
1428 1920 1541 1958 tuum
1568 1916 1772 1965 adorabis,

141 1986 183 2025 et
215 1981 273 2024 illi
295 1982 371 2026 soli
404 1985 620 2027 servies».
655 1985 719 2028 Ad
753 1988 872 2028 cuius
906 1990 1058 2028 rectam
1085 1985 1399 2042 intelligentiam
1425 1987 1771 2031 considerandum

141 2056 226 2096 est:
267 2054 415 2111 «quod
450 2053 535 2098 Deo
568 2054 745 2099 debetur
778 2049 910 2099 honor
942 2061 979 2100 et
1015 2059 1249 2099 reverentia
1274 2062 1441 2113 propter
1463 2060 1552 2100 eius
1574 2058 1775 2102 excellen-

142 2126 256 2179 tiam,
291 2137 398 2182 quae
431 2125 639 2183 aliquibus
672 2130 876 2171 creaturis
900 2127 1311 2185 (supernaturaliter)
1334 2131 1667 2171 communicatur
1694 2143 1771 2172 non

140 2195 374 2239 secundum
407 2197 718 2254 aequalitatem,
752 2199 823 2242 sed
858 2199 1088 2242 secundum
1128 2199 1350 2255 quamdam
1387 2202 1771 2256 participationem:

142 2270 183 2308 et
204 2266 298 2309 ideo
316 2265 393 2309 alia
431 2270 698 2311 veneratione
735 2282 986 2312 veneramur
1020 2268 1167 2323 Deum,
1200 2270 1308 2327 quod
1335 2272 1510 2325 pertinet
1535 2271 1584 2313 ad
1612 2270 1770 2314 latriam

144 2336 207 2394 (ut
236 2338 444 2394 peculiare
469 2340 637 2396 nomen)
657 2355 695 2394 ³),
720 2353 815 2383 nam
843 2339 951 2383 Deus
974 2339 1204 2397 plenarium
1230 2345 1269 2383 et
1293 2340 1518 2396 principale
1542 2341 1769 2384 dominium

142 2407 267 2451 habet
300 2414 488 2463 respectu
524 2412 647 2453 totius
686 2415 724 2453 et
773 2410 993 2454 cuiuslibet
1041 2416 1271 2461 creaturae,
1315 2424 1421 2468 quae
1471 2411 1648 2454 totaliter
1685 2414 1773 2455 eius

141 2477 361 2522 subiicitur
395 2483 598 2535 potestati,
639 2486 715 2524 «et
749 2481 827 2524 alia
855 2484 1122 2524 veneratione
1155 2482 1354 2539 quasdam
1391 2481 1641 2525 excellentes
1663 2496 1775 2526 crea-

143 2553 270 2605 turas,
294 2551 402 2607 quod
430 2553 605 2605 pertinet
624 2552 673 2594 ad
694 2552 849 2595 duliam
870 2568 890 2593 ))
929 2555 1207 2596 communiter
1229 2553 1382 2596 dictam
1408 2553 1636 2595 secundum
1662 2555 1771 2610 quod

142 2619 311 2664 exhibet
345 2624 622 2664 reverentiam
656 2621 825 2665 cuilibet
867 2628 1084 2666 creaturae
1118 2623 1384 2666 intellectuali
1434 2625 1588 2665 ratione
1636 2637 1776 2680 super-

144 2690 343 2734 naturalis
376 2691 660 2735 excellentiae.
719 2693 802 2736 «Et
837 2696 934 2750 quia
968 2706 1014 2737 ea
1058 2706 1163 2750 quae
1205 2696 1387 2736 exterius
1434 2698 1614 2749 aguntur
1656 2696 1770 2750 signa

142 2766 236 2804 sunt
261 2763 468 2805 interioris
502 2765 775 2819 reverentiae,
809 2764 1014 2821 quaedam
1049 2767 1253 2807 exteriora
1289 2764 1337 2807 ad
1374 2766 1650 2807 reverentiam
1687 2779 1774 2820 per-

263 2914 274 2936 1
301 2913 349 2948 D.
378 2914 448 2949 Th.
475 2914 579 2955 It-IL
609 2926 645 2960 q.
675 2914 777 2956 0111,
807 2927 840 2949 a.
872 2917 888 2950 l
918 2928 948 2950 c.
