<?xml version="1.0" encoding="UTF-8"?>
<!DOCTYPE html PUBLIC "-//W3C//DTD XHTML 1.0 Transitional//EN"
    "http://www.w3.org/TR/xhtml1/DTD/xhtml1-transitional.dtd">
<html xmlns="http://www.w3.org/1999/xhtml" xml:lang="en" lang="en">
 <head>
  <title>
</title>
<meta http-equiv="Content-Type" content="text/html;charset=utf-8" />
  <meta name='ocr-system' content='tesseract 3.04.00' />
  <meta name='ocr-capabilities' content='ocr_page ocr_carea ocr_par ocr_line ocrx_word'/>
</head>
<body>
  <div class='ocr_page' id='page_1' title='image "./commentariumtext03blatuoft_0490.png"; bbox 0 0 1965 3240; ppageno 0'>
   <div class='ocr_carea' id='block_1_1' title="bbox 142 127 1626 175">
    <p class='ocr_par' dir='ltr' id='par_1_1' title="bbox 142 127 1626 175">
     <span class='ocr_line' id='line_1_1' title="bbox 142 127 1626 175; baseline 0.002 -13"><span class='ocrx_word' id='word_1_1' title='bbox 142 129 212 163; x_wconf 75' lang='lat'>478</span> <span class='ocrx_word' id='word_1_2' title='bbox 287 128 372 162; x_wconf 73' lang='lat' dir='ltr'>Lm.</span> <span class='ocrx_word' id='word_1_3' title='bbox 401 128 474 161; x_wconf 73' lang='grc' dir='ltr'><strong>ΙΙΙ.</strong></span> <span class='ocrx_word' id='word_1_4' title='bbox 504 147 517 153; x_wconf 86' lang='grc'>-</span> <span class='ocrx_word' id='word_1_5' title='bbox 544 127 655 162; x_wconf 63' lang='lat' dir='ltr'>PARS</span> <span class='ocrx_word' id='word_1_6' title='bbox 680 127 724 164; x_wconf 88' lang='lat' dir='ltr'>V.</span> <span class='ocrx_word' id='word_1_7' title='bbox 750 147 764 154; x_wconf 89' lang='lat'>-</span> <span class='ocrx_word' id='word_1_8' title='bbox 788 128 846 163; x_wconf 85' lang='lat' dir='ltr'>De</span> <span class='ocrx_word' id='word_1_9' title='bbox 870 127 995 171; x_wconf 80' lang='lat' dir='ltr'>benef.</span> <span class='ocrx_word' id='word_1_10' title='bbox 1021 131 1056 163; x_wconf 78' lang='lat' dir='ltr'>et</span> <span class='ocrx_word' id='word_1_11' title='bbox 1082 129 1209 162; x_wconf 75' lang='lat' dir='ltr'>instit.</span> <span class='ocrx_word' id='word_1_12' title='bbox 1237 129 1369 164; x_wconf 58' lang='lat' dir='ltr'>eccles:</span> <span class='ocrx_word' id='word_1_13' title='bbox 1390 139 1470 164; x_wconf 74' lang='lat' dir='ltr'>non</span> <span class='ocrx_word' id='word_1_14' title='bbox 1496 131 1626 175; x_wconf 75' lang='lat' dir='ltr'>colleq.</span> 
     </span>
    </p>
   </div>
   <div class='ocr_carea' id='block_1_2' title="bbox 141 245 1774 2776">
    <p class='ocr_par' dir='ltr' id='par_1_2' title="bbox 141 245 1770 726">
     <span class='ocr_line' id='line_1_2' title="bbox 144 245 1766 303; baseline 0.004 -16"><span class='ocrx_word' id='word_1_15' title='bbox 144 246 259 288; x_wconf 78' lang='lat' dir='ltr'>narii</span> <span class='ocrx_word' id='word_1_16' title='bbox 294 247 647 289; x_wconf 78' lang='lat' dir='ltr'>renunciationem</span> <span class='ocrx_word' id='word_1_17' title='bbox 682 249 936 302; x_wconf 87' lang='lat' dir='ltr'>acceptantis</span> <span class='ocrx_word' id='word_1_18' title='bbox 969 245 1101 289; x_wconf 75' lang='lat' dir='ltr'>alium</span> <span class='ocrx_word' id='word_1_19' title='bbox 1119 245 1353 303; x_wconf 67' lang='lat' dir='ltr'>leqitimiem</span> <span class='ocrx_word' id='word_1_20' title='bbox 1372 247 1504 291; x_wconf 90' lang='lat' dir='ltr'>idest:</span> <span class='ocrx_word' id='word_1_21' title='bbox 1538 249 1766 293; x_wconf 90' lang='lat' dir='ltr'>secundnm</span> 
     </span>
     <span class='ocr_line' id='line_1_3' title="bbox 142 315 1769 374; baseline 0.003 -15"><span class='ocrx_word' id='word_1_22' title='bbox 142 329 231 372; x_wconf 85' lang='grc'><strong>0311.</strong></span> <span class='ocrx_word' id='word_1_23' title='bbox 267 316 349 359; x_wconf 76' lang='grc'>979</span> <span class='ocrx_word' id='word_1_24' title='bbox 387 316 450 359; x_wconf 89' lang='lat' dir='ltr'>vel</span> <span class='ocrx_word' id='word_1_25' title='bbox 486 316 566 359; x_wconf 82' lang='lat'>981</span> <span class='ocrx_word' id='word_1_26' title='bbox 613 315 899 360; x_wconf 73' lang='lat' dir='ltr'>ordinationis</span> <span class='ocrx_word' id='word_1_27' title='bbox 945 316 1114 359; x_wconf 76' lang='lat' dir='ltr'>titulum</span> <span class='ocrx_word' id='word_1_28' title='bbox 1158 319 1343 372; x_wconf 85' lang='lat' dir='ltr'>praecise</span> <span class='ocrx_word' id='word_1_29' title='bbox 1382 318 1662 374; x_wconf 78' lang='lat' dir='ltr'><em>substituisse,</em></span> <span class='ocrx_word' id='word_1_30' title='bbox 1694 334 1769 364; x_wconf 86' lang='lat' dir='ltr'>nec</span> 
     </span>
     <span class='ocr_line' id='line_1_4' title="bbox 141 385 1769 444; baseline 0.002 -14"><span class='ocrx_word' id='word_1_31' title='bbox 141 387 349 430; x_wconf 88' lang='lat' dir='ltr'>sufficeret</span> <span class='ocrx_word' id='word_1_32' title='bbox 383 388 421 429; x_wconf 91' lang='lat' dir='ltr'>in</span> <span class='ocrx_word' id='word_1_33' title='bbox 456 399 552 430; x_wconf 88' lang='grc'><strong>03511</strong></span> <span class='ocrx_word' id='word_1_34' title='bbox 588 385 926 441; x_wconf 64' lang='lat' dir='ltr'>renunciationis,</span> <span class='ocrx_word' id='word_1_35' title='bbox 960 387 1066 444; x_wconf 85' lang='lat' dir='ltr'>quod</span> <span class='ocrx_word' id='word_1_36' title='bbox 1108 387 1342 431; x_wconf 81' lang='lat' dir='ltr'>«ordinato</span> <span class='ocrx_word' id='word_1_37' title='bbox 1376 390 1414 431; x_wconf 92' lang='lat' dir='ltr'>in</span> <span class='ocrx_word' id='word_1_38' title='bbox 1448 392 1634 443; x_wconf 86' lang='lat' dir='ltr'>sacris‚...</span> <span class='ocrx_word' id='word_1_39' title='bbox 1668 391 1769 434; x_wconf 90' lang='lat' dir='ltr'>iudi-</span> 
     </span>
     <span class='ocr_line' id='line_1_5' title="bbox 142 457 1770 514; baseline 0.002 -13"><span class='ocrx_word' id='word_1_40' title='bbox 142 460 205 501; x_wconf 84' lang='lat' dir='ltr'>cio</span> <span class='ocrx_word' id='word_1_41' title='bbox 238 457 443 514; x_wconf 78' lang='lat' dir='ltr'>Episcopi,</span> <span class='ocrx_word' id='word_1_42' title='bbox 479 459 568 501; x_wconf 90' lang='lat' dir='ltr'>eius</span> <span class='ocrx_word' id='word_1_43' title='bbox 600 470 810 514; x_wconf 79' lang='lat' dir='ltr'>congruae</span> <span class='ocrx_word' id='word_1_44' title='bbox 843 460 1130 501; x_wconf 74' lang='lat' dir='ltr'>sustentationi</span> <span class='ocrx_word' id='word_1_45' title='bbox 1165 463 1332 502; x_wconf 87' lang='lat' dir='ltr'>cautum</span> <span class='ocrx_word' id='word_1_46' title='bbox 1366 461 1475 513; x_wconf 79' lang='lat' dir='ltr'>sit»,</span> <span class='ocrx_word' id='word_1_47' title='bbox 1508 462 1614 504; x_wconf 90' lang='lat' dir='ltr'>sicut</span> <span class='ocrx_word' id='word_1_48' title='bbox 1646 461 1770 505; x_wconf 87' lang='lat' dir='ltr'>habet</span> 
     </span>
     <span class='ocr_line' id='line_1_6' title="bbox 142 516 1766 587; baseline 0.002 -15"><span class='ocrx_word' id='word_1_49' title='bbox 142 516 233 572; x_wconf 62' lang='grc'><strong>0311.</strong></span> <span class='ocrx_word' id='word_1_50' title='bbox 267 528 363 584; x_wconf 80' lang='lat'>980,</span> <span class='ocrx_word' id='word_1_51' title='bbox 397 528 425 586; x_wconf 61' lang='grc' dir='ltr'>ἓ</span> <span class='ocrx_word' id='word_1_52' title='bbox 459 528 496 583; x_wconf 83' lang='lat'>1,</span> <span class='ocrx_word' id='word_1_53' title='bbox 535 531 610 571; x_wconf 86' lang='lat' dir='ltr'>«si</span> <span class='ocrx_word' id='word_1_54' title='bbox 646 528 808 571; x_wconf 92' lang='lat' dir='ltr'>titulum</span> <span class='ocrx_word' id='word_1_55' title='bbox 843 531 1066 582; x_wconf 82' lang='lat' dir='ltr'>amittat»,</span> <span class='ocrx_word' id='word_1_56' title='bbox 1101 534 1139 571; x_wconf 93' lang='lat' dir='ltr'>et</span> <span class='ocrx_word' id='word_1_57' title='bbox 1165 530 1201 580; x_wconf 87' lang='lat' dir='ltr'>in</span> <span class='ocrx_word' id='word_1_58' title='bbox 1221 528 1344 573; x_wconf 81' lang='lat' dir='ltr'>Cone.</span> <span class='ocrx_word' id='word_1_59' title='bbox 1375 529 1485 574; x_wconf 86' lang='lat' dir='ltr'>Trid.</span> <span class='ocrx_word' id='word_1_60' title='bbox 1510 545 1705 587; x_wconf 81' lang='lat' dir='ltr'>expresse</span> <span class='ocrx_word' id='word_1_61' title='bbox 1728 532 1766 575; x_wconf 90' lang='lat' dir='ltr'>id</span> 
     </span>
     <span class='ocr_line' id='line_1_7' title="bbox 142 598 1766 655; baseline 0.002 -14"><span class='ocrx_word' id='word_1_62' title='bbox 142 598 443 642; x_wconf 86' lang='lat' dir='ltr'>extendebatur</span> <span class='ocrx_word' id='word_1_63' title='bbox 485 599 533 642; x_wconf 81' lang='lat' dir='ltr'>ad</span> <span class='ocrx_word' id='word_1_64' title='bbox 580 599 786 655; x_wconf 85' lang='lat' dir='ltr'>praefatae</span> <span class='ocrx_word' id='word_1_65' title='bbox 830 601 1154 642; x_wconf 88' lang='lat' dir='ltr'>renunciationis</span> <span class='ocrx_word' id='word_1_66' title='bbox 1198 612 1352 643; x_wconf 88' lang='lat' dir='ltr'>casum.</span> <span class='ocrx_word' id='word_1_67' title='bbox 1396 600 1462 644; x_wconf 87' lang='lat' dir='ltr'>Sic</span> <span class='ocrx_word' id='word_1_68' title='bbox 1495 606 1631 645; x_wconf 88' lang='lat' dir='ltr'>tamen</span> <span class='ocrx_word' id='word_1_69' title='bbox 1667 602 1766 646; x_wconf 89' lang='lat' dir='ltr'>illud</span> 
     </span>
     <span class='ocr_line' id='line_1_8' title="bbox 142 667 970 726; baseline 0.001 -15"><span class='ocrx_word' id='word_1_70' title='bbox 142 667 364 712; x_wconf 84' lang='lat' dir='ltr'>Decretum</span> <span class='ocrx_word' id='word_1_71' title='bbox 398 670 472 712; x_wconf 82' lang='lat' dir='ltr'>luit</span> <span class='ocrx_word' id='word_1_72' title='bbox 506 673 617 712; x_wconf 88' lang='lat' dir='ltr'>recte</span> <span class='ocrx_word' id='word_1_73' title='bbox 640 670 970 726; x_wconf 87' lang='lat' dir='ltr'>interpretatum.</span> 
     </span>
    </p>

    <p class='ocr_par' dir='ltr' id='par_1_3' title="bbox 142 739 1771 1434">
     <span class='ocr_line' id='line_1_9' title="bbox 262 739 1771 798; baseline 0.005 -16"><span class='ocrx_word' id='word_1_74' title='bbox 262 739 358 782; x_wconf 83' lang='lat'>394.</span> <span class='ocrx_word' id='word_1_75' title='bbox 395 741 733 793; x_wconf 71' lang='lat' dir='ltr'>Dimissiones,&#39;</span> <span class='ocrx_word' id='word_1_76' title='bbox 774 754 979 797; x_wconf 82' lang='lat' dir='ltr'>quarum</span> <span class='ocrx_word' id='word_1_77' title='bbox 1021 743 1299 798; x_wconf 83' lang='lat' dir='ltr'>acceptatio</span> <span class='ocrx_word' id='word_1_78' title='bbox 1343 743 1389 787; x_wconf 87' lang='lat' dir='ltr'>S.</span> <span class='ocrx_word' id='word_1_79' title='bbox 1428 743 1568 789; x_wconf 87' lang='lat' dir='ltr'>Sedis</span> <span class='ocrx_word' id='word_1_80' title='bbox 1615 757 1771 790; x_wconf 83' lang='lat' dir='ltr'>reser-</span> 
     </span>
     <span class='ocr_line' id='line_1_10' title="bbox 142 810 1771 870; baseline 0 -14"><span class='ocrx_word' id='word_1_81' title='bbox 142 814 300 856; x_wconf 86' lang='lat' dir='ltr'>vatur.</span> <span class='ocrx_word' id='word_1_82' title='bbox 335 810 375 853; x_wconf 90' lang='lat' dir='ltr'>ln</span> <span class='ocrx_word' id='word_1_83' title='bbox 410 810 532 855; x_wconf 90' lang='lat' dir='ltr'>Conc.</span> <span class='ocrx_word' id='word_1_84' title='bbox 578 810 688 854; x_wconf 86' lang='lat' dir='ltr'>Trid.</span> <span class='ocrx_word' id='word_1_85' title='bbox 734 813 808 855; x_wconf 90' lang='lat' dir='ltr'>sic.</span> <span class='ocrx_word' id='word_1_86' title='bbox 854 813 1092 854; x_wconf 86' lang='lat' dir='ltr'>invenimus</span> <span class='ocrx_word' id='word_1_87' title='bbox 1130 810 1350 855; x_wconf 86' lang='lat' dir='ltr'>Decretum</span> <span class='ocrx_word' id='word_1_88' title='bbox 1373 813 1409 855; x_wconf 80' lang='lat'>¹:</span> <span class='ocrx_word' id='word_1_89' title='bbox 1449 828 1470 853; x_wconf 79' lang='lat'>«</span> <span class='ocrx_word' id='word_1_90' title='bbox 1493 812 1543 857; x_wconf 89' lang='lat' dir='ltr'>Ut</span> <span class='ocrx_word' id='word_1_91' title='bbox 1575 818 1771 870; x_wconf 89' lang='lat' dir='ltr'>paternae</span> 
     </span>
     <span class='ocr_line' id='line_1_11' title="bbox 143 881 1769 941; baseline 0.002 -17"><span class='ocrx_word' id='word_1_92' title='bbox 143 883 465 925; x_wconf 87' lang='lat' dir='ltr'>incontinentiae</span> <span class='ocrx_word' id='word_1_93' title='bbox 499 883 697 924; x_wconf 90' lang='lat' dir='ltr'>memoria</span> <span class='ocrx_word' id='word_1_94' title='bbox 733 894 753 924; x_wconf 92' lang='lat' dir='ltr'>a</span> <span class='ocrx_word' id='word_1_95' title='bbox 789 881 889 925; x_wconf 87' lang='lat' dir='ltr'>locis</span> <span class='ocrx_word' id='word_1_96' title='bbox 923 881 1006 925; x_wconf 92' lang='lat' dir='ltr'>Deo</span> <span class='ocrx_word' id='word_1_97' title='bbox 1040 885 1307 935; x_wconf 79' lang='lat' dir='ltr'>consecratis,</span> <span class='ocrx_word' id='word_1_98' title='bbox 1341 896 1444 940; x_wconf 90' lang='lat' dir='ltr'>quos</span> <span class='ocrx_word' id='word_1_99' title='bbox 1482 887 1663 928; x_wconf 84' lang='lat' dir='ltr'>maxime</span> <span class='ocrx_word' id='word_1_100' title='bbox 1697 898 1769 941; x_wconf 91' lang='lat' dir='ltr'>pu-</span> 
     </span>
     <span class='ocr_line' id='line_1_12' title="bbox 143 952 1771 1012; baseline 0.002 -17"><span class='ocrx_word' id='word_1_101' title='bbox 143 954 255 1007; x_wconf 82' lang='lat' dir='ltr'>ritas,</span> <span class='ocrx_word' id='word_1_102' title='bbox 278 954 558 1010; x_wconf 85' lang='lat' dir='ltr'>sanctitasque</span> <span class='ocrx_word' id='word_1_103' title='bbox 592 952 724 1009; x_wconf 84' lang='lat' dir='ltr'>‹leeet,</span> <span class='ocrx_word' id='word_1_104' title='bbox 749 952 988 1009; x_wconf 86' lang='lat' dir='ltr'>longissime</span> <span class='ocrx_word' id='word_1_105' title='bbox 1022 959 1280 1006; x_wconf 76' lang='lat' dir='ltr'>arceatur3...</span> <span class='ocrx_word' id='word_1_106' title='bbox 1316 957 1554 1011; x_wconf 86' lang='lat' dir='ltr'>reciprocae</span> <span class='ocrx_word' id='word_1_107' title='bbox 1588 958 1771 1012; x_wconf 87' lang='lat' dir='ltr'>resigna-</span> 
     </span>
     <span class='ocr_line' id='line_1_13' title="bbox 144 1023 1768 1080; baseline 0.002 -15"><span class='ocrx_word' id='word_1_108' title='bbox 144 1025 288 1077; x_wconf 88' lang='lat' dir='ltr'>tiones,</span> <span class='ocrx_word' id='word_1_109' title='bbox 321 1025 352 1066; x_wconf 90' lang='lat' dir='ltr'>si</span> <span class='ocrx_word' id='word_1_110' title='bbox 387 1035 493 1080; x_wconf 92' lang='lat' dir='ltr'>quae</span> <span class='ocrx_word' id='word_1_111' title='bbox 528 1023 697 1079; x_wconf 84' lang='lat' dir='ltr'>posthac</span> <span class='ocrx_word' id='word_1_112' title='bbox 730 1036 750 1067; x_wconf 94' lang='lat' dir='ltr'>a</span> <span class='ocrx_word' id='word_1_113' title='bbox 786 1023 1026 1080; x_wconf 88' lang='lat' dir='ltr'>parentibus</span> <span class='ocrx_word' id='word_1_114' title='bbox 1069 1024 1232 1068; x_wconf 78' lang='lat' dir='ltr'>clericis</span> <span class='ocrx_word' id='word_1_115' title='bbox 1276 1027 1313 1068; x_wconf 92' lang='lat' dir='ltr'>in</span> <span class='ocrx_word' id='word_1_116' title='bbox 1360 1027 1546 1069; x_wconf 84' lang='lat' dir='ltr'>favorem</span> <span class='ocrx_word' id='word_1_117' title='bbox 1591 1026 1768 1069; x_wconf 80' lang='lat' dir='ltr'>tiliorum</span> 
     </span>
     <span class='ocr_line' id='line_1_14' title="bbox 143 1093 1771 1152; baseline 0.003 -17"><span class='ocrx_word' id='word_1_118' title='bbox 143 1095 255 1146; x_wconf 82' lang='lat' dir='ltr'>licut,</span> <span class='ocrx_word' id='word_1_119' title='bbox 288 1099 331 1136; x_wconf 91' lang='lat' dir='ltr'>ut</span> <span class='ocrx_word' id='word_1_120' title='bbox 363 1093 467 1136; x_wconf 90' lang='lat' dir='ltr'>alter</span> <span class='ocrx_word' id='word_1_121' title='bbox 509 1093 677 1137; x_wconf 85' lang='lat' dir='ltr'>alterius</span> <span class='ocrx_word' id='word_1_122' title='bbox 722 1093 969 1138; x_wconf 72' lang='lat' dir='ltr'>beneficium</span> <span class='ocrx_word' id='word_1_123' title='bbox 1013 1100 1313 1152; x_wconf 74' lang='lat' dir='ltr'>consequatur,</span> <span class='ocrx_word' id='word_1_124' title='bbox 1349 1098 1386 1138; x_wconf 91' lang='lat' dir='ltr'>in</span> <span class='ocrx_word' id='word_1_125' title='bbox 1422 1096 1608 1140; x_wconf 86' lang='lat' dir='ltr'>fraudem</span> <span class='ocrx_word' id='word_1_126' title='bbox 1649 1096 1771 1140; x_wconf 89' lang='lat' dir='ltr'>huius</span> 
     </span>
     <span class='ocr_line' id='line_1_15' title="bbox 143 1165 1771 1221; baseline 0.002 -15"><span class='ocrx_word' id='word_1_127' title='bbox 143 1165 313 1218; x_wconf 84' lang='lat' dir='ltr'>decreti,</span> <span class='ocrx_word' id='word_1_128' title='bbox 333 1169 372 1207; x_wconf 91' lang='lat' dir='ltr'>et</span> <span class='ocrx_word' id='word_1_129' title='bbox 404 1167 697 1208; x_wconf 89' lang='lat' dir='ltr'>canonicarum</span> <span class='ocrx_word' id='word_1_130' title='bbox 732 1168 991 1209; x_wconf 84' lang='lat' dir='ltr'>sanctionum</span> <span class='ocrx_word' id='word_1_131' title='bbox 1027 1167 1159 1209; x_wconf 82' lang='lat' dir='ltr'>factae</span> <span class='ocrx_word' id='word_1_132' title='bbox 1191 1168 1358 1210; x_wconf 91' lang='lat' dir='ltr'>omnino</span> <span class='ocrx_word' id='word_1_133' title='bbox 1391 1172 1660 1221; x_wconf 67' lang='lat' dir='ltr'>censeantur,</span> <span class='ocrx_word' id='word_1_134' title='bbox 1697 1181 1771 1211; x_wconf 90' lang='grc'><strong>1100</strong></span> 
     </span>
     <span class='ocr_line' id='line_1_16' title="bbox 143 1232 1770 1293; baseline 0.001 -14"><span class='ocrx_word' id='word_1_135' title='bbox 143 1235 382 1279; x_wconf 86' lang='lat' dir='ltr'>collationes</span> <span class='ocrx_word' id='word_1_136' title='bbox 423 1240 603 1291; x_wconf 87' lang='lat' dir='ltr'>secutae⁷</span> <span class='ocrx_word' id='word_1_137' title='bbox 641 1238 783 1292; x_wconf 83' lang='lat' dir='ltr'>vigore</span> <span class='ocrx_word' id='word_1_138' title='bbox 827 1232 1064 1280; x_wconf 89' lang='lat' dir='ltr'>huiusmodi</span> <span class='ocrx_word' id='word_1_139' title='bbox 1110 1239 1448 1293; x_wconf 86' lang='lat' dir='ltr'>resignationum,</span> <span class='ocrx_word' id='word_1_140' title='bbox 1482 1251 1553 1281; x_wconf 91' lang='lat' dir='ltr'>seu</span> <span class='ocrx_word' id='word_1_141' title='bbox 1597 1238 1770 1282; x_wconf 89' lang='lat' dir='ltr'>aliarum</span> 
     </span>
     <span class='ocr_line' id='line_1_17' title="bbox 146 1308 1770 1365; baseline 0.001 -16"><span class='ocrx_word' id='word_1_142' title='bbox 146 1319 520 1364; x_wconf 86' lang='lat' dir='ltr'>quarumcumque,</span> <span class='ocrx_word' id='word_1_143' title='bbox 555 1319 662 1364; x_wconf 89' lang='lat' dir='ltr'>quae</span> <span class='ocrx_word' id='word_1_144' title='bbox 702 1309 740 1350; x_wconf 88' lang='lat' dir='ltr'>in</span> <span class='ocrx_word' id='word_1_145' title='bbox 779 1308 966 1351; x_wconf 84' lang='lat' dir='ltr'>fraudem</span> <span class='ocrx_word' id='word_1_146' title='bbox 1012 1309 1142 1351; x_wconf 87' lang='lat' dir='ltr'>factae</span> <span class='ocrx_word' id='word_1_147' title='bbox 1186 1310 1350 1363; x_wconf 83' lang='lat' dir='ltr'>fuerint,</span> <span class='ocrx_word' id='word_1_148' title='bbox 1386 1311 1483 1365; x_wconf 91' lang='lat' dir='ltr'>ipsis</span> <span class='ocrx_word' id='word_1_149' title='bbox 1525 1310 1770 1353; x_wconf 87' lang='lat' dir='ltr'>clericorum</span> 
     </span>
     <span class='ocr_line' id='line_1_18' title="bbox 144 1377 611 1434; baseline -0.004 -14"><span class='ocrx_word' id='word_1_150' title='bbox 144 1377 238 1420; x_wconf 85' lang='lat' dir='ltr'>tiliis</span> <span class='ocrx_word' id='word_1_151' title='bbox 270 1378 549 1434; x_wconf 80' lang='lat' dir='ltr'>suffragentur</span> <span class='ocrx_word' id='word_1_152' title='bbox 572 1393 611 1418; x_wconf 86' lang='grc'>)).</span> 
     </span>
    </p>

    <p class='ocr_par' dir='ltr' id='par_1_4' title="bbox 143 1448 1774 2565">
     <span class='ocr_line' id='line_1_19' title="bbox 260 1448 1772 1507; baseline 0.002 -16"><span class='ocrx_word' id='word_1_153' title='bbox 260 1448 348 1492; x_wconf 89' lang='lat' dir='ltr'>Hoc</span> <span class='ocrx_word' id='word_1_154' title='bbox 382 1451 682 1505; x_wconf 87' lang='lat' dir='ltr'>praescriptum</span> <span class='ocrx_word' id='word_1_155' title='bbox 707 1454 747 1492; x_wconf 91' lang='lat' dir='ltr'>et</span> <span class='ocrx_word' id='word_1_156' title='bbox 770 1448 848 1492; x_wconf 87' lang='lat' dir='ltr'>alia</span> <span class='ocrx_word' id='word_1_157' title='bbox 884 1449 1169 1505; x_wconf 86' lang='lat' dir='ltr'>praecedentis</span> <span class='ocrx_word' id='word_1_158' title='bbox 1204 1452 1303 1493; x_wconf 86' lang='lat' dir='ltr'>iuris</span> <span class='ocrx_word' id='word_1_159' title='bbox 1337 1450 1601 1507; x_wconf 89' lang='lat' dir='ltr'>amplectitur</span> <span class='ocrx_word' id='word_1_160' title='bbox 1628 1451 1772 1494; x_wconf 86' lang='lat' dir='ltr'>dicens</span> 
     </span>
     <span class='ocr_line' id='line_1_20' title="bbox 144 1518 1772 1579; baseline 0.002 -17"><span class='ocrx_word' id='word_1_161' title='bbox 144 1522 391 1562; x_wconf 67' lang='lat' dir='ltr'>esni.1486.</span> <span class='ocrx_word' id='word_1_162' title='bbox 429 1518 724 1562; x_wconf 79' lang='lat' dir='ltr'>Dimissionem</span> <span class='ocrx_word' id='word_1_163' title='bbox 757 1519 1048 1575; x_wconf 75' lang='lat' dir='ltr'>beneficiorum</span> <span class='ocrx_word' id='word_1_164' title='bbox 1081 1519 1362 1577; x_wconf 87' lang='lat' dir='ltr'>quorumlibet</span> <span class='ocrx_word' id='word_1_165' title='bbox 1394 1525 1433 1564; x_wconf 88' lang='lat' dir='ltr'>et</span> <span class='ocrx_word' id='word_1_166' title='bbox 1465 1534 1485 1564; x_wconf 88' lang='lat' dir='ltr'>a</span> <span class='ocrx_word' id='word_1_167' title='bbox 1520 1521 1772 1579; x_wconf 84' lang='lat' dir='ltr'>quibuslibet</span> 
     </span>
     <span class='ocr_line' id='line_1_21' title="bbox 144 1589 1772 1649; baseline 0.001 -17"><span class='ocrx_word' id='word_1_168' title='bbox 144 1592 248 1634; x_wconf 84' lang='lat' dir='ltr'>sacta</span> <span class='ocrx_word' id='word_1_169' title='bbox 273 1590 317 1632; x_wconf 77' lang='lat' dir='ltr'>iii</span> <span class='ocrx_word' id='word_1_170' title='bbox 350 1589 606 1633; x_wconf 43' lang='lat' dir='ltr'>commodum&gt;</span> <span class='ocrx_word' id='word_1_171' title='bbox 640 1589 840 1644; x_wconf 75' lang='lat' dir='ltr'>aliorum,</span> <span class='ocrx_word' id='word_1_172' title='bbox 862 1603 1032 1646; x_wconf 88' lang='lat' dir='ltr'>nempe:</span> <span class='ocrx_word' id='word_1_173' title='bbox 1071 1595 1112 1633; x_wconf 92' lang='lat' dir='ltr'>ut</span> <span class='ocrx_word' id='word_1_174' title='bbox 1145 1590 1182 1633; x_wconf 85' lang='lat' dir='ltr'>lii</span> <span class='ocrx_word' id='word_1_175' title='bbox 1217 1604 1264 1633; x_wconf 86' lang='lat' dir='ltr'>ea</span> <span class='ocrx_word' id='word_1_176' title='bbox 1296 1594 1493 1649; x_wconf 84' lang='lat' dir='ltr'>consequi</span> <span class='ocrx_word' id='word_1_177' title='bbox 1519 1594 1686 1648; x_wconf 78' lang='lat' dir='ltr'>possint,</span> <span class='ocrx_word' id='word_1_178' title='bbox 1712 1591 1772 1634; x_wconf 69' lang='lat' dir='ltr'>vel</span> 
     </span>
     <span class='ocr_line' id='line_1_22' title="bbox 143 1659 1771 1718; baseline 0.001 -15"><span class='ocrx_word' id='word_1_179' title='bbox 143 1660 215 1703; x_wconf 74' lang='lat' dir='ltr'>sub</span> <span class='ocrx_word' id='word_1_180' title='bbox 248 1660 396 1718; x_wconf 76' lang='lat' dir='ltr'>aliqua</span> <span class='ocrx_word' id='word_1_181' title='bbox 429 1659 669 1704; x_wconf 77' lang='lat' dir='ltr'>conditione</span> <span class='ocrx_word' id='word_1_182' title='bbox 703 1663 868 1718; x_wconf 88' lang='lat' dir='ltr'>proprie</span> <span class='ocrx_word' id='word_1_183' title='bbox 902 1661 1025 1713; x_wconf 89' lang='lat' dir='ltr'>dicta,</span> <span class='ocrx_word' id='word_1_184' title='bbox 1063 1661 1257 1705; x_wconf 75' lang='lat' dir='ltr'>videlicet</span> <span class='ocrx_word' id='word_1_185' title='bbox 1291 1674 1396 1718; x_wconf 87' lang='lat' dir='ltr'>quae</span> <span class='ocrx_word' id='word_1_186' title='bbox 1434 1664 1602 1705; x_wconf 89' lang='lat' dir='ltr'>omnino</span> <span class='ocrx_word' id='word_1_187' title='bbox 1645 1662 1771 1705; x_wconf 84' lang='lat' dir='ltr'>adim-</span> 
     </span>
     <span class='ocr_line' id='line_1_23' title="bbox 145 1731 1772 1789; baseline 0.001 -15"><span class='ocrx_word' id='word_1_188' title='bbox 145 1732 292 1788; x_wconf 87' lang='lat' dir='ltr'>plenda</span> <span class='ocrx_word' id='word_1_189' title='bbox 342 1734 393 1775; x_wconf 87' lang='lat' dir='ltr'>sit</span> <span class='ocrx_word' id='word_1_190' title='bbox 442 1734 599 1774; x_wconf 86' lang='lat' dir='ltr'>ratione</span> <span class='ocrx_word' id='word_1_191' title='bbox 647 1734 943 1788; x_wconf 84' lang='lat' dir='ltr'>acceptationis</span> <span class='ocrx_word' id='word_1_192' title='bbox 994 1734 1093 1775; x_wconf 82' lang='lat' dir='ltr'>eius.</span> <span class='ocrx_word' id='word_1_193' title='bbox 1129 1744 1234 1789; x_wconf 87' lang='lat' dir='ltr'>quae</span> <span class='ocrx_word' id='word_1_194' title='bbox 1278 1731 1429 1788; x_wconf 88' lang='lat' dir='ltr'>duplex</span> <span class='ocrx_word' id='word_1_195' title='bbox 1465 1745 1485 1775; x_wconf 88' lang='lat' dir='ltr'>a</span> <span class='ocrx_word' id='word_1_196' title='bbox 1520 1745 1676 1776; x_wconf 89' lang='lat' dir='ltr'>canone</span> <span class='ocrx_word' id='word_1_197' title='bbox 1713 1735 1772 1777; x_wconf 92' lang='lat' dir='ltr'>sic</span> 
     </span>
     <span class='ocr_line' id='line_1_24' title="bbox 145 1801 1772 1860; baseline 0.001 -15"><span class='ocrx_word' id='word_1_198' title='bbox 145 1814 359 1858; x_wconf 82' lang='lat' dir='ltr'>expressa:</span> <span class='ocrx_word' id='word_1_199' title='bbox 395 1815 502 1859; x_wconf 77' lang='lat' dir='ltr'>quac</span> <span class='ocrx_word' id='word_1_200' title='bbox 534 1802 714 1845; x_wconf 86' lang='lat' dir='ltr'>conditio</span> <span class='ocrx_word' id='word_1_201' title='bbox 738 1802 895 1859; x_wconf 77' lang='lat' dir='ltr'>ipsam</span> <span class='ocrx_word' id='word_1_202' title='bbox 942 1801 1129 1857; x_wconf 79' lang='lat' dir='ltr'>beneficii</span> <span class='ocrx_word' id='word_1_203' title='bbox 1175 1807 1445 1858; x_wconf 88' lang='lat' dir='ltr'>sequnturam</span> <span class='ocrx_word' id='word_1_204' title='bbox 1489 1803 1772 1860; x_wconf 67' lang='lat' dir='ltr'>provisionem</span> 
     </span>
     <span class='ocr_line' id='line_1_25' title="bbox 144 1871 1772 1930; baseline 0.002 -16"><span class='ocrx_word' id='word_1_205' title='bbox 144 1872 535 1930; x_wconf 83' lang='lat' dir='ltr'>quomodocumque</span> <span class='ocrx_word' id='word_1_206' title='bbox 569 1878 643 1915; x_wconf 75' lang='lat' dir='ltr'>aut</span> <span class='ocrx_word' id='word_1_207' title='bbox 675 1871 887 1915; x_wconf 75' lang='lat' dir='ltr'>redituum</span> <span class='ocrx_word' id='word_1_208' title='bbox 925 1873 1211 1930; x_wconf 77' lang='lat' dir='ltr'>eroyatioizem</span> <span class='ocrx_word' id='word_1_209' title='bbox 1253 1876 1376 1916; x_wconf 89' lang='lat' dir='ltr'>etiam</span> <span class='ocrx_word' id='word_1_210' title='bbox 1425 1873 1638 1930; x_wconf 88' lang='lat' dir='ltr'>partialem</span> <span class='ocrx_word' id='word_1_211' title='bbox 1684 1876 1772 1917; x_wconf 84' lang='lat' dir='ltr'>iure</span> 
     </span>
     <span class='ocr_line' id='line_1_26' title="bbox 145 1943 1773 2001; baseline 0.001 -15"><span class='ocrx_word' id='word_1_212' title='bbox 145 1957 223 1986; x_wconf 89' lang='lat' dir='ltr'>non</span> <span class='ocrx_word' id='word_1_213' title='bbox 262 1946 502 2000; x_wconf 89' lang='lat' dir='ltr'>permissam</span> <span class='ocrx_word' id='word_1_214' title='bbox 553 1956 749 2000; x_wconf 84' lang='lat' dir='ltr'>expresse</span> <span class='ocrx_word' id='word_1_215' title='bbox 783 1943 982 2001; x_wconf 73' lang='lat' dir='ltr'>attinqat.</span> <span class='ocrx_word' id='word_1_216' title='bbox 1018 1943 1119 1987; x_wconf 85' lang='lat' dir='ltr'>Dedi</span> <span class='ocrx_word' id='word_1_217' title='bbox 1159 1943 1265 1987; x_wconf 85' lang='lat' dir='ltr'>lianc</span> <span class='ocrx_word' id='word_1_218' title='bbox 1299 1946 1695 2000; x_wconf 86' lang='lat' dir='ltr'>interpretationem,</span> <span class='ocrx_word' id='word_1_219' title='bbox 1730 1948 1773 1987; x_wconf 88' lang='lat' dir='ltr'>ut</span> 
     </span>
     <span class='ocr_line' id='line_1_27' title="bbox 144 2014 1770 2072; baseline 0 -14"><span class='ocrx_word' id='word_1_220' title='bbox 144 2026 274 2058; x_wconf 88' lang='lat' dir='ltr'>canon</span> <span class='ocrx_word' id='word_1_221' title='bbox 319 2015 542 2058; x_wconf 86' lang='lat' dir='ltr'>concordet</span> <span class='ocrx_word' id='word_1_222' title='bbox 591 2028 684 2058; x_wconf 91' lang='lat' dir='ltr'>cum</span> <span class='ocrx_word' id='word_1_223' title='bbox 721 2016 739 2069; x_wconf 66' lang='grc' dir='ltr'><strong>ξ</strong></span> <span class='ocrx_word' id='word_1_224' title='bbox 774 2014 796 2057; x_wconf 74' lang='lat'>⁶2</span> <span class='ocrx_word' id='word_1_225' title='bbox 832 2020 939 2058; x_wconf 76' lang='lat' dir='ltr'>ean.⁸</span> <span class='ocrx_word' id='word_1_226' title='bbox 974 2014 1100 2070; x_wconf 69' lang='lat'>1429,</span> <span class='ocrx_word' id='word_1_227' title='bbox 1135 2017 1173 2057; x_wconf 93' lang='lat' dir='ltr'>in</span> <span class='ocrx_word' id='word_1_228' title='bbox 1207 2027 1288 2072; x_wconf 87' lang='lat' dir='ltr'>quo</span> <span class='ocrx_word' id='word_1_229' title='bbox 1327 2030 1348 2055; x_wconf 85' lang='lat'>«</span> <span class='ocrx_word' id='word_1_230' title='bbox 1373 2017 1584 2058; x_wconf 85' lang='lat' dir='ltr'>beneticiis</span> <span class='ocrx_word' id='word_1_231' title='bbox 1628 2027 1770 2072; x_wconf 87' lang='lat' dir='ltr'>paroe-</span> 
     </span>
     <span class='ocr_line' id='line_1_28' title="bbox 144 2083 1774 2142; baseline 0.001 -15"><span class='ocrx_word' id='word_1_232' title='bbox 144 2084 318 2128; x_wconf 86' lang='lat' dir='ltr'>cialibus</span> <span class='ocrx_word' id='word_1_233' title='bbox 353 2088 565 2142; x_wconf 90' lang='lat' dir='ltr'>imponere</span> <span class='ocrx_word' id='word_1_234' title='bbox 600 2087 818 2142; x_wconf 90' lang='lat' dir='ltr'>pensiones</span> <span class='ocrx_word' id='word_1_235' title='bbox 841 2102 862 2125; x_wconf 82' lang='lat'>»</span> <span class='ocrx_word' id='word_1_236' title='bbox 890 2083 1114 2130; x_wconf 85' lang='lat' dir='ltr'>Ordinario</span> <span class='ocrx_word' id='word_1_237' title='bbox 1139 2085 1214 2128; x_wconf 87' lang='lat' dir='ltr'>loci</span> <span class='ocrx_word' id='word_1_238' title='bbox 1240 2084 1316 2129; x_wconf 88' lang='lat' dir='ltr'>sub</span> <span class='ocrx_word' id='word_1_239' title='bbox 1346 2085 1660 2129; x_wconf 87' lang='lat' dir='ltr'>limitationibus</span> <span class='ocrx_word' id='word_1_240' title='bbox 1682 2099 1774 2129; x_wconf 86' lang='lat' dir='ltr'>con-</span> 
     </span>
     <span class='ocr_line' id='line_1_29' title="bbox 144 2155 1772 2213; baseline 0.001 -15"><span class='ocrx_word' id='word_1_241' title='bbox 144 2156 318 2209; x_wconf 83' lang='lat' dir='ltr'>ceditur,</span> <span class='ocrx_word' id='word_1_242' title='bbox 351 2168 443 2199; x_wconf 89' lang='lat' dir='ltr'>nam</span> <span class='ocrx_word' id='word_1_243' title='bbox 479 2157 530 2199; x_wconf 89' lang='lat' dir='ltr'>de</span> <span class='ocrx_word' id='word_1_244' title='bbox 563 2156 642 2199; x_wconf 90' lang='lat' dir='ltr'>illis</span> <span class='ocrx_word' id='word_1_245' title='bbox 689 2156 1001 2200; x_wconf 88' lang='lat' dir='ltr'>dimissionibus</span> <span class='ocrx_word' id='word_1_246' title='bbox 1049 2159 1351 2213; x_wconf 88' lang='lat' dir='ltr'>praescriptum</span> <span class='ocrx_word' id='word_1_247' title='bbox 1392 2162 1473 2200; x_wconf 88' lang='lat' dir='ltr'>est:</span> <span class='ocrx_word' id='word_1_248' title='bbox 1514 2155 1772 2200; x_wconf 72' lang='lat' dir='ltr'>Ordinarizcs</span> 
     </span>
     <span class='ocr_line' id='line_1_30' title="bbox 146 2226 1768 2284; baseline 0.001 -16"><span class='ocrx_word' id='word_1_249' title='bbox 146 2226 222 2269; x_wconf 87' lang='lat' dir='ltr'>loci</span> <span class='ocrx_word' id='word_1_250' title='bbox 256 2240 305 2270; x_wconf 88' lang='lat' dir='ltr'>ex</span> <span class='ocrx_word' id='word_1_251' title='bbox 350 2232 544 2270; x_wconf 82' lang='lat' dir='ltr'>contextu</span> <span class='ocrx_word' id='word_1_252' title='bbox 583 2227 689 2283; x_wconf 89' lang='lat' dir='ltr'>(can.</span> <span class='ocrx_word' id='word_1_253' title='bbox 727 2227 824 2281; x_wconf 78' lang='lat'>198,</span> <span class='ocrx_word' id='word_1_254' title='bbox 858 2230 882 2281; x_wconf 60' lang='grc' dir='ltr'>,ξ</span> <span class='ocrx_word' id='word_1_255' title='bbox 927 2227 969 2284; x_wconf 65' lang='grc' dir='ltr'>Ξ)</span> <span class='ocrx_word' id='word_1_256' title='bbox 1008 2227 1233 2270; x_wconf 76' lang='lat' dir='ltr'>aclinitlere</span> <span class='ocrx_word' id='word_1_257' title='bbox 1274 2227 1431 2284; x_wconf 74' lang='lat' dir='ltr'>nequit,</span> <span class='ocrx_word' id='word_1_258' title='bbox 1479 2241 1550 2271; x_wconf 90' lang='lat' dir='ltr'>seu</span> <span class='ocrx_word' id='word_1_259' title='bbox 1595 2228 1633 2271; x_wconf 76' lang='lat' dir='ltr'>S.</span> <span class='ocrx_word' id='word_1_260' title='bbox 1676 2228 1768 2271; x_wconf 87' lang='lat' dir='ltr'>Sedi</span> 
     </span>
     <span class='ocr_line' id='line_1_31' title="bbox 147 2296 1773 2354; baseline 0.002 -16"><span class='ocrx_word' id='word_1_261' title='bbox 147 2296 238 2339; x_wconf 87' lang='lat' dir='ltr'>talis</span> <span class='ocrx_word' id='word_1_262' title='bbox 272 2298 468 2340; x_wconf 84' lang='lat' dir='ltr'>admissio</span> <span class='ocrx_word' id='word_1_263' title='bbox 502 2302 561 2340; x_wconf 91' lang='lat' dir='ltr'>est</span> <span class='ocrx_word' id='word_1_264' title='bbox 596 2302 824 2351; x_wconf 83' lang='lat' dir='ltr'>reservata,</span> <span class='ocrx_word' id='word_1_265' title='bbox 848 2310 940 2340; x_wconf 89' lang='lat' dir='ltr'>nam</span> <span class='ocrx_word' id='word_1_266' title='bbox 967 2298 1102 2354; x_wconf 88' lang='lat' dir='ltr'>quoad</span> <span class='ocrx_word' id='word_1_267' title='bbox 1141 2298 1354 2341; x_wconf 88' lang='lat' dir='ltr'>vitandum</span> <span class='ocrx_word' id='word_1_268' title='bbox 1389 2297 1653 2341; x_wconf 88' lang='lat' dir='ltr'>commodum</span> <span class='ocrx_word' id='word_1_269' title='bbox 1678 2298 1773 2341; x_wconf 90' lang='lat' dir='ltr'>alio-</span> 
     </span>
     <span class='ocr_line' id='line_1_32' title="bbox 146 2366 1771 2424; baseline 0.002 -16"><span class='ocrx_word' id='word_1_270' title='bbox 146 2380 251 2416; x_wconf 81' lang='lat' dir='ltr'>rum,</span> <span class='ocrx_word' id='word_1_271' title='bbox 287 2369 342 2409; x_wconf 89' lang='lat' dir='ltr'>ait</span> <span class='ocrx_word' id='word_1_272' title='bbox 375 2366 496 2411; x_wconf 86' lang='lat' dir='ltr'>Cone.</span> <span class='ocrx_word' id='word_1_273' title='bbox 531 2367 641 2411; x_wconf 86' lang='lat' dir='ltr'>Trid.</span> <span class='ocrx_word' id='word_1_274' title='bbox 663 2366 700 2410; x_wconf 75' lang='lat'>2:</span> <span class='ocrx_word' id='word_1_275' title='bbox 755 2383 776 2408; x_wconf 84' lang='lat'>«</span> <span class='ocrx_word' id='word_1_276' title='bbox 800 2369 838 2410; x_wconf 92' lang='lat' dir='ltr'>in</span> <span class='ocrx_word' id='word_1_277' title='bbox 890 2367 1102 2411; x_wconf 86' lang='lat' dir='ltr'>beneficiis</span> <span class='ocrx_word' id='word_1_278' title='bbox 1135 2367 1428 2411; x_wconf 90' lang='lat' dir='ltr'>ecclesiasticis</span> <span class='ocrx_word' id='word_1_279' title='bbox 1460 2380 1522 2421; x_wconf 90' lang='lat' dir='ltr'>ea,</span> <span class='ocrx_word' id='word_1_280' title='bbox 1555 2380 1660 2424; x_wconf 91' lang='lat' dir='ltr'>quae</span> <span class='ocrx_word' id='word_1_281' title='bbox 1702 2367 1771 2411; x_wconf 90' lang='lat' dir='ltr'>he-</span> 
     </span>
     <span class='ocr_line' id='line_1_33' title="bbox 148 2437 1773 2494; baseline 0.001 -15"><span class='ocrx_word' id='word_1_282' title='bbox 148 2437 367 2480; x_wconf 89' lang='lat' dir='ltr'>reditariae</span> <span class='ocrx_word' id='word_1_283' title='bbox 415 2440 689 2481; x_wconf 88' lang='lat' dir='ltr'>successionis</span> <span class='ocrx_word' id='word_1_284' title='bbox 734 2440 957 2494; x_wconf 87' lang='lat' dir='ltr'>imaginem</span> <span class='ocrx_word' id='word_1_285' title='bbox 1003 2440 1199 2492; x_wconf 80' lang='lat' dir='ltr'>referunt,</span> <span class='ocrx_word' id='word_1_286' title='bbox 1242 2439 1370 2481; x_wconf 85' lang='lat' dir='ltr'>sacris</span> <span class='ocrx_word' id='word_1_287' title='bbox 1412 2438 1773 2481; x_wconf 87' lang='lat' dir='ltr'>constitutionibus</span> 
     </span>
     <span class='ocr_line' id='line_1_34' title="bbox 145 2508 1211 2565; baseline -0.001 -16"><span class='ocrx_word' id='word_1_288' title='bbox 145 2512 239 2550; x_wconf 89' lang='lat' dir='ltr'>sunt</span> <span class='ocrx_word' id='word_1_289' title='bbox 271 2508 425 2563; x_wconf 85' lang='lat' dir='ltr'>odiosa,</span> <span class='ocrx_word' id='word_1_290' title='bbox 460 2514 500 2551; x_wconf 89' lang='lat' dir='ltr'>et</span> <span class='ocrx_word' id='word_1_291' title='bbox 532 2513 695 2565; x_wconf 87' lang='lat' dir='ltr'>patrum</span> <span class='ocrx_word' id='word_1_292' title='bbox 731 2508 909 2551; x_wconf 88' lang='lat' dir='ltr'>decretis</span> <span class='ocrx_word' id='word_1_293' title='bbox 942 2511 1148 2552; x_wconf 79' lang='lat' dir='ltr'>contraria</span> <span class='ocrx_word' id='word_1_294' title='bbox 1171 2524 1211 2549; x_wconf 88' lang='lat'>».</span> 
     </span>
    </p>

    <p class='ocr_par' dir='ltr' id='par_1_5' title="bbox 146 2578 1772 2776">
     <span class='ocr_line' id='line_1_35' title="bbox 265 2578 1771 2636; baseline 0.001 -16"><span class='ocrx_word' id='word_1_295' title='bbox 265 2578 304 2620; x_wconf 93' lang='lat' dir='ltr'>ln</span> <span class='ocrx_word' id='word_1_296' title='bbox 340 2578 416 2621; x_wconf 89' lang='lat' dir='ltr'>hoc</span> <span class='ocrx_word' id='word_1_297' title='bbox 449 2578 590 2636; x_wconf 89' lang='lat' dir='ltr'>Capite</span> <span class='ocrx_word' id='word_1_298' title='bbox 634 2581 785 2622; x_wconf 88' lang='lat' dir='ltr'>omissa</span> <span class='ocrx_word' id='word_1_299' title='bbox 828 2579 901 2621; x_wconf 88' lang='lat' dir='ltr'>fuit</span> <span class='ocrx_word' id='word_1_300' title='bbox 944 2579 1150 2622; x_wconf 85' lang='lat' dir='ltr'>ordinatio</span> <span class='ocrx_word' id='word_1_301' title='bbox 1195 2578 1361 2635; x_wconf 84' lang='lat' dir='ltr'>regulae</span> <span class='ocrx_word' id='word_1_302' title='bbox 1402 2579 1453 2621; x_wconf 83' lang='lat'>19</span> <span class='ocrx_word' id='word_1_303' title='bbox 1493 2578 1771 2623; x_wconf 83' lang='lat' dir='ltr'>Cancellariae</span> 
     </span>
     <span class='ocr_line' id='line_1_36' title="bbox 146 2648 1771 2707; baseline 0.001 -17"><span class='ocrx_word' id='word_1_304' title='bbox 146 2648 422 2704; x_wconf 77' lang='lat' dir='ltr'>Apostolieae,</span> <span class='ocrx_word' id='word_1_305' title='bbox 455 2662 561 2707; x_wconf 90' lang='lat' dir='ltr'>quae</span> <span class='ocrx_word' id='word_1_306' title='bbox 608 2650 657 2693; x_wconf 88' lang='lat' dir='ltr'>ad</span> <span class='ocrx_word' id='word_1_307' title='bbox 708 2649 924 2692; x_wconf 86' lang='lat' dir='ltr'>evitandas</span> <span class='ocrx_word' id='word_1_308' title='bbox 973 2649 1140 2693; x_wconf 82' lang='lat' dir='ltr'>fraudes</span> <span class='ocrx_word' id='word_1_309' title='bbox 1183 2655 1221 2692; x_wconf 90' lang='lat' dir='ltr'>et</span> <span class='ocrx_word' id='word_1_310' title='bbox 1264 2652 1445 2705; x_wconf 88' lang='lat' dir='ltr'>speeiem</span> <span class='ocrx_word' id='word_1_311' title='bbox 1496 2649 1771 2693; x_wconf 87' lang='lat' dir='ltr'>hereditariae</span> 
     </span>
     <span class='ocr_line' id='line_1_37' title="bbox 146 2719 1772 2776; baseline 0.001 -15"><span class='ocrx_word' id='word_1_312' title='bbox 146 2720 658 2776; x_wconf 85' lang='lat' dir='ltr'>successionis,statuebat</span> <span class='ocrx_word' id='word_1_313' title='bbox 681 2719 928 2764; x_wconf 80' lang='lat' dir='ltr'>clerteorum</span> <span class='ocrx_word' id='word_1_314' title='bbox 965 2720 1224 2763; x_wconf 83' lang='lat' dir='ltr'>infirmorum</span> <span class='ocrx_word' id='word_1_315' title='bbox 1261 2722 1559 2776; x_wconf 88' lang='lat' dir='ltr'>resignationes</span> <span class='ocrx_word' id='word_1_316' title='bbox 1591 2732 1670 2762; x_wconf 86' lang='lat' dir='ltr'>nnn</span> <span class='ocrx_word' id='word_1_317' title='bbox 1708 2731 1772 2762; x_wconf 86' lang='lat' dir='ltr'>va-</span> 
     </span>
    </p>
   </div>
   <div class='ocr_carea' id='block_1_3' title="bbox 265 2873 1709 2919">
    <p class='ocr_par' dir='ltr' id='par_1_6' title="bbox 265 2873 1709 2919">
     <span class='ocr_line' id='line_1_38' title="bbox 265 2873 1709 2919; baseline 0.001 -13"><span class='ocrx_word' id='word_1_318' title='bbox 265 2874 274 2894; x_wconf 69' lang='grc'><strong>1</strong></span> <span class='ocrx_word' id='word_1_319' title='bbox 303 2873 404 2907; x_wconf 83' lang='lat' dir='ltr'>Sess.</span> <span class='ocrx_word' id='word_1_320' title='bbox 434 2873 560 2913; x_wconf 80' lang='lat' dir='ltr'>XXV,</span> <span class='ocrx_word' id='word_1_321' title='bbox 591 2874 635 2908; x_wconf 84' lang='lat' dir='ltr'>de</span> <span class='ocrx_word' id='word_1_322' title='bbox 662 2874 748 2909; x_wconf 77' lang='lat' dir='ltr'>Res.</span> <span class='ocrx_word' id='word_1_323' title='bbox 779 2885 860 2919; x_wconf 83' lang='lat' dir='ltr'>cap.</span> <span class='ocrx_word' id='word_1_324' title='bbox 893 2876 947 2909; x_wconf 87' lang='lat'>15.</span> <span class='ocrx_word' id='word_1_325' title='bbox 979 2895 1020 2900; x_wconf 86' lang='lat'>—</span> <span class='ocrx_word' id='word_1_326' title='bbox 1048 2875 1062 2897; x_wconf 71' lang='lat'><strong><em>2</em></strong></span> <span class='ocrx_word' id='word_1_327' title='bbox 1089 2875 1190 2909; x_wconf 85' lang='lat' dir='ltr'>Sess.</span> <span class='ocrx_word' id='word_1_328' title='bbox 1220 2875 1347 2918; x_wconf 82' lang='lat' dir='ltr'>XXV,</span> <span class='ocrx_word' id='word_1_329' title='bbox 1376 2875 1422 2909; x_wconf 83' lang='lat' dir='ltr'>de</span> <span class='ocrx_word' id='word_1_330' title='bbox 1447 2875 1534 2909; x_wconf 68' lang='lat' dir='ltr'>Rei.</span> <span class='ocrx_word' id='word_1_331' title='bbox 1565 2885 1646 2919; x_wconf 85' lang='lat' dir='ltr'>cap.</span> <span class='ocrx_word' id='word_1_332' title='bbox 1675 2874 1709 2908; x_wconf 82' lang='lat'>7.</span> 
     </span>
    </p>
   </div>
   <div class='ocr_carea' id='block_1_4' title="bbox 1783 0 1964 3240">
    <p class='ocr_par' dir='ltr' id='par_1_7' title="bbox 1783 0 1964 3240">
     <span class='ocr_line' id='line_1_39' title="bbox 1783 0 1964 3240; baseline 0 0"><span class='ocrx_word' id='word_1_333' title='bbox 1783 0 1964 3240; x_wconf 95' lang='lat' dir='ltr'> </span> 
     </span>
    </p>
   </div>
  </div>
 </body>
</html>
