1965 3240
188 163 256 196 114
424 162 506 196 Lm.
533 162 602 197 III.
630 183 642 187 -
670 162 780 198 PARS
805 164 857 197 II.
886 184 899 188 —
926 163 983 198 De
1009 165 1101 199 locis
1127 166 1162 199 et
1187 165 1424 209 temporibus
1449 167 1574 200 sacris

187 281 328 326 haberi
363 281 510 325 debeat
553 282 733 326 officium
777 282 990 339 sollemne,
1033 283 1085 327 de
1118 297 1199 341 quo
1232 286 1270 327 in
1305 296 1394 328 can.
1435 284 1542 328 1237
1582 283 1715 342 quoad
1749 285 1807 327 ef-

187 354 316 395 fectus
351 353 599 409 paragraphi
632 354 840 397 secundae
875 354 982 397 illius
1014 357 1196 398 canonis.

304 423 362 466 2⁰
396 423 457 466 An
491 421 752 479 Ordinarius,
786 425 834 467 ad
874 425 1062 468 vitandos
1094 424 1247 468 abusus
1279 439 1421 469 eorum
1456 428 1524 483 qui
1559 425 1664 468 ultra
1699 438 1812 468 men·

183 507 267 537 sem
305 494 550 550 protrahunt
582 495 762 539 officium
803 495 974 539 funebre
997 509 1046 539 eo
1069 498 1207 539 animo
1230 501 1273 539 ut
1298 497 1503 540 Pal-ochus
1526 496 1808 539 emolumenta

184 578 263 608 non
300 568 513 621 percipiat,
547 568 672 622 possit
695 571 876 610 statuere
900 567 1009 624 quod
1035 567 1215 610 officium
1240 580 1260 612 a
1286 567 1526 625 parentibus
1550 566 1806 611 celebratum

184 649 256 692 pro
290 636 482 680 defuncto
518 636 680 693 publice
714 642 753 680 et
785 651 877 680 cum
913 642 1036 681 cantu
1070 637 1272 682 habeatur
1303 641 1359 682 uti
1394 638 1575 681 officium
1608 637 1811 680 sollemne

185 707 370 761 funebre,
405 707 540 765 quoad
574 721 717 751 omnes
748 722 845 751 suos
875 709 1055 752 eftectus.

302 778 448 834 Resp:
483 778 544 822 Ad
582 779 653 821 1⁰¹2
687 783 726 821 et
765 779 861 822 2⁰³³:
911 779 1263 824 «Recurrendum
1307 794 1395 824 esse
1438 780 1488 823 ad
1531 780 1568 822 S.
1613 777 1654 823 C.
1699 776 1807 822 Con-

182 848 263 892 citii
289 865 326 891 )).

300 921 328 979 ἓ
358 922 401 965 3.
441 920 670 974 Quaiititas
710 922 921 979 portionis
961 922 1233 979 paroeciali&
1277 923 1389 980 (quia
1433 923 1598 966 diversa
1632 935 1680 965 ex
1717 924 1805 964 iure

183 990 460 1035 Decretalium
495 991 804 1047 admittebatur,
840 998 883 1035 ut
919 993 1112 1048 vidimus,
1147 995 1258 1037 iuxta
1292 992 1652 1050 consuetudinem)
1686 994 1807 1036 ausit

182 1067 341 1119 quarta,
376 1065 509 1111 tertia,
545 1063 730 1112 dimidia,
765 1068 842 1106 etc.
867 1063 1171 1106 determinetur
1194 1066 1233 1106 vi
1258 1064 1379 1107 huius
1404 1066 1611 1121 praecepti
1636 1063 1679 1106 in
1704 1068 1806 1106 taam

181 1132 444 1185 dioecesana,
493 1134 618 1177 idest:
654 1136 692 1176 in
733 1150 753 1174 ((
778 1135 913 1178 indIce
963 1135 1211 1178 fune'ralium
1255 1135 1613 1192 eleemosynarum
1638 1151 1657 1175 ))
1696 1135 1805 1192 (can,

186 1204 311 1259 1234,
342 1204 370 1262 ξ
407 1204 462 1261 1),
501 1207 570 1262 qui
616 1206 900 1259 conficiendus
943 1210 1003 1249 est
1051 1221 1069 1247 (t
1094 1208 1260 1249 attentis
1303 1206 1497 1262 legitimis
1539 1205 1803 1249 consuetudi-

181 1274 302 1318 nibus
336 1275 657 1331 particularibus
681 1292 730 1331 »ς
765 1282 803 1319 et
836 1276 874 1319 si
906 1276 1079 1319 eet-lesia
1121 1276 1393 1335 paroecialis,
1432 1284 1541 1334 ’quae
1576 1279 1803 1333 portionem

183 1348 368 1402 recipere
402 1346 538 1401 debet,
573 1352 611 1389 et
645 1347 820 1390 ecelesia
855 1346 1074 1405 funerans,
1110 1350 1175 1391 cui
1209 1348 1464 1391 detrahenda
1499 1352 1559 1391 est.
1582 1349 1728 1404 portio,
1750 1346 1807 1390 ad

181 1415 371 1459 diversas
413 1417 620 1460 dioeceses
657 1417 916 1475 pertineant,
962 1419 1180 1476 quantitas
1207 1418 1421 1477 portionis
1457 1418 1714 1475 paraecialis
1747 1423 1806 1460 at-

184 1487 371 1530 tenditur
402 1488 627 1531 seeundum
663 1494 806 1531 tamam
839 1488 1038 1531 ecelesiae
1079 1488 1336 1547 funerantiS,
1379 1502 1473 1532 cnm
1507 1489 1609 1532 haec
1642 1502 1806 1544 semper

183 1559 287 1602 foret
320 1559 538 1615 exigenda,
573 1564 612 1602 et
645 1562 776 1616 portio
812 1560 1055 1616 paroecialis
1090 1565 1278 1616 respectu
1317 1560 1439 1603 huius
1472 1565 1591 1603 taxae
1615 1562 1652 1602 in
1678 1561 1806 1616 ipsius

182 1630 333 1684 indice,
365 1644 443 1673 non
481 1633 517 1673 in
553 1630 722 1674 alterius
755 1632 956 1674 dioecesis
989 1632 1155 1674 diverso
1191 1631 1351 1674 facilius
1385 1633 1605 1674 invenitur.

300 1702 367 1744 98.
404 1703 683 1758 Descriptio
716 1704 763 1746 in
798 1703 924 1747 libro
957 1704 1312 1748 defunctorum.
1350 1701 1438 1744 Non
1481 1715 1600 1745 secus
1643 1714 1689 1745 ac
1722 1701 1803 1745 Rit.

179 1771 295 1816 Rom.
318 1772 346 1827 ¹,
367 1771 611 1828 praescribit
629 1786 718 1816 ean.
740 1773 871 1816 1238.
895 1771 1077 1829 Eoeyileta
1098 1771 1376 1815 tumulatione
1398 1788 1417 1812 <(
1438 1775 1476 1815 in
1496 1772 1584 1815 loco
1606 1784 1724 1815 sacro
1742 1787 1762 1812 ))
1788 1770 1805 1793 ²

185 1843 246 1887 vel
288 1859 307 1884 ((
331 1843 381 1887 ad
415 1848 578 1899 tempus
602 1842 760 1886 aliter»
791 1843 804 1864 3
828 1843 1047 1886 cuiuslibet
1074 1842 1262 1899 baptizati
1301 1843 1447 1899 fidelis,
1480 1842 1675 1885 minister
1708 1842 1803 1886 huic

181 1917 341 1959 muneri
366 1914 556 1958 addictus
579 1913 655 1957 sub
680 1913 847 1969 parochi
871 1926 984 1968 cura,
1012 1913 1075 1956 vel
1099 1913 1147 1956 ad
1174 1926 1359 1956 normam
1385 1926 1459 1956 can
1498 1914 1595 1968 470,
1618 1913 1646 1971 ξ
1674 1914 1685 1955 l
1718 1915 1803 1967 ipse

186 2002 205 2028 ((
230 1986 434 2042 parochus
456 2001 476 2026 J)
507 1984 549 2027 in
574 1983 680 2028 libro
703 1983 1010 2042 defunctorum,
1033 1987 1101 2042 qui
1132 1984 1390 2041 «diligenter
1415 1987 1452 2027 in
1477 1984 1648 2028 archivo
1672 1997 1802 2027 asser-

184 2049 357 2102 vetur»,
383 2055 592 2099 describat
613 2056 654 2113 a)
678 2069 824 2099 nomen
847 2056 981 2099 forsan
1006 2068 1099 2099 cum
1125 2058 1391 2112 praenomine
1410 2060 1453 2098 ut
1474 2056 1734 2099 discernatur
1752 2055 1804 2098 ab

179 2127 282 2174 aliis,
306 2132 345 2169 et
368 2132 548 2169 aetatem
580 2125 782 2184 defuncti,
817 2127 934 2169 cuius
966 2126 1041 2168 fuit
1078 2125 1283 2182 «expleta
1317 2125 1533 2168 tumulatio
1559 2142 1577 2166 »
1617 2125 1665 2182 (si
1701 2125 1803 2169 haec

178 2200 274 2242 sciri
310 2202 490 2254 possunt,
525 2199 581 2240 ait
612 2196 690 2241 Rit.
726 2196 863 2253 Rom.)
887 2196 915 2251 4,
953 2196 990 2250 b)
1024 2210 1185 2251 nomen,
1219 2201 1258 2239 ut
1295 2196 1550 2240 declaratum
1586 2202 1645 2239 est
1668 2197 1719 2240 de
1737 2196 1804 2239 de-

180 2270 334 2323 functo,
364 2273 603 2326 parentum,
637 2267 815 2311 scilicet:
853 2269 978 2323 patris
1011 2280 1058 2310 ac
1092 2269 1248 2322 matris,
1273 2266 1335 2310 rel
1357 2267 1647 2325 eoniicyi‘s,qui
1675 2270 1803 2321 vivat,

178 2353 225 2384 ac
259 2345 356 2383 tunc
392 2339 512 2382 huius
546 2352 693 2382 nomen
730 2337 994 2381 laudabiliter
1028 2339 1269 2394 praefertur,
1304 2343 1341 2389 c)
1375 2343 1533 2395 tempus
1557 2338 1704 2381 mortis
1729 2351 1800 2394 per

177 2411 285 2454 diem
325 2413 478 2453 mensis
511 2415 549 2453 et
582 2413 692 2464 anni,
735 2409 779 2466 d)
814 2410 907 2466 quis
950 2414 992 2452 ut
1027 2411 1212 2452 minister
1246 2413 1281 2463 e)
1314 2415 1351 2451 et
1392 2423 1497 2467 quae
1534 2415 1799 2452 sacramenta

178 2486 263 2524 tum
300 2483 712 2537 poenitentiae‚·t.u1n
746 2482 992 2523 sanctissimi
1026 2479 1189 2533 Vialici‚'
1223 2484 1307 2523 tum
1343 2483 1547 2524 unctionis
1565 2494 1657 2524 cum
1682 2493 1799 2523 sacro

178 2551 280 2607 oleo,
318 2551 623 2594 ministraverit
674 2553 724 2603 ei,
773 2553 842 2608 qui
893 2551 1110 2594 defunctus
1152 2556 1223 2605 est,
1264 2552 1292 2603 f)
1325 2550 1457 2593 locuni
1491 2551 1534 2608 g)
1566 2556 1604 2594 et
1639 2556 1798 2608 tempus

176 2634 298 2678 supra
333 2621 587 2665 declaratum
626 2621 919 2664 tun'iulationis
952 2626 1140 2677 sumptae
1184 2635 1257 2677 pro
1291 2622 1546 2678 depositione
1583 2622 1802 2665 cadaveris

178 2695 216 2734 in
250 2692 421 2737 tumulo.

296 2799 305 2819 ¹
335 2798 412 2831 Tit.
442 2798 489 2839 X,
518 2798 607 2842 Cap.
637 2798 723 2832 VII.
745 2818 789 2822 —
815 2797 828 2818 2
854 2797 935 2830 Rit.
963 2797 1072 2831 Rom.
1099 2797 1176 2831 Tit.
1206 2797 1257 2838 II,
1291 2810 1321 2831 c.
1353 2799 1383 2838 1,
1410 2810 1448 2832 n.
1480 2799 1535 2832 16.
1567 2819 1607 2822 —
1633 2798 1647 2820 3
1673 2798 1718 2831 R.
1750 2798 1797 2832 R.

177 2844 255 2878 Tit.
286 2844 351 2883 VI,
381 2856 410 2880 c.
441 2849 468 2883 1,
496 2856 533 2878 n.
566 2845 620 2879 18.
651 2866 693 2869 —
720 2847 733 2867 4
760 2844 840 2877 Tit.
869 2844 906 2877 X
932 2855 1012 2888 cap.
1037 2844 1068 2878 7.
