1965 3240
107 252 228 295 nendi
254 268 292 298 n,
316 256 357 294 ut
392 253 428 293 in
463 251 490 308 ξ
525 250 567 293 20
601 256 638 293 et
674 253 710 293 in
748 249 860 293 Dec.S
893 255 1063 306 genei·.⁸,
1088 263 1167 291 non
1203 250 1396 305 explicite
1430 251 1563 307 qiuiad
1602 250 1726 293 libros

105 336 124 365 a
159 324 305 378 seipsis
337 324 447 364 iuxta
483 335 572 364 min.
604 322 724 373 13113,
757 318 814 378 §3
853 320 866 362 1
907 325 945 362 et
980 319 1002 362 ‘2
1039 319 1279 376 prohibitos,
1306 321 1341 362 id
1378 323 1484 363 enim
1523 321 1649 377 liquet
1678 334 1725 364 ex

107 406 191 449 reg.
228 391 330 435 luris
370 392 402 435 1.
442 390 633 435 «Omnis
668 406 731 434 res
765 405 836 447 per
870 403 1156 448 quascumque
1180 404 1326 433 caiisas
1351 394 1545 439 nascitur,
1570 406 1640 447 per
1663 405 1731 434 eas

105 462 346 505 dissolvimi-
370 478 408 515 »,
442 466 479 504 et
517 463 673 504 fortiori
712 464 868 504 ratione
905 460 1116 503 vincutum
1155 461 1377 506 relaxatur,
1402 462 1472 503 scd
1498 464 1550 503 ait
1576 475 1730 504 canon:

105 533 160 575 aa!
197 532 326 575 libros
361 531 470 589 quod
503 532 655 574 <illinet
692 531 733 588 a)
770 532 858 589 ipso
894 530 987 573 iure
1020 533 1057 573 in
1103 544 1192 574 can.
1238 532 1344 573 1399
1389 532 1546 587 digesta
1594 532 1634 588 b)
1670 532 1732 574 rel

105 603 268 646 decreto
304 602 422 645 Sedis
455 602 737 658 Apes-(olicae,
774 607 814 645 nt
849 601 1073 659 plurimum
1109 604 1146 645 S.
1181 600 1348 657 Cougr.S
1380 603 1416 645 5.
1442 600 1577 645 Ollicii
1616 606 1732 646 unice

105 675 239 732 quoad
277 673 520 717 hodiernam
560 673 836 730 disciplinam,
872 674 910 718 S.
945 672 1111 729 Congr.s
1151 672 1300 715 lndicis
1341 686 1506 730 quoque
1536 676 1735 717 anteactis

106 745 376 802 temporibus,
410 759 503 788 cum
554 745 769 788 ellectibus
817 758 905 787 can.
953 744 1075 797 1396,
1106 743 1356 801 proliiln'los,
1392 744 1614 787 concedere
1646 745 1734 787 suis·

104 816 360 872 singulorum
397 815 576 859 sabaitis
611 816 938 859 determinandis
973 828 1045 872 per
1078 828 1167 858 can.
1202 815 1254 857 94
1284 815 1344 857 rel
1375 815 1448 857 111
1481 820 1518 858 et
1542 821 1674 872 seqq‘*
1697 821 1733 858 et

105 887 239 944 quoad
276 887 491 943 religiosos
525 892 741 942 exemptos
784 900 855 942 per
894 898 984 930 can.
1021 886 1117 941 501,
1152 885 1180 943 ξ
1215 886 1251 940 1,
1286 891 1322 929 et
1359 886 1456 938 3502,
1502 885 1652 937 valent,
1686 900 1734 929 ex

107 963 305 1014 potestate
339 958 404 1001 liic
437 958 592 1001 eisdem
630 958 824 1014 explicite
858 970 1098 1001 concessa»
1138 957 1245 1014 (can.
1283 957 1371 1013 81),
1395 957 1495 1000 alias
1529 971 1606 1000 non
1644 971 1733 1013 pos-

105 1033 193 1072 sent
227 1029 267 1086 a)
307 1046 327 1069 «
355 1031 429 1071 nisi
466 1029 633 1086 quando
668 1028 848 1072 dillicilis
881 1030 929 1071 sit
966 1042 1160 1071 recursus
1193 1029 1242 1071 ad
1279 1031 1469 1072 Sanctam
1515 1029 1661 1072 Sedcm
1697 1034 1734 1072 et

105 1099 225 1143 simul
261 1103 298 1143 in
336 1113 448 1143 mora
483 1102 533 1142 sit
570 1099 800 1155 periculum
837 1101 978 1156 graiis
1011 1099 1150 1142 damni
1178 1116 1218 1153 n,
1250 1099 1320 1142 sed
1356 1113 1403 1142 ex
1431 1113 1587 1142 canone
1611 1102 1732 1143 etiam

106 1171 303 1214 alterutra
338 1171 557 1215 deliciente
594 1171 828 1214 liuiusmodi
865 1171 1124 1214 conditione:
1163 1170 1204 1227 b)
1235 1184 1313 1228 pro
1351 1169 1533 1227 5111911115·
1573 1175 1732 1213 (aulum

107 1241 227 1284 libris
247 1242 432 1299 legendis
453 1242 775 1299 retinendisque,
799 1242 953 1298 pluries
977 1255 1140 1298 quoque
1166 1243 1433 1285 concessione
1457 1243 1560 1284 l'acta
1580 1240 1733 1284 eisdem

111 1312 171 1356 rel
207 1312 297 1356 aliis
332 1312 556 1356 lectoribus
591 1312 726 1369 quoad
764 1312 955 1355 diversos
989 1311 1116 1355 libros
1138 1312 1406 1368 singulariter
1429 1312 1736 1368 exprimendos,

107 1384 308 1440 alque·in
344 1382 508 1426 casibus
541 1383 767 1426 clamitosa!
804 1382 1048 1440 umentibus
1081 1382 1263 1439 qualibet
1299 1396 1347 1426 ex
1385 1385 1487 1425 iusta
1522 1395 1660 1437 causa,
1694 1388 1737 1426 ut

110 1457 320 1498 concessio
356 1454 477 1497 liuius
509 1456 677 1497 canonis
714 1466 816 1497 vana
853 1467 930 1496 non
965 1456 1029 1497 sit.

223 1527 250 1583 ς’
281 1528 323 1568 ζ).
363 1524 482 1579 Quod
514 1525 551 1567 si
587 1524 826 1582 qenerulem
868 1541 887 1566 «
915 1525 977 1568 vel
1024 1527 1061 1567 in
1109 1530 1354 1582 perpetuum
1394 1525 1456 1568 rel
1492 1525 1554 1567 ad·
1589 1526 1734 1581 praeli-

107 1601 236 1641 nitum
273 1603 447 1653 tempus,
482 1601 551 1639 aut
585 1601 744 1639 certum
780 1610 1002 1639 numerum
1038 1590 1256 1639 casuum»
1297 1596 1405 1653 (can.
1432 1596 1499 1644 66,
1533 1596 1560 1654 ξ
1594 1597 1641 1650 1ῗ»,
1666 1598 1735 1654 qui

108 1675 242 1712 tamen
278 1681 356 1711 non
390 1669 471 1710 sint
506 1681 611 1710 unus
645 1667 804 1710 atter-ve
838 1668 1142 1710 determinatus
1175 1667 1310 1724 quoad
1348 1680 1558 1723 personas,
1581 1682 1605 1709 (1
1629 1666 1738 1709 Sede

106 1739 348 1798 Apostolica
373 1738 481 1795 (can.
507 1737 550 1795 ἶ)
578 1741 690 1795 prius
716 1752 787 1795 per
810 1739 847 1781 S.
874 1737 1054 1794 Congr.m
1079 1737 1243 1791 indicis,
1268 1751 1377 1781 nnnc
1402 1752 1473 1794 per
1496 1739 1533 1781 S.
1558 1737 1736 1794 Congium

106 1812 143 1855 S.
178 1808 329 1866 Officii,
362 1822 410 1853 ae
445 1823 517 1866 pei·
539 1812 578 1855 S.
613 1809 762 1866 Congr.
798 1809 848 1852 (le
884 1809 1003 1865 l'rop.
1036 1808 1134 1852 Fide
1160 1822 1231 1865 pro
1258 1808 1496 1864 regionibus
1538 1808 1614 1852 sibi
1647 1808 1737 1852 sub-

108 1884 222 1926 iectis
249 1887 372 1939 atque
407 1895 479 1938 per
511 1882 548 1924 S.
570 1880 719 1937 Congr.
746 1894 817 1937 pro
852 1879 1035 1924 Ecclesia
1071 1880 1258 1923 orientali
1285 1879 1531 1930 liiczcllatem
1555 1879 1630 1923 sibi
1656 1893 1734 1923 non

108 1955 381 2010 pertinentem
405 1952 454 1995 ad
490 1964 677 1995 norman]
711 1964 801 1995 can.
837 1952 905 2006 81,
940 1951 1260 2010 impetrat-erint
1289 1951 1378 1993 suis
1411 1949 1589 1993 subditis
1623 1956 1663 1993 ut
1699 1954 1735 1993 in

105 2024 151 2082 ἑο
197 2024 241 2066 1³
271 2022 546 2080 pernn'tlendi
580 2022 712 2066 solum
759 2027 803 2065 ut
837 2021 967 2065 libros
998 2022 1262 2080 proscriptos
1294 2024 1398 2065 sicut
1435 2024 1471 2064 in
1504 2021 1550 2079 ἕο
1578 2024 1620 2064 1⁸
1644 2022 1737 2064 reli-

110 2099 234 2136 aeant
267 2107 316 2135 ac
349 2092 490 2149 leyant
526 2093 751 2136 relaxando
797 2095 833 2135 in
868 2092 1034 2136 casibus
1082 2091 1402 2149 particularibus
1437 2095 1735 2148 praescriptum

109 2177 198 2209 can.
225 2164 349 2219 1:398,
374 2166 399 2216 ἓ
426 2163 462 2217 1,
486 2177 576 2206 eam
611 2166 924 2220 permissionem
963 2164 1132 2207 nonieisi
1165 2178 1184 2207 a
1228 2177 1314 2205 cam
1350 2162 1511 2205 delectu
1546 2163 1736 2219 prudenti

110 2234 307 2278 librorum
342 2247 389 2278 ae
424 2247 693 2291 personarum
729 2240 766 2277 e!
802 2234 913 2277 iusta
947 2248 1019 2278 seu
1067 2237 1373 2291 propoi·ti‹;›nata
1408 2248 1457 2276 nc
1488 2234 1738 2277 ralioimbili'

109 2319 237 2348 esium
272 2319 349 2349 non
384 2319 433 2349 ex
480 2307 668 2361 passione
701 2311 768 2349 aut
803 2305 976 2349 arbitrio
1009 2305 1266 2349 concedant:
1305 2319 1424 2348 secus
1468 2305 1608 2348 illicite
1653 2310 1736 2348 ute-

111 2381 252 2419 rentur
275 2375 480 2420 facultate.
517 2375 629 2419 Haee
659 2380 795 2419 tamen
823 2376 967 2419 morali
993 2376 1205 2433 diligentia
1230 2381 1323 2419 511111
1348 2375 1612 2432 adimplenda
1651 2377 1737 2418 sine

109 2447 314 2504 scrupulis
347 2455 388 2490 et
420 2446 711 2492 anxietatibus.

230 2518 325 2561 299..
362 2520 683 2564 conditiones
720 2521 838 2565 iuris
871 2520 1140 2576 implicitae
1182 2521 1229 2563 in
1262 2519 1499 2563 facultate
1542 2519 1736 2574 legendi

109 2604 168 2635 ac
201 2591 441 2634 retinendi
476 2591 631 2635 libros
664 2592 957 2646 prohibitos,
990 2591 1151 2646 etiamsi
1189 2591 1225 2631 in
1263 2590 1462 2644 rescripto
1497 2601 1574 2630 non
1600 2591 1736 2644 expri-

112 2665 288 2704 mantur.
321 2658 423 2702 Fere
457 2662 625 2702 omuino
660 2663 722 2703 ius
754 2660 1009 2716 praecedens
1042 2660 1170 2703 num.i
1206 2660 1256 2702 2⁴5
1295 2658 1442 2701 Deci-‚¹¹¹
1476 2664 1645 2714 gener.m
1681 2672 1739 2701 re-

110 2732 187 2774 fert
220 2744 312 2772 ean.
347 2731 485 2772 1403.
518 2730 546 2787 ξ
579 2732 612 2772 1.
651 2728 734 2783 Qui
775 2729 1025 2788 facultatem
1063 2730 1187 2773 veluti
1223 2730 1271 2772 ad
1319 2729 1456 2785 plures
1489 2734 1605 2772 actus
1638 2742 1734 2785 apo-

109 2800 298 2844 stolicam
336 2814 407 2857 per
438 2801 505 2843 55.
529 2799 882 2857 Congregationes
914 2814 1038 2857 supra
1073 2801 1218 2847 dictas.
1257 2818 1277 2839 «
1302 2812 1403 2856 quas
1437 2798 1610 2841 Romani
1637 2799 1735 2841 l'on-

110 2872 240 2915 titiees
273 2870 336 2914 his
368 2870 647 2914 concedendis
681 2870 856 2914 licentiis
890 2883 1211 2928 praeposuere»
1251 2869 1363 2923 (Dec.
1397 2883 1538 2924 gener.
1576 2882 1612 2911 n.
1650 2869 1737 2925 24),
