1965 3240
498 154 581 188 Tl'r.
607 154 696 189 XX.
726 174 738 180 —
765 154 822 190 De
847 156 950 190 verbi
975 157 1102 191 divini
1124 158 1414 201 praedicatione
1697 158 1766 192 ‘263

146 274 184 317 in
217 271 354 330 aliqua
390 271 589 328 religione
613 288 634 313 ))
673 272 780 329 (can.
807 272 904 326 488,
924 272 988 329 7⁰)
1007 273 1078 330 qui
1097 289 1120 315 a
1137 275 1312 331 proprio
1332 276 1557 332 Snperiore
1574 279 1766 333 (maturis

144 342 262 386 locali
286 341 578 394 exhibeantur,
602 343 710 400 quod
739 342 911 392 verbum
937 346 1103 399 proprie
1138 346 1268 387 innuit
1297 345 1420 389 verba
1445 346 1567 389 (lonc.
1591 346 1700 390 'l'rid.
1727 346 1764 389 ¹:

149 428 170 455 <c
193 426 287 457 cum
320 425 400 470 qua
436 412 602 456 licentia
639 413 872 470 (regulares
906 415 1209 472 cuiuscumque
1233 416 1405 471 ordinis)
1433 417 1702 472 personaliter
1724 431 1766 461 se

143 496 284 528 coram
319 485 524 540 episcopis
560 489 837 540 praesentare.
870 488 910 527 et
942 483 994 527 ab
1027 487 1085 527 eis
1120 484 1448 529 benedictionem
1487 493 1622 542 petere
1658 493 1766 530 tene-

142 559 277 608 antur,
300 553 428 611 (quod
456 553 645 597 ultimum
670 553 935 598 laudabiliter
953 568 1061 597 nunc
1079 556 1351 612 servaretur),
1371 562 1589 613 antemium
1613 558 1768 613 praedi-

142 637 237 668 care
272 626 533 681 incipiant».
567 626 633 668 Sic
667 638 766 681 ergo
799 625 995 669 exhibitis
1038 625 1078 682 a)
1119 625 1408 682 «religiosis»
1450 627 1487 673 b?
1519 627 1763 684 favullalem

70 752 74 756 ‚
142 694 433 746 concionandi,
466 694 506 752 c)
540 695 631 738 sine
660 695 785 752 yrari
817 710 960 747 eausa,
994 696 1236 739 eorumdem
1271 694 1587 741 Ordinariorum
1616 700 1764 754 ponde-

143 766 270 810 randa
305 766 471 820 iudicio,
506 766 547 823 a)
584 780 633 809 ne
665 766 882 824 deneqenl,
908 766 950 821 b)
975 781 1292 825 concessamque
1315 782 1366 810 'ne
1388 775 1576 811 ¹revocent
1599 770 1765 826 supple:

147 839 277 880 «sine
308 839 428 893 gravi
462 849 643 881 causa».
678 837 784 881 Huic
819 840 1073 894 praescripto
1117 851 1195 880 non
1239 839 1495 883 contradicet
1541 839 1615 883 loci
1651 838 1770 884 Ordi-

142 910 296 962 narius,
328 911 360 950 si
395 920 582 950 normam
616 913 757 951 servet
793 908 1000 952 citandam
1028 910 1065 951 in
1091 911 1278 966 sequenti
1303 922 1483 955 canone:
1509 910 1610 953 alias
1634 917 1767 966 posset

142 979 230 1021 fieri
266 992 458 1022 recursus
491 980 529 1021 in
565 978 806 1022 devolutivo
850 983 992 1023 contra
1036 979 1241 1023 facultatis
1283 980 1599 1036 denegationem
1647 981 1769 1038 idque

142 1049 192 1092 ad
227 1050 264 1093 S.
298 1047 479 1105 Cougr.m
511 1049 563 1093 de
596 1049 811 1106 religiosis.
858 1049 1016 1106 Duplex
1062 1053 1363 1106 praescriptum
1397 1053 1567 1094 canonis
1599 1065 1766 1095 servan-

141 1119 239 1163 dum
283 1120 437 1163 dicitur
480 1121 733 1178 praesertim
779 1135 863 1163 ‘ema
905 1120 1033 1165 sium!
1076 1121 1302 1175 moraliter,
1345 1124 1418 1165 etsi
1460 1135 1633 1178 parvum
1669 1127 1769 1165 tem-

143 1193 254 1247 poris
286 1191 528 1241 intercedat,
564 1192 772 1234 universis
790 1191 937 1235 (lomus
960 1191 1199 1249 rele'yiosae,
1225 1191 1395 1248 nempe:
1436 1208 1455 1233 ((
1480 1193 1654 1236 alicuius
1678 1193 1768 1236 reli-

142 1263 275 1318 gionis
309 1265 346 1304 iu
381 1275 535 1317 genere
558 1278 578 1303 >)
618 1262 726 1320 (can.
762 1263 861 1315 488,
888 1261 963 1319 50),
999 1262 1285 1306 sacerdotibus
1309 1263 1360 1307 ob
1385 1277 1474 1307 can.
1502 1263 1628 1315 1342,
1651 1263 1706 1321 {m
1732 1265 1768 1318 1,

142 1332 260 1388 firmo
286 1338 420 1375 lamen
452 1333 718 1391 praescripto
750 1335 873 1376 etiam
910 1333 1006 1377 huic
1040 1333 1210 1377 ultimae
1235 1333 1499 1390 prohibitioni
1524 1334 1770 1391 applicando

141 1403 263 1446 ean.is
296 1406 415 1447 1340
447 1406 583 1447 statim
619 1404 952 1447 commentando.

262 1474 525 1518 Monitionem
562 1477 743 1518 continet
778 1477 801 1528 ἓ
833 1478 875 1518 ⁶3.
915 1474 1292 1518 Coneionalort'bets
1335 1475 1561 1533 reliyi'osz‘S,
1607 1480 1774 1532 propter

143 1544 436 1597 obedientiam,
470 1559 594 1603 quam
629 1545 924 1602 Superioribus
957 1548 1125 1602 protessi
1159 1552 1267 1600 sunt,
1302 1552 1344 1589 ut
1376 1546 1584 1604 facultate
1606 1552 1770 1603 recepta

145 1617 328 1660 fortassis
363 1621 474 1659 motu
520 1619 685 1673 proprio
728 1616 935 1673 Episcopi,
978 1616 1076 1659 (lum
1122 1617 1222 1660 haec
1256 1617 1307 1660 ab
1340 1620 1398 1660 eis
1433 1618 1676 1674 possidetur,
1712 1617 1772 1659 uli

145 1687 285 1743 liceat,
319 1687 447 1731 idest:
482 1701 532 1730 ne
569 1693 738 1744 peccent
774 1687 841 1731 tali
879 1701 969 1742 usu,
1002 1701 1105 1744 opus
1148 1693 1209 1730 est
1251 1691 1309 1731 eis
1339 1694 1562 1746 praeterea
1596 1688 1663 1730 sui
1696 1688 1770 1731 See-

143 1757 328 1816 perior-is
360 1757 504 1801 saltem
541 1758 696 1815 localis,
729 1758 801 1801 sed
826 1759 875 1802 ad
901 1760 1240 1802 constitutionum
1267 1772 1452 1802 normam
1478 1772 1525 1801 ac
1553 1761 1590 1800 vi
1615 1771 1772 1810 earum,

145 1829 331 1872 licentia.
366 1829 477 1873 Haec
512 1833 643 1886 potest
676 1842 765 1873 esse
798 1842 1007 1886 expressa,
1058 1832 1194 1881 tacita,
1245 1833 1325 1872 imo
1369 1843 1417 1873 ex
1453 1831 1773 1873 circumstantiis

147 1905 411 1956 praesumpta
443 1901 632 1956 sufficiet,
668 1913 774 1958 quae
818 1900 1047 1957 perdurare
1091 1906 1252 1957 oportet
1294 1900 1415 1943 simul
1452 1915 1545 1943 cum
1582 1900 1771 1943 facultate

145 1971 197 2015 acl
230 1971 351 2014 liuius
386 1973 600 2014 ministerii
638 1971 794 2015 licitum
829 1973 1091 2015 exercitium.

266 2043 362 2086 220.
399 2043 667 2089 Concessio
700 2047 785 2089 aut
818 2045 1071 2089 revocatio
1105 2046 1151 2088 in
1185 2056 1369 2100 genere
1402 2045 1660 2100 praefatae
1701 2044 1769 2087 fa-

147 2115 357 2160 cultatis.
399 2113 458 2157 Ex
492 2113 657 2157 Normis
699 2116 784 2157 cit.³
818 2128 855 2156 n.
886 2114 999 2158 «13.
1044 2114 1281 2157 Generatim
1329 2114 1535 2171 loquendo
1578 2116 1681 2156 sicut
1721 2113 1770 2155 ad

146 2183 408 2228 tribuendam
443 2185 649 2228 sacerdoti
698 2186 833 2227 cuivis
881 2184 1115 2228 t'acultatem
1153 2198 1225 2240 pro
1264 2186 1491 2227 ministerio
1539 2184 1771 2239 excipiendi

148 2254 332 2298 fidelium
366 2257 647 2299 consessiones
679 2253 891 2301 Ordinarii
931 2258 1161 2300 arctissime
1206 2255 1441 2311 obligantur
1483 2254 1771 2297 certitudinem

147 2328 365 2384 acquirere
397 2327 448 2370 de
481 2329 569 2370 eius
604 2327 826 2370 idoneitate
859 2332 898 2370 et
932 2327 1051 2384 culpa
1085 2340 1127 2369 se
1172 2329 1343 2369 innexos
1389 2329 1625 2381 reputarent
1657 2326 1687 2365 si
1722 2324 1772 2366 ad

148 2401 306 2440 tantum
342 2410 491 2441 munus
523 2397 790 2441 admitterent
822 2401 892 2455 qui
928 2397 1112 2440 moribus
1131 2398 1231 2440 soret
1257 2397 1464 2452 indignus,
1492 2394 1553 2437 vel
1579 2396 1773 2437 scientiae

149 2466 312 2511 debitae
344 2469 504 2512 defectu
542 2471 741 2525 incapax,
778 2471 830 2512 ita
865 2473 904 2512 et
938 2482 1015 2511 non
1051 2468 1170 2511 aliter
1215 2468 1336 2511 iidem
1377 2464 1587 2510 Ordinarii
1623 2465 1772 2507 debent

148 2551 192 2582 se
224 2551 384 2595 gerere,
419 2544 640 2596 antequam
676 2539 856 2597 aliquem
891 2543 1101 2583 assumant
1135 2543 1173 2581 et
1198 2538 1401 2581 destinent
1426 2537 1474 2580 ad
1502 2538 1771 2579 ministerium

152 2609 330 2653 verbi».
367 2635 419 2640 -
455 2609 510 2653 lta
545 2623 693 2667 nempe
740 2611 881 2652 statuit
915 2623 1005 2654 ean.
1056 2610 1186 2651 1:340.
1221 2610 1245 2661 ,ξ
1279 2611 1311 2651 1.
1357 2607 1554 2651 (iz-ariter
1599 2611 1772 2648 onerum

151 2693 306 2735 eorum,
325 2682 396 2737 qui
428 2683 564 2724 statim
600 2682 879 2735 nominantur,
915 2679 1183 2723 conscientia.
1218 2678 1311 2721 hinc
1346 2682 1402 2720 est
1438 2690 1566 2733 grave
1604 2678 1770 2718 rentum

152 2756 341 2807 respectu
378 2753 499 2794 unius
531 2753 654 2795 etiam
689 2752 1004 2805 concionatoris,
1038 2749 1079 2806 a)
1113 2748 1193 2791 lori
1230 2747 1487 2791 Ordinarias
1530 2760 1634 2794 xcan.
1683 2746 1772 2790 198.

271 2903 282 2924 1
311 2902 403 2947 Cap.
432 2903 454 2935 2
481 2913 576 2936 sess.
609 2902 638 2935 V
664 2902 710 2936 de
736 2901 822 2936 Res.
