1965 3240
129 118 198 152 476
271 117 354 151 Lm.
380 116 453 150 ΠΙ.
483 136 494 141 -
522 116 632 150 PARS
658 115 702 150 V.
729 135 743 141 -
768 115 825 150 De
849 116 969 157 benef.
996 117 1031 149 et
1057 116 1181 149 instit.
1209 115 1334 148 eccles.
1364 124 1444 148 non
1471 114 1602 157 colley.

132 248 349 292 organum,
381 234 490 292 quod
536 235 710 291 requirit
735 234 943 278 ordinarie
975 238 1018 277 ut
1052 237 1272 277 serventur
1303 244 1484 276 canones
1516 237 1750 290 sequentes,

132 320 181 349 ex
215 305 365 364 quibus
399 306 556 363 liquent
589 307 711 348 etiam
746 305 1007 348 dimissiones
1039 317 1086 348 ac
1119 305 1441 360 permutationes
1478 302 1516 347 S.
1554 302 1648 346 Sedi
1688 316 1752 346 re-

130 382 332 420 servatae.

249 447 346 491 390.
383 448 518 494 Ordo
552 450 679 494 inter
711 462 928 494 canones
969 450 1201 504 sequentes,
1245 458 1423 503 quorum
1466 449 1550 488 tres
1593 446 1755 500 priores

130 522 257 575 agunt
289 518 340 562 de
372 518 626 573 dimissione,
646 518 727 562 duo
759 517 826 561 alii
860 518 911 561 de
946 518 1261 573 permutatione,
1295 515 1386 559 talis
1418 519 1492 559 est.
1530 513 1648 558 Vetat
1680 513 1750 557 ad—

131 591 366 632 missionem
409 602 499 633 can.
550 589 671 645 1484,
706 594 745 633 et
777 602 867 633 can.
904 588 1014 631 1485
1059 585 1192 631 irritat
1234 587 1516 630 dimissionem
1561 585 1750 629 beneficii

130 662 286 704 ratione
317 660 456 704 clerici
492 660 738 716 possidentis
769 659 884 703 illud.
918 658 1014 703 Can.
1051 658 1162 701 1486
1198 658 1462 701 limitationes
1493 656 1611 699 affert
1644 659 1753 712 pote-

129 733 220 775 stati
254 728 571 776 Ordinariorum
592 731 727 788 quoad
752 730 1013 774 dimissiones
1030 728 1320 783 admittendas,
1340 732 1380 771 et
1402 728 1499 771 dum
1525 739 1614 771 can.
1636 726 1748 769 1487

128 814 303 859 normas
337 801 461 845 tradit
501 801 731 845 servandas
774 803 812 844 in
846 802 1159 858 'permutatione
1192 800 1240 843 ad
1276 801 1431 842 exitum
1467 797 1750 855 perducenda,

127 875 344 916 simoniam
380 874 480 915 iuris
513 871 780 916 ecclesiastici
815 872 1002 915 decernit
1034 883 1124 914 can.
1161 870 1272 913 1488
1306 874 1429 927 atque
1469 867 1749 925 multiplicita-

127 948 208 987 tem
247 947 355 986 vetat
388 945 426 985 in
462 943 745 999 permutandis
779 941 1004 985 beneticiis.

207 1046 208 1053 ,
247 1014 343 1058 391.
380 1014 573 1060 Causae
605 1016 765 1059 iustae
797 1015 860 1058 ad
884 1014 1258 1058 renuntiandum
1291 1012 1585 1057 beneficium
1613 1008 1752 1051 viden-

128 1089 193 1127 tur
226 1084 426 1140 implicite
459 1084 620 1127 admitti
654 1097 704 1127 ex
739 1082 828 1127 iure
855 1086 1000 1134 veteri,
1032 1083 1129 1126 dum
1155 1081 1341 1125 absolute
1364 1083 1508 1124 asserit.
1531 1093 1620 1124 can.
1642 1079 1748 1122 184:

131 1171 152 1195 «
175 1153 360 1212 Quisque
393 1157 454 1198 sui
489 1168 657 1211 compos
691 1159 822 1211 potest
854 1154 989 1197 officio
1022 1153 1302 1197 ecclesiastico
1325 1152 1439 1194 iusta
1462 1150 1513 1194 de
1535 1164 1663 1193 causa
1688 1163 1747 1193 re-

128 1228 316 1269 nuntiare
338 1241 377 1266 )).
413 1225 478 1269 lus
501 1225 600 1269 illud
626 1228 860 1269 continetur
883 1227 920 1267 in
946 1229 1060 1268 textu
1083 1236 1207 1280 supra
1226 1226 1349 1267 citato
1372 1227 1502 1266 const.
1541 1238 1562 1263 «
1586 1221 1748 1276 Quanta

127 1296 380 1340 Ecclesiae»
418 1296 456 1340 S.
492 1296 548 1339 Pii
583 1295 614 1339 V
641 1295 668 1338 2.
702 1297 768 1340 Sic
800 1298 908 1339 enim
945 1295 1095 1352 legitur
1129 1294 1332 1352 ibidem&
1366 1294 1418 1336 3:
1458 1292 1690 1350 «Episcopi
1711 1296 1751 1335 et

126 1366 193 1409 alii
228 1367 463 1410 facultatem
496 1366 711 1421 habentes,
744 1380 886 1410 eorum
922 1366 1138 1409 dumtaxat
1171 1366 1469 1421 resignationes
1503 1365 1690 1419 recipere
1710 1367 1748 1405 et

126 1438 346 1481 admittere
381 1440 547 1494 possint,
581 1440 650 1495 qui
684 1443 754 1481 aut
785 1440 898 1481 senio
933 1438 1120 1491 consecti,
1145 1441 1215 1479 aut
1240 1435 1545 1488 valetudinarii,
1565 1438 1634 1478 aut
1657 1446 1746 1477 cor-

128 1521 226 1564 pore
260 1509 458 1565 impediti,
495 1510 559 1552 vel
594 1509 726 1552 vitiati
762 1513 831 1552 aut
868 1510 1030 1552 crimini
1076 1507 1259 1559 obnoxii,
1302 1508 1572 1563 censurisque
1615 1503 1747 1548 eccle-

126 1581 301 1622 siasticis
334 1581 494 1633 irretiti,
529 1584 599 1622 aut
631 1584 855 1637 nequeunt,
890 1583 960 1622 aut
993 1592 1070 1621 non
1107 1577 1258 1621 debent
1290 1577 1505 1630 ecclesiae,
1539 1574 1604 1618 vel
1629 1575 1750 1619 bene-

126 1650 219 1693 ticio
254 1652 484 1705 inservire,
517 1663 588 1693 seu
622 1652 691 1707 qui
726 1663 852 1693 unum
884 1649 999 1705 illud,
1026 1649 1088 1692 vel
1115 1648 1231 1705 plura
1257 1647 1457 1691 beneficia
1481 1646 1748 1699 obtinuerint,

129 1719 191 1763 vel
225 1734 327 1778 quos
360 1721 409 1764 ad
445 1720 556 1764 aliud
591 1723 810 1776 contigerit
843 1722 1108 1778 promoveri3
1144 1719 1383 1775 religionem
1409 1730 1573 1775 quoque
1597 1719 1751 1772 ingres-

124 1793 224 1845 suri,
258 1791 320 1834 vel
356 1793 665 1834 matrimonium
700 1793 967 1841 contractui-i,
1000 1793 1032 1834 si
1065 1793 1201 1834 statim
1238 1794 1375 1846 postea
1411 1789 1450 1831 id
1484 1790 1617 1844 reipsa
1653 1799 1746 1830 exe·
1784 1823 1791 1828 .

124 1866 330 1919 quantur:
365 1862 545 1919 denique
578 1875 673 1906 cum
717 1864 809 1920 quis
841 1875 889 1904 ex
925 1861 1015 1905 aliis
1057 1860 1221 1905 casibus
1263 1860 1477 1912 acciderit,
1509 1860 1578 1916 qui
1612 1856 1749 1902 Const.

125 1932 189 1975 fel.
223 1946 303 1976 rec.
339 1932 476 1977 lnnoc.
513 1933 585 1979 PP.
622 1933 671 1976 lll
706 1933 756 1976 de
789 1932 1046 1976 dimittendis
1078 1930 1386 1975 cathedralibus
1419 1930 1605 1973 ecclesiis
1637 1928 1745 1972 edita

124 2005 369 2048 continetur.
404 2001 484 2056 Qui
518 2005 641 2047 etiam
676 2003 728 2047 ob
760 2003 957 2060 capitales
990 2005 1227 2046 inimicitias
1250 2005 1462 2058 nequeunt
1488 2000 1552 2043 vel
1578 2012 1658 2042 non
1682 2011 1750 2042 au-

124 2073 221 2116 dent
254 2075 292 2116 in
327 2073 416 2117 loco
450 2074 640 2117 beneficii
674 2074 857 2117 residere
899 2075 1050 2117 securi.
1084 2073 1162 2116 Sed
1198 2085 1273 2115 nec
1306 2071 1453 2115 borum
1490 2070 1596 2113 ullus
1628 2081 1749 2113 sacro

124 2144 256 2187 ordini
291 2147 561 2201 mancipatus,
595 2146 671 2188 nisi
707 2144 949 2201 religionem
985 2147 1247 2200 ingressurus
1274 2142 1409 2185 valeat
1432 2140 1658 2184 ullomodo
1683 2139 1747 2183 be-

126 2215 317 2258 neficium
355 2215 416 2258 vel
453 2216 633 2259 officium
666 2215 992 2259 ecclesiasticum
1034 2216 1260 2270 resignare,
1304 2214 1381 2256 nisi
1415 2211 1581 2255 aliunde
1614 2212 1649 2253 ei
1681 2212 1748 2265 sit,

124 2298 203 2342 quo
238 2287 276 2328 in
313 2288 393 2329 vita
429 2289 554 2342 possit
587 2286 805 2330 commode
837 2288 1072 2329 sustentari.
1109 2284 1176 2342 (Et
1209 2284 1285 2328 hoc
1320 2282 1565 2327 translatum
1599 2285 1659 2325 est.
1681 2294 1748 2324 ex-

126 2355 263 2411 plicite
297 2358 335 2398 in
369 2370 454 2414 seq.
489 2358 724 2413 canonem).
758 2355 818 2399 Ad
855 2355 970 2411 haec,
1006 2355 1301 2399 beneficiorum
1336 2359 1375 2397 et
1399 2353 1628 2397 officiorum
1655 2364 1746 2408 per-

126 2429 372 2470 mutationes
419 2428 639 2471 admittere
671 2439 778 2485 quae
811 2429 1021 2471 canonicis
1053 2428 1336 2470 sanctionibus
1382 2425 1511 2483 (nunc
1554 2427 1592 2466 in
1627 2423 1750 2466 huius

122 2500 268 2554 capitis
300 2511 389 2542 can.
418 2499 526 2542 1487
562 2501 673 2542 circa
707 2498 908 2542 beneficia
941 2497 1162 2554 contentis)
1197 2502 1237 2541 et
1269 2495 1508 2553 apostolicis
1551 2496 1747 2537 constitn-

123 2567 302 2612 tionibus
336 2571 632 2625 permittuntur
655 2585 694 2610 )).

242 2639 337 2682 392.
375 2641 650 2686 Prohibitio
682 2642 971 2686 admittendi
995 2640 1223 2686 beneficii
1247 2639 1666 2684 renunciationem
1689 2638 1750 2678 est

123 2712 250 2766 posita
284 2710 361 2754 sub
393 2724 482 2752 cem.
513 2712 642 2765 1484,
677 2712 762 2768 qui,
795 2709 931 2767 aliqua
968 2711 1192 2753 mutatione
1226 2707 1408 2751 adhibita
1447 2723 1469 2748 «
1495 2720 1589 2750 cum
1618 2707 1745 2749 veteri

242 2866 251 2886 ¹
282 2866 298 2896 1
327 2863 419 2907 Apr.
445 2863 545 2897 1568.
