1965 3240
171 129 240 164 322
431 127 516 161 Lm.
542 126 612 162 III.
640 147 653 152 -
680 126 789 160 PARS
815 126 882 160 IV.
912 146 924 151 -
951 125 1007 160 De
1033 127 1258 169 972a9i8t67·i0
1283 126 1536 159 ecclesiastico

173 261 269 290 num
305 246 619 300 catholicorum,
651 247 720 303 qui
755 257 824 288 eas
857 246 1120 302 frequentare
1155 243 1353 300 indigent,
1388 250 1432 286 uc
1463 243 1508 286 in
1540 243 1713 287 natione
1734 243 1797 286 vel

173 318 343 375 reyione
376 322 544 373 propter
577 318 765 372 ingentes
797 327 1000 371 expensas
1033 319 1156 372 atque
1199 313 1348 357 multos
1381 316 1635 357 necessarios
1669 317 1799 370 magi-

172 394 276 432 stros
309 387 532 444 singularis
572 385 832 443 Uni'rersilas
866 384 1090 439 calholica,
1123 397 1230 442 quae
1272 385 1514 441 designatur
1562 398 1634 441 per
1674 397 1798 441 supra

173 460 296 510 dicta,
330 457 554 511 condatur,
585 462 708 514 atque
741 459 799 500 sic
833 457 954 499 detur
986 457 1273 512 opportunitas
1317 454 1537 498 iuvenibus
1569 454 1795 511 catholicis,

174 535 217 573 ut
251 543 338 586 pro·
357 530 536 572 (liversis
570 527 812 571 muneribus
835 539 881 570 ac
905 527 1050 570 officiis
1083 526 1278 570 civilibus
1301 530 1582 582 competentes
1605 526 1799 570 evadant.

293 600 478 658 Denique
512 599 804 655 obligationem
852 600 952 641 iuris
985 598 1116 640 divini
1161 602 1414 640 memoratur
1457 598 1647 654 inquiens
1687 595 1715 654 ἓ
1754 597 1799 641 3.

174 671 340 715 Fideles
372 685 423 714 oie
455 671 653 714 omittam
697 670 751 724 id,
785 669 834 713 ad
883 669 993 726 quod
1028 673 1071 712 ut
1118 681 1243 725 supra
1285 668 1441 711 dictum
1486 672 1545 711 est
1594 672 1800 720 tenentur,

174 742 426 786 adiutricem
458 755 642 799 operam,
676 741 811 798 quoad
846 745 1035 796 sumptus
1069 744 1180 782 tanto
1213 741 1327 795 operi
1362 740 1616 782 necessarios
1637 751 1714 795 pro
1748 737 1802 780 vi-

174 813 289 856 ribus
323 812 529 870 conferre,
569 827 588 851 <r
609 812 659 855 (le
692 824 773 868 quo
809 812 1067 867 potissimum
1092 810 1287 853 monendi
1318 813 1439 852 erunt
1472 813 1674 866 quotquot
1696 811 1801 851 inter

175 884 399 929 catholicos
432 884 582 927 ceteris
626 887 835 938 praestant
875 882 1032 925 divitiis
1065 886 1104 924 et
1145 882 1390 923 auctoritate
1434 880 1542 937 apud
1590 879 1801 936 populum,

175 958 329 1013 quique
363 956 542 997 comitiis
587 953 768 996 ferendis
811 951 972 1009 legibus
1014 956 1108 994 sunt
1150 951 1387 1007 adscripti»
1413 951 1441 1003 1„
1485 950 1526 992 'ior
1572 949 1802 993 catholicas

175 1025 339 1069 scholas
374 1026 596 1081 praecipue
629 1023 919 1066 elementarias
952 1027 991 1065 ct
1036 1022 1207 1070 medias,
1240 1021 1311 1064 sed
1359 1022 1595 1077 superiores
1638 1032 1802 1078 quoque

175 1095 412 1140 condendas
461 1097 574 1137 initio
608 1100 647 1137 el
689 1093 1003 1149 sustentandas,
1039 1106 1087 1135 ue
1136 1092 1373 1135 dilabantur
1424 1091 1690 1134 materialiter
1732 1095 1802 1134 aut

176 1168 309 1226 quoad
346 1168 555 1219 meritum,
588 1165 658 1208 sed
695 1166 909 1221 proticiant
943 1168 1142 1221 quantuni
1177 1163 1295 1206 aliae.

297 1237 392 1281 264.
428 1238 502 1282 De
526 1238 813 1282 clericorum
846 1236 1126 1292 frequentia
1157 1236 1204 1279 in
1226 1236 1365 1280 laicis
1389 1235 1802 1280 Universitatibus

178 1309 395 1365 evulgavit
428 1309 466 1351 S.
501 1306 649 1363 Congr.
686 1305 990 1350 Consistorialis
1022 1305 1149 1350 Dec.¹”
1170 1306 1182 1326 ²
1218 1304 1325 1361 quod
1352 1306 1516 1360 incipit:
1557 1319 1576 1344 ((
1599 1302 1729 1346 Nemo
1753 1302 1803 1345 de

177 1394 295 1424 sacro
320 1379 431 1422 clero
467 1378 591 1421 laicas
622 1377 947 1421 Universitatum
975 1376 1190 1420 facultates
1214 1377 1478 1433 frequentare
1512 1379 1642 1431 potest
1666 1373 1805 1431 ibique

178 1452 348 1508 prolana
383 1451 558 1507 quaevis
588 1449 723 1491 studia
758 1461 971 1504 peragere,
997 1449 1073 1490 nisi
1107 1447 1158 1490 de
1191 1446 1382 1503 Episcopi
1416 1448 1477 1489 sui
1505 1444 1714 1488 voluntate
1740 1443 1802 1487 vel

179 1521 452 1578 beneplacito.
488 1519 528 1563 ld
565 1533 613 1562 ex
651 1521 915 1575 praescriptis
938 1518 1101 1563 Codicis
1133 1519 1321 1561 canonici
1354 1521 1495 1573 aperte
1528 1516 1804 1559 deducitur».
1832 1539 1841 1542 -

177 1592 280 1636 Nam
321 1605 380 1635 «a
414 1590 595 1635 clericali
640 1594 747 1633 statu
781 1590 915 1633 aliena
960 1593 1093 1632 sunt»
1132 1588 1240 1646 (can.
1277 1588 1372 1643 139,
1406 1588 1433 1645 ξ
1468 1587 1526 1644 1),
1561 1589 1636 1630 nisi
1680 1598 1803 1630 causa

179 1663 389 1707 Ecclesiae
422 1661 664 1705 intercedat.
689 1661 796 1704 Ante
829 1660 1113 1704 Sacerdotium
1151 1662 1188 1701 in
1223 1660 1453 1702 Seminario
1485 1658 1715 1714 disciplinis
1736 1658 1806 1701 de-

181 1734 275 1778 bent
309 1731 563 1782 incumbere,
589 1736 631 1774 ut
655 1735 813 1774 constat
837 1733 875 1773 in
901 1730 1034 1773 Titulo
1057 1730 1108 1773 (le
1131 1729 1385 1772 Seminariis.
1414 1727 1587 1771 Demum
1627 1727 1806 1771 «clerici

180 1805 329 1853 studia,
366 1805 607 1860 praesertim
651 1814 781 1856 sacra,
817 1806 984 1857 recepto
1028 1800 1273 1853 sacer-douo,
1309 1813 1359 1843 ne
1403 1802 1730 1843 intermittant».
1765 1803 1808 1842 ut

183 1877 447 1932 praescripsit
479 1886 568 1917 can.
606 1873 701 1928 129,
742 1874 1023 1928 «praesertim
1053 1884 1150 1914 vero
1185 1869 1430 1927 presbyteri,
1453 1870 1622 1927 speciali
1655 1869 1807 1926 obliga-

182 1950 290 1990 tione
340 1949 531 1988 tenentur
563 1957 637 1986 suo
686 1945 862 1999 quisque
895 1940 1162 1986 Ordinario...
1198 1940 1475 1984 obedientiam
1525 1940 1808 1992 exhibendi»,

181 2022 284 2071 (can.
325 2016 437 2072 1⁶27).

305 2104 323 2129 «
343 2089 485 2131 Ssmus
510 2086 554 2129 D.
579 2086 625 2131 Ν.
645 2086 796 2129 Bened.
818 2085 888 2128 PP.
910 2083 1025 2128 XV...
1048 2083 1319 2127 Decessorum
1355 2096 1523 2126 suorum
1549 2081 1694 2125 Leonis
1716 2080 1807 2124 Xlll

183 2165 222 2203 et
257 2160 312 2202 Pii
350 2158 383 2201 X
417 2158 475 2214 (in
511 2157 818 2201 Commentario
850 2155 1003 2198 Textus
1026 2155 1075 2198 ad
1111 2168 1201 2198 can.
1237 2155 1335 2208 587)
1369 2158 1618 2197 memoratas
1650 2153 1810 2196 ordina-

184 2233 315 2273 tiones
346 2230 654 2279 conlirmans‚...
689 2227 792 2270 haec
838 2229 1004 2282 insuper
1037 2225 1237 2268 edicenda
1272 2237 1319 2267 ac
1366 2223 1625 2267 statuenda...
1660 2224 1810 2266 consti-

185 2303 284 2344 tuit:
311 2325 362 2332 -
392 2300 426 2344 1,
451 2298 597 2342 Nullus
630 2298 680 2341 ad
715 2297 839 2347 laicas
877 2296 1196 2340 Universitatum
1225 2294 1439 2338 facultates
1470 2294 1712 2346 destinetur,
1735 2294 1811 2336 nisi

183 2371 416 2415 sacerdotio
461 2372 539 2413 iam
575 2373 733 2421 auctus,
766 2370 920 2424 quique
963 2380 1077 2423 spem
1131 2365 1278 2409 bonam
1329 2368 1490 2421 ingerat
1523 2365 1609 2408 sore
1653 2368 1697 2407 ut
1738 2376 1810 2407 sua

184 2442 333 2498 agendi
369 2442 526 2484 ratione
561 2439 841 2482 ecclesiastico
865 2438 998 2480 ordini
1034 2436 1232 2479 honorem
1268 2441 1350 2478 tam
1386 2437 1538 2491 ingenii
1565 2437 1604 2476 vi
1639 2446 1687 2477 ac
1720 2447 1811 2490 per-

184 2514 378 2569 spicacia,
412 2524 535 2568 quam
571 2511 787 2553 sanctitate
820 2521 980 2550 morum
1015 2507 1197 2550 adiiciat.

305 2582 341 2624 Ξ.
375 2581 603 2638 Episcopus
629 2582 667 2622 in
692 2578 936 2622 destinando
969 2577 1205 2621 sacerdotes
1228 2589 1323 2619 suos
1346 2576 1396 2619 ad
1433 2575 1557 2619 laicas
1579 2575 1809 2618 studiorum

189 2653 485 2697 [niversitates
508 2649 828 2707 trequentandas
852 2647 950 2690 nihil
975 2648 1086 2691 aliud
1122 2659 1219 2703 prae
1242 2646 1373 2690 oculis
1406 2645 1568 2701 habeat,
1594 2632 1668 2688 nisi
1697 2645 1805 2702 quod

185 2723 386 2766 dioecesis
418 2734 516 2764 suae
560 2721 783 2763 necessitas
820 2718 881 2761 vel
918 2717 1071 2760 utilitas
1104 2719 1258 2773 exigat,
1291 2720 1334 2759 ut
1376 2728 1525 2772 nempe
1568 2717 1606 2757 in
1651 2714 1810 2757 Institu-

308 2877 318 2897 ¹
346 2875 465 2908 Instr.
496 2884 613 2918 supra
638 2872 706 2906 cit.
739 2892 776 2896 —
806 2872 819 2893 ‘2
845 2871 891 2904 30
918 2870 1008 2914 Apr.
1040 2870 1142 2911 1918,
1169 2869 1244 2904 CO.
1274 2869 1324 2909 X,
1352 2868 1434 2902 237.
