1965 3240
154 136 222 169 552
346 135 427 169 [113.
455 133 528 168 111.
557 153 569 158 -
598 133 707 166 PARS
737 132 798 167 VI.
827 152 840 157 -
866 132 923 167 De
947 132 1057 166 bonis
1082 131 1275 166 Ecclesiae
1305 132 1585 175 temporalibus

155 254 381 297 allectionis
413 252 544 308 (recte
578 251 890 309 intelligendus)
924 250 1200 295 attendendus
1231 254 1305 306 est,
1329 255 1369 294 et
1396 252 1437 293 in
1470 251 1552 294 tine
1583 250 1780 294 adiicitur

155 326 276 367 etiam
314 325 536 380 positivum
570 327 861 379 argumentum
885 322 994 380 quod
1032 323 1183 384 petitur
1215 334 1264 364 ex
1298 321 1406 377 stylo
1438 326 1479 365 et
1510 320 1775 365 observantia

157 399 353 450 perpetua
387 394 425 436 S.
460 392 802 450 Congregationis
823 408 845 434 ))
873 393 1074 437 eiusdem.

276 464 287 486 ¹
316 463 439 506 Porro
477 465 687 506 «attentis
727 463 917 507 deductis
949 468 988 506 et
1022 462 1212 506 resolutis
1245 465 1283 505 in
1318 462 1395 506 hac
1427 474 1568 518 causa,
1600 459 1782 507 Ordina-

158 536 243 577 rius
276 533 501 577 Laudensis
534 533 585 577 ab
618 534 762 577 eadem
797 534 835 577 S.
853 534 1002 589 Congr.
1039 538 1281 577 reverenter
1315 532 1539 589 postulavit
1571 534 1782 576 infrascri-

161 610 323 662 ptorum
357 605 578 649 dubiorum
613 605 902 649 solutionem...
928 605 971 648 ll.
996 605 1140 649 Utrum
1175 604 1225 648 ad
1260 604 1551 648 alienationem
1584 617 1784 662 quorum-

161 689 340 733 cumque
373 676 640 720 donariorum
686 679 923 720 votivorum
969 678 1204 733 requiratur
1240 675 1546 732 beneplacitum
1579 675 1786 733 Apostoli-

163 760 271 798 cum,
290 760 339 790 an
365 749 491 803 possit
508 744 757 791 Ordinarius
780 747 831 791 de
853 748 1009 791 eisdem
1034 747 1268 804 disponere,
1287 749 1392 790 intra
1417 751 1573 791 certam
1597 759 1785 790 summae

164 820 449 875 quantitatem.
476 844 527 848 —
553 817 616 860 lll.
641 818 702 861 An
738 819 788 862 ad
822 818 1111 862 alienationem
1147 818 1414 861 donariorum
1452 820 1687 861 votivorum
1722 831 1787 861 re·

164 889 352 944 quiratur
390 888 690 945 beneplacitum
725 888 1208 947 Apostolicum‚quando
1242 891 1328 945 ipse
1361 888 1519 932 oblator
1551 889 1711 932 donarii
1745 890 1785 931 in

164 958 452 1002 alienationem
489 959 596 1002 ultro
629 962 870 1003 consentiat.
907 985 959 990 -ο
994 959 1058 1003 lV.
1092 959 1238 1004 Utrum
1274 972 1387 1003 mera
1419 959 1572 1003 oblatio
1605 960 1701 1002 doni
1733 959 1785 1003 ad

164 1028 293 1072 altare
320 1029 381 1072 vel
405 1030 454 1073 ad
479 1042 639 1073 sacram
675 1033 851 1086 iconem,
886 1032 1263 1087 praesumptionem
1300 1033 1383 1074 voti
1417 1043 1559 1073 secum
1594 1031 1711 1085 ferat,
1734 1041 1786 1072 an

166 1102 340 1156 positive
383 1105 572 1143 constare
614 1100 762 1144 debeat
804 1101 1020 1145 donarium
1056 1115 1104 1144 ex
1143 1106 1237 1145 voto
1269 1101 1452 1145 oblatum
1495 1114 1626 1144 esse...
1662 1101 1787 1144 Sacra

113 1222 118 1229 ⁸
164 1170 289 1227 Cong.
323 1170 490 1215 Cone...
527 1172 859 1228 respondendum
895 1174 1120 1217 censuitz...
1154 1173 1217 1216 Ad
1252 1173 1289 1216 ⁶2.
1323 1172 1589 1231 Affirmative
1621 1173 1670 1216 ad
1704 1174 1786 1229 pri-

167 1254 273 1284 mam
318 1246 498 1297 par31em
533 1242 726 1298 neyatzte
766 1243 816 1286 ad
859 1243 1044 1286 alteram.
1082 1269 1134 1274 —-
1168 1243 1231 1286 Ad
1267 1243 1304 1286 3.
1338 1243 1616 1302 Affirmative.
1650 1243 1712 1286 Ad
1747 1244 1789 1286 4

166 1311 389 1355 Donarium
427 1315 633 1368 praesumi
679 1316 864 1357 votivum
909 1317 985 1357 nisi
1018 1316 1070 1358 de
1103 1317 1309 1391 contraria
1347 1314 1559 1358 donatoris
1595 1314 1657 1358 vel
1692 1314 1788 1357 ofle-

167 1385 293 1426 rentis
329 1383 538 1426 voluntate
570 1384 738 1427 aliunde
770 1390 989 1428 constet».

284 1454 420 1497 Alium
456 1455 626 1498 limitem
665 1458 782 1512 pretii
821 1457 1080 1500 alienationis
1122 1460 1362 1514 assignat&
1342 1455 1435 1508 2,
1470 1457 1578 1515 quod
1626 1458 1792 1501 videtui

166 1524 415 1569 substituere
452 1525 633 1569 valorem
668 1526 721 1569 25
755 1527 998 1570 ducatoium
1033 1540 1254 1571 aureorum
1288 1482 1359 1571 deb
1362 1526 1534 1572 Camera
1568 1528 1788 1580 dictorum,

166 1598 235 1653 qui
269 1598 496 1653 antiquitus
531 1597 604 1640 fuit
628 1599 716 1640 iure
739 1597 979 1654 designatus
1001 1601 1040 1641 in
1068 1598 1144 1642 hac
1177 1601 1363 1642 materia.
1385 1599 1539 1642 Norma
1572 1612 1672 1655 ergo
1705 1603 1788 1642 est:

168 1666 214 1710 Sz'
245 1681 339 1710 vero
373 1673 530 1724 aqatm·
562 1667 612 1711 de
644 1669 874 1712 alienandis
919 1672 1084 1726 proprie
1126 1669 1249 1712 rebus
1291 1670 1511 1713 declaratis
1543 1671 1620 1713 sul)
1653 1669 1711 1714 n.⁰
1745 1669 1792 1712 2⁰

168 1743 320 1793 praec.⁸
352 1738 397 1794 §ss
433 1752 539 1796 quae
578 1738 760 1781 valorem
798 1742 1182 1783 «aestimationis»
1220 1754 1302 1783 non
1344 1739 1550 1783 eoeeedunt
1590 1740 1707 1783 mille
1738 1740 1788 1783 ἰέ-

167 1807 370 1851 bellorum
404 1823 476 1852 seu
507 1808 755 1867 franeorum
788 1824 881 1854 cum
917 1811 1126 1854 declarata
1163 1814 1275 1867 prius
1306 1812 1620 1868 significatione,
1645 1828 1667 1852 α
1690 1811 1789 1868 legi-

167 1880 293 1923 timus
325 1880 566 1936 Superior»
593 1886 653 1923 est
687 1884 725 1937 a)
758 1880 839 1924 loci
876 1880 1135 1925 Orclinarius
1167 1882 1217 1925 ad
1253 1894 1439 1925 normam
1465 1895 1556 1926 can.
1581 1883 1678 1937 198,
1699 1882 1728 1940 ξ
1751 1882 1791 1937 2,

168 1961 216 1993 ac
250 1951 421 2006 proinde
447 1950 634 1995 Vicarius
657 1951 917 2008 Capitularis,
941 1953 1047 1997 Sede
1083 1958 1270 2007 vacante,
1293 1956 1413 1997 sicuti
1447 1967 1497 1996 ex
1531 1966 1620 1997 can.
1650 1969 1670 1994 «
1693 1953 1789 1997 Ter·

171 2020 280 2063 rulas
307 2039 321 2058 n
363 2024 400 2064 in
435 2021 552 2067 Dec.⁰
585 2021 785 2076 Gratiani,
819 2023 859 2078 b)
891 2024 1037 2067 audito
1061 2024 1169 2080 (can.
1191 2025 1288 2079 105,
1314 2023 1375 2081 1⁰)
1401 2024 1793 2068 administrationis

174 2089 372 2146 Consilio,
406 2096 462 2136 uti
505 2093 601 2150 quid
646 2095 780 2138 simile
824 2097 1123 2152 praescriptum
1169 2097 1245 2139 fuit
1287 2108 1377 2140 can.
1413 2096 1539 2150 1520,
1572 2096 1600 2154 ἓ
1633 2095 1670 2150 3,
1706 2095 1791 2138 nisi

169 2163 303 2220 quoad
340 2166 582 2221 requisitum
615 2165 692 2209 sul)
725 2165 860 2209 littera
896 2166 938 2222 b)
961 2180 1028 2209 res
1061 2166 1277 2210 alienanda
1311 2166 1476 2209 minimi
1508 2166 1704 2210 momenti
1735 2166 1792 2209 sit

169 2246 218 2276 ex
255 2234 445 2289 prudenti
480 2236 645 2291 iudicio,
681 2241 719 2279 el
751 2250 916 2293 semper
948 2238 986 2292 0)
1020 2251 1110 2280 eum
1141 2251 1283 2280 eorum
1316 2251 1530 2291 consensu,
1553 2251 1590 2278 v.
1613 2251 1674 2294 gr.
1699 2251 1791 2294 per-

166 2317 290 2348 sonae
326 2305 492 2349 moralis
530 2306 769 2363 collegialis,
805 2321 980 2365 quorum
1024 2309 1198 2351 interest
1240 2309 1500 2352 alienationis
1538 2313 1787 2352 contractus.

165 2374 257 2418 Huc
291 2379 511 2419 memorari
546 2382 707 2433 oportet
740 2390 845 2435 quae
878 2379 916 2422 S.
951 2377 1101 2433 Congr.
1134 2378 1214 2421 EE.
1247 2383 1286 2422 et
1318 2378 1401 2422 RR.
1436 2381 1601 2435 scripsit
1627 2378 1791 2422 Vicario

164 2444 388 2502 Capitulari
414 2446 671 2491 Pontiscurvi
691 2462 816 2505 super
833 2444 1273 2493 alienationibus'Sede
1295 2454 1468 2493 vacante
1492 2448 1530 2492 2:
1561 2465 1582 2490 «
1605 2448 1675 2493 Cio
1709 2462 1790 2492 non

164 2516 318 2573 deroga
351 2517 387 2560 al
423 2516 607 2574 Capitolo
640 2518 779 2569 Novit,
809 2519 833 2562 il
869 2520 991 2577 quale
1027 2522 1134 2563 vieta
1169 2519 1449 2563 l'alienazione
1473 2519 1536 2563 de'
1564 2519 1655 2563 beni
1681 2519 1787 2563 della

166 2586 303 2630 Mensa
337 2588 435 2632 sede
473 2594 645 2632 vacante
668 2590 797 2645 (nunc
830 2603 921 2633 can.
955 2590 1072 2648 436),
1097 2604 1118 2634 e
1153 2589 1291 2647 percio
1325 2604 1404 2634 non
1437 2590 1487 2634 ha
1522 2590 1645 2647 luogo
1670 2590 1705 2633 la
1729 2591 1792 2634 di-

166 2660 392 2714 sposizione
426 2659 491 2702 del
526 2673 615 2703 can.
655 2660 853 2703 Terrulas
888 2660 1016 2717 (nunc
1048 2664 1073 2715 ξ
1106 2661 1149 2719 2)
1182 2662 1348 2719 quando
1381 2663 1412 2704 si
1448 2663 1558 2704 tratti
1596 2659 1660 2705 de’
1696 2660 1790 2704 beni

167 2732 451 2785 appartenenti
486 2730 564 2774 alla
599 2730 734 2774 Mensa
768 2731 873 2774 Sede
904 2730 1081 2775 Vacante
1113 2746 1232 2776 come
1264 2745 1449 2789 neppure
1484 2732 1534 2775 113
1569 2731 1690 2788 luogo
1724 2732 1788 2775 ne’

286 2836 296 2857 1
322 2835 495 2870 Lauden.
524 2836 666 2870 Dubia.
699 2838 741 2870 14
767 2837 850 2870 Ian.
881 2837 983 2870 1922.
1013 2837 1090 2872 00.
1112 2812 1222 2880 mv,
1253 2837 1332 2871 161.
1373 2858 1413 2862 -
1447 2838 1462 2859 2
1489 2838 1533 2871 14
1562 2837 1650 2871 Iun.
1682 2836 1788 2871 1788.

169 2882 420 2916 Collectanea
445 2883 484 2916 in
513 2894 626 2916 usum
655 2883 895 2918 Secretariae
920 2884 957 2918 S.
988 2884 1027 2918 C.
1058 2885 1137 2918 EE.
1165 2888 1205 2919 et:
1231 2884 1315 2919 RR.
1345 2884 1565 2928 (Bizzarri)‚
1595 2885 1698 2918 1885.
