1965 3240
120 119 190 152 ‘204
492 118 579 152 LIB.
607 118 679 152 ΙΙῘ.
709 138 720 144 -
749 118 860 152 PARS
885 118 956 152 III.
988 139 999 144 -
1027 118 1084 152 De
1109 119 1219 152 cultu
1246 118 1380 152 divino

118 238 310 295 cingulis,
345 237 477 282 lineos
509 240 702 293 amictus,
737 243 776 281 et
820 238 882 282 his
924 238 1098 292 similia,
1134 240 1231 281 item
1279 238 1474 288 missalia,
1518 238 1750 294 gradualia,

118 308 243 352 libros
275 314 420 352 cantus
454 309 562 351 firmi
602 313 641 352 et
676 309 1032 370 musicae‚libros
1068 309 1336 365 pontificales,
1361 311 1426 352 eui
1450 309 1594 352 titulus
1617 322 1749 352 canon

117 382 289 433 missaeg
311 382 407 423 item
427 379 590 435 calices,
612 384 794 436 patenas,
813 380 1002 437 pyxides,
1022 382 1263 433 ostensoria,
1283 379 1508 433 thuribula,
1529 392 1599 423 vas
1617 392 1749 438 aquae

114 450 359 494 benedictae
382 464 477 494 cum
513 454 759 507 aspersorio,
796 451 949 507 pelvim
974 465 1066 494 cum
1105 464 1242 503 urceo,
1270 463 1366 494 vasa
1400 464 1613 494 sacrorum
1638 452 1747 494 oleo-

114 534 220 571 rum,
254 526 294 564 et
327 521 519 564 urceolos
562 534 643 565 una
677 535 772 565 cum
818 521 1010 577 pelvibus
1053 526 1092 564 et
1135 520 1425 574 tintinnabulo,
1468 522 1752 578 palmatorias‚

111 594 252 635 icones
298 594 424 647 paciS,
458 606 608 635 cruces
651 592 1041 648 archiepiscopales,
1075 591 1324 636 candelabra
1369 606 1462 635 cum
1507 606 1631 636 cruce
1676 606 1749 648 pro

113 662 254 707 altaris
288 676 375 717 usu,
412 662 608 706 baculum
649 663 914 719 pastoralem,
949 663 1241 716 faldistorium,
1273 663 1457 720 aliasque
1501 677 1567 707 res
1609 676 1751 707 sacras

118 735 208 776 sive
242 738 496 789 paramenta,
531 735 620 776 sive
653 738 911 788 ornamenta,
943 736 1033 776 sive
1070 746 1180 787 vasa,
1214 735 1245 775 si
1275 746 1380 790 quae
1421 738 1515 777 sunt
1548 735 1671 776 etiam
1698 747 1746 776 ex

119 816 263 847 eorum
296 808 442 847 natura
478 806 567 846 usui
604 805 773 860 profano
806 817 1013 860 congrua2
1049 804 1276 847 dummodo
1310 818 1390 847 non
1436 818 1507 861 per
1539 805 1747 857 accidens,

118 875 190 918 sed
227 879 517 930 permanenter
551 875 693 917 divino
732 874 859 918 cultui
884 877 1097 932 sacrisque
1128 875 1408 919 functionibus
1440 876 1591 918 suerInt
1623 875 1745 918 desti-

118 950 235 988 nata:
271 945 454 1002 eoeceplis
489 949 531 988 ut
565 947 603 987 in
638 958 796 988 canone
829 945 1002 989 uuiiulis
1025 951 1064 988 et
1097 945 1287 988 crucibus
1312 945 1596 1003 pectoralibus
1619 945 1749 988 elium

118 1029 209 1058 cum
246 1015 381 1058 sacris
419 1015 672 1072 reliquiis»,
718 1021 838 1072 prout
886 1016 988 1060 haec
1032 1017 1217 1060 clausula
1266 1019 1304 1059 in
1355 1029 1493 1071 praec.
1537 1030 1627 1060 can.
1672 1018 1747 1060 fuit

117 1086 342 1141 declarata,
374 1087 445 1130 sed
479 1099 610 1130 canon
644 1100 769 1144 quem
802 1092 1136 1131 commentamur
1168 1093 1440 1144 opportunam
1487 1090 1629 1131 inserit
1661 1090 1746 1131 ani-

118 1157 477 1200 madversionem:
528 1157 643 1200 sulco
674 1158 940 1215 praescripto
974 1172 1064 1201 cuii.
1101 1160 1234 1208 1288,
1269 1160 1378 1202 circa
1424 1160 1748 1202 «sanctissimae

116 1227 260 1271 Crucis
294 1227 502 1285 reliquias,
533 1240 635 1285 quas
670 1230 707 1270 in
742 1242 866 1272 cruce
901 1229 1096 1285 pectorali
1133 1229 1359 1286 Episcopus
1392 1231 1494 1272 torte
1528 1229 1674 1283 defert,
1708 1234 1748 1272 et

117 1311 223 1355 quae
266 1299 466 1342 ecclesiae
510 1299 753 1351 cathedrali,
804 1302 890 1356 ipso
935 1300 1144 1355 defuncto,
1178 1301 1369 1344 cedunt»
1422 1313 1601 1356 semper,
1641 1312 1747 1357 quae

117 1370 302 1413 clausula
336 1371 411 1412 fuit
434 1373 585 1413 omissa
611 1373 649 1413 in
676 1384 764 1414 can.
785 1371 937 1427 praec.i
971 1376 1111 1428 utpote
1135 1374 1230 1429 quia
1255 1374 1417 1415 nonnisi
1442 1385 1534 1415 cum
1561 1371 1747 1415 obscuri-

117 1445 198 1483 tate
232 1443 384 1484 inserta
418 1446 537 1495 esset,
564 1442 745 1498 eoquod
779 1441 878 1485 solis
911 1441 1126 1498 Episcopis
1158 1442 1459 1486 suburbicariis
1485 1442 1663 1498 aptanda
1687 1446 1747 1485 est

122 1512 159 1552 vi
193 1523 283 1553 can.
320 1512 431 1554 1288
465 1511 623 1555 nullum
659 1512 908 1569 Episcopum
944 1515 1201 1569 excipientis.
1229 1540 1280 1543 —
1318 1514 1583 1571 Prosequitur
1615 1526 1745 1556 canon

117 1582 275 1625 eisdem
309 1594 356 1625 ac
392 1582 522 1626 Breve
556 1583 728 1626 Planum
757 1583 919 1626 verbis:
954 1590 993 1626 et
1025 1584 1194 1640 supple:
1234 1586 1498 1640 «exceptis»
1536 1583 1591 1626 iis
1614 1583 1745 1626 ouini-

118 1651 191 1694 bus
240 1652 490 1695 utensilibus
537 1656 644 1697 inter
676 1667 800 1710 supra
835 1657 1036 1698 recensita
1072 1655 1255 1697 cuiusvis
1283 1655 1466 1711 perieris,
1510 1668 1616 1711 quae
1649 1653 1747 1711 lessi·

118 1723 216 1765 time
248 1724 297 1766 ad
333 1737 521 1767 normam
555 1724 583 1782 ξ
617 1725 639 1767 3
671 1725 873 1782 probetur
905 1726 1014 1782 quod
1049 1728 1184 1768 statim
1232 1728 1408 1782 positum
1443 1731 1526 1768 est:
1562 1724 1611 1767 ab
1644 1724 1745 1782 Epi-

114 1807 236 1851 scopo
269 1793 466 1851 defuncto
499 1794 540 1851 a)
565 1801 810 1852 comparum
843 1796 979 1853 fuisse
1011 1796 1127 1839 bouis
1161 1795 1216 1838 ud
1250 1796 1384 1853 ipsum
1417 1795 1649 1850 ecclesium,
1672 1797 1747 1838 sci-

115 1863 231 1908 licet:
265 1864 463 1908 diocesim
502 1870 544 1908 ut
581 1865 774 1922 Episcopi
814 1866 1078 1921 beneficium,
1114 1881 1191 1909 nou
1224 1866 1547 1924 pertinentibus,
1579 1880 1650 1909 seu
1694 1879 1744 1908 ex

116 1947 256 1977 mensa
291 1935 513 1991 episcopali
548 1939 605 1979 uti
642 1938 800 1979 fructus
840 1936 1028 1980 beneficii
1063 1950 1109 1980 ea
1150 1937 1334 1981 «bona»
1374 1951 1451 1980 non
1499 1939 1744 1993 perceperit,

118 2005 161 2062 b)
194 2019 325 2062 iieque
357 2011 513 2048 couslei
548 2007 589 2049 iii
624 2006 841 2050 Ecclesiae
872 2007 1122 2051 cathedralis
1169 2008 1472 2065 proprietatem
1509 2007 1745 2061 transiisse,

117 2078 212 2133 quia
245 2077 413 2120 forsitan
453 2079 665 2121 «fuissent
698 2079 887 2122 donata»
928 2092 999 2134 per
1048 2079 1311 2135 Episcopum,
1350 2079 1414 2122 vel
1459 2092 1529 2135 per
1572 2078 1742 2121 alteram

118 2160 351 2203 personam,
375 2161 481 2206 quae
501 2149 568 2191 illa
595 2149 784 2192 utensilia
817 2149 1021 2206 Episcopo
1045 2150 1208 2193 dederit
1232 2150 1517 2193 tantummodo
1547 2151 1585 2191 in
1611 2162 1745 2192 usum.

235 2218 438 2261 Numeros
472 2218 537 2272 IV,
576 2218 604 2262 V
639 2224 677 2262 et
712 2219 760 2262 Vl
806 2223 918 2263 citati
964 2220 1108 2263 Brevis
1148 2223 1249 2264 mira
1284 2223 1490 2277 congessit
1523 2213 1610 2263 arte
1643 2220 1669 2253 Q
1700 2222 1743 2262 2.

117 2289 163 2332 Si
186 2290 351 2347 qiuiiulo
374 2289 609 2348 Episcopus
638 2306 657 2331 ((
677 2292 954 2335 residentialis
975 2308 993 2333 1)
1024 2306 1073 2335 ex
1098 2297 1293 2335 contextu
1318 2292 1358 2349 a)
1383 2292 1489 2335 (liius
1512 2291 1575 2334 cel
1600 2291 1744 2348 plures

115 2358 321 2402 dioeceses
353 2361 582 2403 successive
613 2362 788 2416 referit,
813 2362 868 2419 (n.
896 2362 964 2419 lV)
994 2362 1034 2419 b)
1059 2368 1131 2405 uu!
1165 2362 1292 2405 simui
1321 2362 1561 2421 praefuerit
1584 2361 1744 2405 duabus

117 2430 177 2472 cel
207 2430 402 2487 pluribus
435 2431 693 2474 dioecesibus
721 2432 761 2489 a)
793 2433 929 2493 uiiin‘s
958 2433 1007 2476 ad
1045 2436 1224 2477 invicem
1261 2438 1458 2490 perpetuo
1504 2433 1545 2490 b)
1582 2438 1657 2477 uzu
1701 2433 1744 2474 iii

111 2507 373 2557 perpetuum,
409 2516 487 2545 non
532 2502 664 2545 solum
699 2503 749 2546 ad
794 2508 958 2559 tempus
990 2504 1060 2547 sed
1106 2504 1203 2547 dum
1243 2507 1403 2547 viveret
1447 2504 1526 2559 ille,
1563 2503 1743 2546 admini-

115 2571 364 2614 strationem
397 2573 616 2627 concessis,
650 2574 720 2616 sed
757 2576 794 2615 in
831 2578 1006 2631 utraque
1051 2579 1257 2630 postrema
1302 2575 1503 2631 hypolesi,
1537 2575 1576 2631 c)
1610 2573 1745 2616 cutbe-

115 2640 277 2684 clrulem
310 2642 528 2684 ecclesium
552 2648 589 2686 et
622 2649 925 2700 consequenter
953 2660 971 2685 «
992 2645 1219 2700 capitulum
1241 2661 1260 2685 »
1301 2644 1545 2687 liubeutibus
1579 2650 1745 2701 propter

117 2715 311 2755 unionem
345 2726 476 2770 aeque
511 2714 783 2769 principalem
824 2715 1046 2771 proprium
1079 2721 1117 2757 ct
1151 2715 1409 2770 distinctam,
1443 2720 1482 2758 et
1530 2715 1745 2772 hucusque

118 2785 315 2838 processit
347 2784 637 2827 determinatio
672 2784 863 2841 Episcopi
896 2786 944 2828 ad
982 2785 1086 2829 lianc
1122 2786 1428 2842 paragraphum
1462 2788 1630 2830 canonis
1660 2799 1744 2828 ser·

120 2853 296 2896 vandum
322 2854 505 2910 obligati.
524 2880 581 2885 —
604 2853 777 2898 Veniunt
803 2858 1078 2912 praescripta:
1104 2856 1144 2913 a)
1170 2871 1275 2914 quim
1298 2870 1420 2899 sucro
1445 2856 1646 2899 uceusiliu
1669 2856 1746 2900 sub
