1965 3240
517 154 627 189 PARS
652 155 720 189 IV.
750 174 762 181 -
789 154 846 190 De
872 158 1097 199 anaqisterio
1122 159 1374 193 ecclesiastico
1687 161 1757 194 243

133 274 230 317 titici
263 271 459 316 subiectis
491 286 572 331 qua
608 272 758 317 talibus
792 274 1099 317 communicare
1138 282 1315 320 recusat.
1351 276 1641 320 .s·‹·lei.s·m‹1liens
1684 286 1759 323 est.

135 343 332 388 Videlicet
352 343 560 387 Ecclesiae
582 347 779 388 unitatem
800 344 1008 388 scindens.
1031 371 1082 375 —
1104 345 1263 388 Etenim
1288 352 1327 389 ut
1346 350 1399 389 ait
1427 347 1467 390 l).
1494 348 1565 391 Th.
1588 350 1599 371 ¹
1629 366 1646 389 «
1670 364 1761 406 pro-

132 417 219 472 prie
261 413 515 458 schismatici
561 415 757 458 dicuntur
798 417 866 472 qui
915 418 1079 472 propria
1124 422 1268 472 sponte
1307 423 1343 460 et
1380 421 1602 463 intentione
1635 435 1677 463 se
1711 421 1762 465 ab

133 487 286 528 unitate
320 484 529 528 Ecclesiae
562 490 770 540 separant,
804 498 911 543 quae
945 490 1005 529 est
1039 489 1173 529 unitas
1207 488 1455 543 principalis.
1493 489 1592 531 Nam
1630 493 1761 533 inlitas

130 555 363 612 aliquorum
399 555 449 598 ad
485 557 666 600 invicem
701 556 918 614 ordinatur
951 557 1000 600 ad
1038 559 1235 600 unitatem
1273 557 1493 601 Ecclesiae.
1513 562 1615 603 sicut
1650 576 1759 603 com-

131 628 276 682 positio
320 625 578 682 singulorum
624 626 908 670 membrorum
946 629 982 670 in
1017 641 1191 684 corpore
1235 628 1409 671 naturali
1455 630 1668 673 ordinatur
1710 632 1758 674 ad

130 698 253 740 totius
285 699 471 754 corporis
515 699 727 740 unitatem.
764 697 974 741 Ecclesiae
1017 702 1154 741 autem
1202 701 1336 741 imitas
1370 702 1406 741 in
1441 700 1602 743 (luobus
1633 707 1762 744 atten-

129 767 263 822 ditui-3
296 768 455 812 scilicet
488 770 525 810 in
559 771 818 812 connexione
854 768 1136 812 membrorum
1169 769 1378 813 Ecclesiae
1402 771 1450 812 ad
1479 773 1654 814 invicem
1690 787 1759 815 scu

129 840 530 892 communicatione;
566 844 605 882 et
639 841 788 882 iterum
825 842 862 882 in
898 839 1042 882 ordine
1075 842 1259 882 omnium
1307 840 1586 883 membrorum
1623 841 1760 885 Eccle-

56 928 61 932 ·
128 911 213 953 siae
246 909 297 952 ad
334 922 459 952 unum
493 910 879 966 caput,seeun‹lum
917 909 1015 953 illud
1037 910 1051 930 ²
1082 926 1099 950 «
1121 909 1289 953 lntiatus
1321 924 1442 954 sensu
1477 914 1612 954 carnis
1649 926 1762 965 suae,

129 984 168 1024 et
198 993 278 1023 non
323 984 466 1023 tenens
507 987 643 1037 caput,
678 993 728 1024 ex
763 994 844 1038 quo
879 985 1008 1024 totum
1053 994 1204 1037 corpus
1249 995 1320 1037 per
1358 995 1489 1025 nexus
1522 988 1559 1025 et
1593 985 1761 1026 coniun-

128 1053 285 1095 ctiones
307 1050 666 1095 subministratum
703 1056 742 1095 et
775 1056 1075 1106 constructum,
1101 1054 1249 1095 crescit
1275 1054 1312 1094 in
1338 1058 1606 1108 augmentum
1634 1053 1703 1097 Dei
1725 1070 1761 1096 ».

129 1121 216 1165 Hoc
248 1126 387 1165 autem
421 1127 545 1178 eaput
578 1127 639 1165 est
672 1124 757 1178 ipse
791 1121 989 1174 Christus,
1023 1124 1142 1165 cuius
1188 1123 1300 1165 vices
1344 1124 1381 1165 in
1428 1122 1610 1166 Ecclesia
1655 1126 1763 1180 gerit

127 1194 322 1237 Summus
346 1192 545 1238 Pontifex.
570 1192 620 1236 Et
643 1193 736 1236 ideo
768 1193 1023 1237 schismatici
1058 1194 1268 1248 dicuntur,
1287 1195 1355 1251 qui
1380 1193 1551 1237 subesse
1586 1199 1763 1237 renuunt

127 1264 297 1307 Summo
323 1264 507 1308 Pontifici
543 1269 581 1307 et
614 1266 683 1322 qui
720 1264 919 1308 membris
940 1263 1149 1308 Ecclesiae
1173 1266 1208 1307 ei
1233 1264 1430 1308 subiectis
1453 1267 1763 1308 communicare

128 1339 381 1378 recusant».
415 1334 532 1389 Quae
566 1340 774 1391 postrema
813 1334 939 1379 verba
972 1340 1067 1378 sunt
1102 1337 1139 1378 in
1174 1348 1374 1378 canonem
1412 1335 1619 1378 translata.

245 1405 304 1449 De
338 1406 616 1462 disputatione
649 1420 744 1450 cum
780 1406 1000 1450 haereticis
1041 1408 1263 1449 memorari
1308 1411 1468 1463 oportet
1503 1408 1565 1449 ius
1597 1419 1762 1463 praece-

126 1476 228 1519 dens
271 1477 322 1520 ad
368 1482 523 1520 rectam
570 1477 899 1534 prudentemque
944 1479 1114 1521 canonis
1158 1479 1558 1533 interpretationem.
1597 1503 1644 1507 ——
1687 1477 1761 1519 Pro

128 1547 243 1590 laicis
277 1549 579 1604 praescriptum
615 1553 674 1591 est
695 1542 821 1602 ³:'<‹§
854 1547 1094 1591 Inhibemus
1127 1561 1306 1605 quoque,
1332 1561 1381 1590 ne
1405 1550 1598 1604 cuiquam
1634 1547 1762 1591 laicae

126 1630 327 1674 personae
362 1618 482 1662 liceat
516 1618 680 1675 publice
707 1619 769 1662 vel
797 1621 991 1675 privatim
1017 1619 1067 1662 de
1092 1619 1173 1662 lide
1197 1618 1399 1661 catholica
1433 1619 1657 1674 disputare.
1683 1616 1762 1670 Qui

130 1701 228 1732 vero
261 1694 403 1732 contra
449 1690 606 1744 fecerit,
640 1691 1086 1733 excommunicationis
1130 1689 1277 1747 laqueo
1318 1689 1594 1732 innodetur».
1630 1689 1761 1732 Poena

127 1773 235 1803 nune
273 1760 548 1816 «abrogata»
589 1760 641 1805 ob
674 1761 838 1805 Codicis
870 1761 1078 1804 silentium
1116 1760 1224 1816 (can.
1265 1761 1305 1814 6,
1340 1761 1414 1816 250).
1437 1785 1485 1790 —
1510 1759 1567 1803 De
1600 1759 1762 1803 clericis

127 1830 382 1888 intelligatur
414 1828 523 1889 quod
559 1831 747 1875 Gelasius
783 1832 888 1888 Papa
922 1832 972 1875 ad
1005 1831 1233 1888 Episcopos
1267 1831 1500 1874 Dardaniae
1537 1832 1699 1887 scripsit
1720 1830 1761 1872 ⁴:

131 1901 382 1946 «Canonum
418 1905 627 1959 magistris
670 1908 794 1961 atque
838 1902 1080 1947 custodibus
1121 1902 1238 1946 nobis
1272 1902 1429 1945 nullum
1466 1902 1524 1944 fas
1557 1906 1615 1944 est
1660 1903 1762 1944 inire

125 1977 349 2028 certamen,
384 1987 478 2018 cum
524 1974 763 2018 hominibus
806 1976 1112 2018 communionis
1157 1974 1376 2017 alienae».
1410 1972 1576 2016 Glossa:
1615 1971 1762 2028 «Ergo

125 2057 220 2088 cum
253 2044 474 2088 haereticis
507 2059 586 2088 non
621 2050 682 2089 est
714 2046 1028 2102 disputandum,
1063 2058 1137 2088 nec
1181 2058 1274 2088 cum
1321 2044 1458 2100 aliquo
1492 2044 1543 2086 de
1577 2043 1658 2085 tide
1703 2047 1761 2086 est

125 2115 436 2172 disputandum,
458 2116 529 2160 sed
564 2116 613 2160 ad
650 2116 727 2160 hoe
763 2121 894 2173 potest
927 2116 1129 2172 disputari
1163 2117 1354 2170 cumeis,
1381 2119 1421 2157 ut
1446 2115 1760 2167 convincantur,

127 2199 204 2229 non
241 2191 283 2229 ut
317 2188 355 2229 in
389 2186 562 2231 dubium
599 2192 796 2231 revocent
830 2188 955 2231 tidem
990 2192 1233 2230 nostram».
1259 2210 1311 2216 —
1338 2185 1512 2228 Demum
1547 2184 1586 2228 S.
1611 2184 1759 2240 Congr.

125 2256 177 2300 de
211 2256 327 2314 Prop.
364 2257 494 2301 Fide5
527 2260 667 2302 iussit:
708 2257 936 2315 «publicas
969 2258 1270 2314 disputationes
1306 2269 1382 2299 non
1420 2257 1507 2298 lieri
1541 2268 1635 2298 cum
1670 2254 1762 2297 hae-

127 2329 286 2371 reticis:
321 2330 418 2386 quia
452 2328 698 2386 plerumque
720 2328 772 2372 ob
796 2327 1090 2386 loquacitatem
1130 2328 1192 2371 vel
1228 2328 1445 2371 audaciam
1481 2329 1551 2368 aut
1583 2327 1759 2368 circum-

125 2400 295 2441 stantias
328 2398 466 2455 populi
501 2399 782 2452 acclamantis,
811 2401 963 2442 veritas
987 2398 1162 2442 falsitate
1198 2397 1465 2455 praevalente
1499 2397 1759 2451 opprimitur,

126 2473 165 2511 et
196 2470 228 2511 si
263 2468 487 2526 aliquando
521 2469 758 2513 huiusmodi
793 2470 1095 2526 disputationes
1129 2471 1311 2512 recusari
1350 2480 1427 2510 non
1464 2470 1644 2522 possunt,
1680 2468 1759 2521 pri-

128 2551 240 2581 mum
274 2538 325 2581 tle
358 2538 427 2582 illa
459 2542 612 2583 certior
645 2540 715 2583 liat
747 2540 787 2583 S.
821 2540 986 2596 Congu,
1021 2553 1127 2597 quae
1163 2542 1273 2582 iuxta
1322 2538 1518 2593 temporis
1551 2540 1588 2578 et
1624 2549 1760 2591 perso-

127 2622 273 2653 narum
307 2609 562 2667 qualitatem,
596 2611 695 2668 quid
731 2611 938 2667 agendum
973 2612 1042 2665 sit,
1077 2610 1387 2667 praescribet».

244 2680 362 2724 Nune
395 2685 655 2724 transeamus
687 2681 738 2725 ad
772 2680 935 2726 Codicis
969 2684 1042 2725 ius.
1078 2684 1102 2729 ξ
1134 2684 1177 2723 3.
1216 2680 1409 2734 samuel,
1445 2683 1582 2734 utpote
1621 2678 1671 2720 de
1717 2691 1758 2719 re

246 2811 257 2832 ¹
285 2810 382 2844 11-11
408 2822 442 2855 q.
471 2810 652 2844 XXXIX
677 2822 711 2844 a.
743 2812 760 2844 1
789 2822 819 2846 c.
848 2832 890 2836 —
916 2811 930 2833 2
957 2811 1103 2845 Coloss.
1130 2810 1182 2851 ΙΙ,
1210 2810 1265 2844 18.
1305 2831 1345 2833 -
1376 2810 1390 2830 ³
1417 2808 1506 2853 Cap.
1534 2809 1568 2849 2,
1597 2807 1673 2840 Tit.
1706 2805 1758 2847 ΙΙ,

127 2856 214 2892 Lib.
243 2857 276 2891 V
302 2858 343 2892 in
371 2858 423 2891 6⁰.
453 2878 496 2882 --
522 2858 536 2880 4
563 2858 654 2902 Cap.
679 2858 724 2892 36
750 2859 793 2892 in
820 2857 912 2900 fine,
941 2870 1046 2892 caus.
1068 2857 1214 2901 XXIV,
1237 2869 1270 2902 q.
1289 2857 1322 2891 3.
1350 2877 1392 2881 —
1421 2857 1434 2877 1‘
1460 2860 1482 2889 ὅ
1509 2855 1624 2889 Mart.
1656 2854 1757 2891 1625,

128 2904 290 2939 Colleet.
321 2905 357 2941 S.
385 2905 426 2939 G.
456 2905 502 2939 de
529 2905 572 2939 P.
602 2904 644 2939 F.
674 2906 810 2941 n.294.
