1965 3240
172 123 241 157 468
314 122 399 157 LIB.
429 122 500 156 ΙΙΙ.
527 142 539 147 -
566 121 676 157 PARS
702 122 746 158 V.
774 143 786 149 -
812 122 869 158 De
893 123 1016 166 benef.
1045 126 1079 158 et
1105 126 1230 158 instit.
1260 125 1388 162 eccles.
1416 135 1497 159 non
1522 126 1653 170 colley.

175 239 628 297 interpretationibus»
667 240 777 298 (can.
813 241 850 293 6,
886 240 948 298 2⁰)
985 241 1208 284 minuenda
1243 243 1293 285 sit
1326 246 1494 299 propter
1535 242 1614 286 alia
1657 246 1822 286 eorum

174 324 314 355 onera.
1681 308 1683 310 ’

291 382 357 426 Sic
390 382 560 439 explicit
602 394 733 426 canon
755 400 763 426 :
783 402 788 407 ’
809 397 957 441 eosque
995 384 1195 427 «fructus
1227 396 1308 426 non
1342 397 1437 427 suos
1460 399 1480 425 ))
1518 383 1800 427 diversimode

172 444 220 497 ac
254 456 293 496 in
327 457 456 497 const.
491 455 558 496 cit.
593 452 740 496 Leonis
775 452 810 496 X
842 453 881 509 a)
911 452 1102 511 fabricae
1135 453 1353 508 ecclesiae,
1393 469 1414 495 <c
1438 453 1508 498 ubi
1531 458 1715 497 erectum
1740 460 1799 498 est

174 525 422 568 beneficium
446 539 466 565 ›>
507 522 614 580 (can.
651 524 794 579 1418),
829 524 871 581 b)
905 529 979 567 ant
1013 524 1251 567 Senzinario
1284 523 1529 568 dioecesano
1565 523 1724 578 tradat,
1746 524 1799 567 al-

171 597 317 639 terutri
353 608 426 652 pro
459 593 715 638 beneficiarii
749 595 934 639 eiusdem
969 594 1153 644 arbitrio,
1189 595 1230 651 c)
1265 595 1389 638 celin
1410 608 1619 653 pauperes
1642 601 1798 652 eroyet,

171 679 251 709 nou
284 679 404 709 secus
436 678 484 709 ac
516 670 716 709 statuerat
749 664 829 709 Leo
865 665 899 708 X
922 668 961 708 in
987 665 1118 709 Later.
1144 664 1268 710 Conc.
1293 665 1406 710 Haec
1429 666 1595 709 traditio
1620 665 1684 709 vel
1708 679 1797 709 ero-

171 739 281 794 gatio
314 736 381 780 hic
414 738 538 792 iussa,
571 749 666 780 cum
700 738 752 779 sit
784 736 1005 793 applicatio
1048 738 1105 779 rei
1142 750 1220 779 non
1258 749 1357 780 suae
1389 736 1460 780 sed
1495 736 1799 780 ecclesiasticae

171 807 358 851 sactenda
390 811 451 850 est
481 811 641 863 sponte,
676 820 755 849 non
788 811 1027 864 exspectato
1070 820 1335 864 quocumque
1378 800 1635 851 auctoritatis
1672 809 1795 850 inter-

174 882 298 922 ventu
341 879 464 921 etiam
508 876 708 933 simplicis
756 876 1049 921 declarationis
1097 878 1208 922 facti.
1253 877 1312 921 Ac
1356 878 1524 921 demum
1574 879 1795 920 memorari

170 953 331 1005 oportet
375 953 519 1005 prop.m
562 947 701 991 damn.
735 947 788 992 33
815 948 856 991 1;
896 947 1158 991 «Restitutio
1203 949 1412 991 fructuum
1446 947 1498 991 ob
1531 949 1793 991 omissionem

170 1019 376 1063 Horarum
410 1018 592 1075 suppleri
628 1022 761 1074 potest
793 1032 866 1075 per
898 1031 1184 1076 quascumque
1217 1018 1517 1074 eleemosynas,
1551 1030 1654 1076 quas
1676 1022 1794 1061 antea

170 1090 459 1134 beneficiamus
491 1090 542 1132 de
575 1088 779 1132 fructibus
811 1091 872 1132 sui
909 1089 1097 1133 beneficii
1133 1091 1276 1133 fecerit
1300 1105 1339 1131 ».

285 1161 382 1204 381.
417 1162 670 1218 Speciales
704 1162 834 1206 circa
866 1163 1030 1207 dotem
1065 1163 1397 1218 obligationes
1432 1159 1678 1217 praescribit
1701 1174 1792 1205 can.

166 1234 297 1275 1476.
332 1232 360 1290 g
393 1234 427 1274 1.
464 1230 768 1287 Beneficiarias
802 1233 840 1274 in
874 1245 997 1275 sensu
1032 1233 1312 1288 inscriptionis
1342 1230 1496 1288 Capitis
1518 1230 1623 1274 bona
1646 1233 1791 1274 immo-

165 1302 276 1358 bilia,
312 1302 375 1346 his
407 1305 689 1360 aequiparata,
723 1315 851 1360 seque
886 1305 1111 1357 moventia,
1136 1302 1192 1345 ad
1213 1316 1333 1345 suain
1356 1301 1794 1359 beneficiam‚11tiei11s

166 1374 320 1427 dotem,
354 1373 636 1432 pertinentia,
661 1378 706 1416 ic!
728 1372 915 1429 beneficii
938 1374 1124 1417 eiusdem
1149 1379 1321 1416 carator
1345 1375 1385 1416 vi
1408 1385 1612 1417 canonum
1647 1375 1794 1416 consti-

165 1449 290 1499 tutus,
325 1450 366 1488 et
398 1444 494 1488 hinc
527 1458 623 1488 cum
657 1444 780 1488 huius
813 1457 862 1487 ex
898 1447 1052 1487 iustitia
1086 1443 1409 1501 obligationibus
1441 1457 1489 1488 ac
1511 1443 1685 1498 iuribus,
1719 1443 1791 1487 ad-

164 1515 413 1558 ministrare
445 1513 560 1558 debe!
593 1519 789 1571 tanquam
824 1513 956 1558 bonus
990 1514 1295 1571 paterfamilias,
1330 1514 1399 1558 sed
1435 1513 1490 1557 ad
1513 1527 1702 1557 normani
1727 1513 1788 1556 ia-

163 1586 239 1640 ris,
274 1590 361 1629 tum
395 1588 598 1640 canonici,
632 1585 742 1642 quod
786 1585 862 1628 sub
905 1585 985 1628 tlt.⁰
1031 1584 1197 1628 XXVIII
1241 1585 1363 1628 huius
1400 1584 1510 1628 Libri
1544 1586 1792 1637 continetur,

165 1661 251 1699 tum
284 1655 421 1700 civilis
454 1669 620 1714 quoque
653 1656 702 1699 ad
738 1660 975 1699 contractus
1017 1644 1126 1713 quod
1161 1657 1306 1699 attinet
1349 1658 1461 1699 iuxta
1496 1667 1674 1699 canones
1715 1655 1790 1698 tit.i

166 1726 300 1770 XXIX
335 1726 522 1770 eiusdem
556 1726 680 1770 Libri.

278 1797 591 1841 Accidentalcm
625 1796 919 1853 obligationem
944 1811 995 1840 ex
1017 1797 1045 1855 ξ
1070 1798 1112 1840 10
1137 1798 1412 1854 profluentem
1446 1797 1666 1840 confirmat
1686 1796 1714 1854 ξ
1743 1798 1786 1839 ξ).

162 1867 207 1911 Si
239 1867 470 1925 neyliyens,
504 1868 672 1925 quando
706 1881 856 1925 nempe
889 1868 1047 1911 directa
1081 1868 1257 1911 nocendi
1294 1867 1483 1911 voluntas
1501 1867 1629 1916 deest,
1654 1866 1789 1910 aliove

160 1938 279 1982 inodo
312 1952 561 1996 semperque
594 1939 638 1981 in
672 1938 796 1996 calpa
832 1939 974 1983 morali
1009 1940 1203 1997 equidem
1245 1941 1365 1995 gravi
1398 1937 1545 1996 suerit,
1579 1938 1701 1981 sicuti
1736 1950 1784 1981 ex

161 2011 251 2052 iure
295 2009 474 2052 naturali
522 2012 681 2053 ratione
725 2010 934 2053 cui-atelae
960 1999 1008 2067 a)
1043 2009 1212 2065 damna,
1251 2022 1357 2067 quae
1390 2009 1485 2052 inde
1528 2008 1788 2052 obvenerunt

157 2080 369 2123 resarcire
402 2094 451 2124 ex
487 2082 665 2137 propriis
698 2080 890 2137 beneficio
924 2080 1108 2124 scilicet:
1134 2083 1222 2124 eius
1260 2081 1458 2124 dotationi
1501 2078 1631 2134 debet,
1664 2083 1788 2136 atque

161 2151 201 2205 b)
235 2150 290 2194 ad
322 2165 371 2194 ea
405 2150 729 2208 compensanda,
762 2164 833 2194 seu
868 2152 917 2194 ad
953 2151 1208 2208 praedictam
1243 2150 1551 2207 adimplendam
1576 2149 1788 2206 obligatio-

159 2235 266 2277 nem,
312 2221 360 2264 ab
408 2221 641 2265 Ordinario
686 2221 767 2265 loci
808 2229 915 2273 (can.
958 2223 1057 2277 198,
1089 2222 1116 2280 ἓ
1149 2222 1191 2279 2)
1228 2220 1535 2280 compellendus
1568 2225 1641 2271 est,
1675 2220 1783 2278 quod

161 2291 333 2336 verbum
371 2305 545 2348 poenam
580 2306 669 2336 esse
702 2291 983 2336 adhibendam
1020 2295 1386 2350 innuIt,quantum
1411 2305 1513 2348 opus
1530 2290 1784 2335 sit.Subiun-

157 2365 267 2419 gttur
301 2363 601 2406 determinatae
636 2375 793 2420 poenae
827 2363 963 2406 locum
1008 2377 1111 2418 esse,
1155 2363 1254 2407 dum
1293 2365 1349 2406 ait
1382 2375 1542 2406 canon:
1576 2367 1628 2413 et,
1661 2361 1699 2404 si
1731 2361 1786 2404 sit

152 2432 379 2491 parochus,
418 2433 482 2476 vel
516 2435 586 2490 qui
624 2450 646 2475 α
665 2433 857 2490 parochis
899 2436 1238 2492 aequiparatur»
1288 2447 1338 2476 ex
1373 2445 1462 2477 can.
1498 2432 1596 2487 451,
1629 2434 1653 2486 ἓ
1688 2432 1724 2484 ⁶2,
1759 2445 1783 2474 a

152 2504 353 2560 paroecia
388 2504 575 2547 amoveri
603 2504 775 2562 polerit,
811 2504 962 2562 quibus
996 2504 1135 2548 verbis
1169 2508 1425 2547 memoratur
1442 2515 1566 2547 causa
1589 2493 1782 2559 expressa

153 2572 230 2617 sub
263 2575 322 2616 tit.
358 2572 508 2616 XXVII
542 2572 678 2631 quoad
715 2573 942 2630 parochum
979 2565 1292 2618 inamovibilem
1328 2577 1367 2616 et
1400 2571 1568 2616 XXVIII
1590 2572 1641 2615 de
1666 2583 1783 2628 paro-

153 2643 231 2686 cho
264 2644 493 2697 amOVIbili,
529 2644 584 2687 acl
616 2658 810 2688 normam
843 2658 932 2687 can.
967 2647 1087 2688 2147
1131 2643 1208 2688 sub
1241 2657 1278 2687 n.
1321 2644 1364 2686 50
1397 2648 1436 2686 et
1468 2656 1577 2700 seqq.
1614 2645 1651 2685 in
1686 2641 1782 2685 alte-

157 2718 269 2757 rutro
303 2714 421 2758 titulo
454 2717 593 2759 citato.

275 2868 283 2888 ¹
314 2866 404 2901 Dec.
432 2866 468 2901 S.
497 2865 636 2901 Officii.
668 2867 711 2900 18
737 2865 874 2900 Martii
902 2866 1004 2899 1666.
1034 2865 1270 2910 Denzinger.
1297 2876 1335 2898 n.
1367 2864 1467 2899 1133.
