1965 3240
592 163 677 197 Ti'r.
705 162 856 197 XXIX.
888 182 900 187 -
927 161 985 197 De
1009 162 1273 196 contractibus
1676 160 1745 195 563

120 287 249 340 ipsam
286 288 330 326 ut
363 287 503 332 antea,
536 295 607 325 seu
645 283 814 338 praevie
847 280 897 323 ad
923 279 1130 322 licentiam
1156 284 1194 322 et
1220 279 1490 336 requirendos
1523 292 1748 322 consensus

121 357 233 398 iuxta
267 356 335 397 cit.
369 366 587 408 canonem,
621 366 670 395 ne
708 364 810 394 vane
851 352 1129 407 requirantur,
1163 363 1316 401 omnes,
1359 364 1534 407 quoram
1573 350 1748 392 interest

121 428 233 469 iuxta
256 424 550 480 obligationem
576 437 624 467 ex
652 422 874 479 praedietis
899 420 1181 464 contractibus
1203 427 1488 478 sequuturam,
1514 420 1750 463 audiantur

119 497 170 541 ad
200 497 548 549 informationem,
584 496 776 551 quamvis
810 492 911 536 haec
946 492 1101 534 auditio
1136 505 1213 534 non
1241 494 1444 548 pertineat
1482 492 1574 534 «ad
1614 491 1749 534 valide

121 567 374 623 agendum»
413 579 460 608 ex
499 569 613 621 parte
645 565 880 620 Superioris
911 563 1139 606 secundum
1175 569 1283 605 can.⁸
1319 563 1399 605 1025
1433 567 1687 617 contextum,
1710 567 1748 604 et

121 637 165 694 h)
198 642 313 680 earet
347 637 572 680 ellicaciter
614 635 683 679 scd
729 635 849 678 modo
882 633 957 678 sibi
994 633 1207 685 beneviso,
1243 639 1286 676 at
1320 648 1407 675 eam
1441 634 1624 691 primam
1658 633 1751 689 fieri

118 707 276 766 poterit
309 707 362 751 ob
394 707 595 751 ecclesiae
629 707 976 759 circumstantias,
1010 718 1081 746 aes
1115 704 1301 747 alienum
1335 707 1372 747 in
1398 704 1583 762 quolibet
1606 719 1654 747 ex
1681 706 1749 747 tri—

123 778 197 822 bus
230 777 512 822 contractibus
534 776 801 820 subauditum
826 775 1029 828 solvatur,
1054 776 1183 818 idest:
1220 775 1417 830 obligatio
1441 789 1489 818 ex
1515 776 1636 819 (lictis
1654 789 1749 818 con-

123 849 321 893 tractibus
355 850 479 891 tinem
515 847 678 892 habeat.

239 920 267 978 ξ
298 922 328 962 2
362 920 487 962 refert
509 931 673 975 quoque
692 920 857 961 citatam
879 916 1209 971 lnstructionem,
1231 916 1373 959 dicens
1393 933 1400 960 :
1426 915 1515 958 Hac
1537 915 1587 959 (le
1610 931 1752 968 eausa,

126 1004 302 1047 nempe:
343 1005 362 1030 ((
389 994 431 1032 ut
465 989 649 1033 debitum
687 988 784 1031 illud
820 989 1127 1044 quamprimum
1174 986 1348 1030 ecclesia
1384 989 1467 1042 ipsa
1513 987 1755 1042 dimittat»,

124 1047 291 1104 aniz-uae
322 1066 447 1103 ratae
479 1063 588 1103 circa
624 1060 921 1102 determinatos
953 1058 1138 1101 eiusdem
1177 1058 1361 1101 redditus
1398 1064 1519 1101 erunt
1541 1061 1753 1115 assignan-

123 1133 214 1185 dae,
251 1132 381 1175 idest:
417 1130 465 1173 ab
499 1130 639 1174 eodem
691 1129 939 1184 arramato,
973 1131 1041 1186 qui
1079 1131 1115 1171 in
1154 1128 1199 1186 ξ’
1238 1128 1279 1170 10
1312 1129 1447 1172 dictus
1480 1134 1541 1172 est
1578 1145 1597 1170 «
1623 1129 1753 1186 legiti-

125 1217 216 1246 mus
249 1204 446 1259 Superior
469 1218 509 1257 »,
542 1201 859 1259 praefinirmtm·
901 1203 1009 1243 circa
1045 1212 1188 1242 earnm
1224 1203 1512 1256 quantitatem,
1544 1214 1653 1258 (lime
1685 1215 1753 1243 etr-

124 1273 377 1331 stinyaemlo
412 1272 548 1316 debito
586 1272 689 1315 ultra
725 1274 813 1314 eius
838 1274 1035 1314 interesse
1069 1270 1153 1313 siat
1186 1270 1436 1313 destinatae.
1461 1274 1544 1314 Hae
1570 1272 1755 1327 proinde,

125 1350 167 1388 ut
187 1345 412 1402 prudenter
430 1346 571 1387 statuit
591 1344 809 1386 instructio
831 1343 1054 1399 praedicta,
1095 1358 1113 1382 (<
1138 1341 1312 1398 singulis
1332 1341 1492 1385 vicibus
1516 1341 1591 1399 (uti
1610 1355 1754 1386 norma

124 1417 347 1472 directix‘a)
382 1420 501 1459 erunt
536 1414 807 1471 deponendae
842 1416 878 1456 in
904 1426 1026 1469 capsa
1067 1412 1247 1469 publica,
1285 1413 1346 1456 vel
1384 1427 1508 1469 penes
1541 1413 1754 1457 honestam

124 1492 247 1545 atque
281 1487 471 1529 idoneam
509 1498 742 1542 personam,
778 1490 820 1527 ut
852 1498 925 1527 suo
960 1489 1147 1540 tempore
1182 1486 1369 1527 investiri
1405 1486 1619 1540 possint».

242 1556 456 1610 Quaeres:
490 1571 539 1599 an
577 1556 698 1599 huius
732 1558 903 1599 canonis
940 1557 1240 1612 praescriptum
1281 1557 1418 1611 vigeat
1456 1569 1573 1611 «pro
1607 1555 1757 1599 debitis

124 1628 463 1672 contrahendis»
505 1641 574 1683 per
608 1626 867 1682 religiones?
902 1626 1020 1682 Resp.
1058 1629 1253 1682 negative
1288 1627 1325 1668 in
1363 1628 1499 1682 rigore
1523 1628 1636 1677 iuris,
1660 1628 1756 1683 quia

124 1712 173 1742 ex
209 1701 332 1741 citato
366 1712 457 1742 can.
496 1698 604 1740 1532
640 1701 798 1740 eruitur
833 1702 1000 1753 propter
1035 1696 1155 1739 huius
1190 1699 1571 1753 interpretationem
1606 1699 1671 1753 agi
1706 1697 1756 1740 de

126 1769 310 1812 Praelato
344 1769 442 1812 cleri
478 1768 718 1819 saecularis,
743 1773 782 1811 et
807 1772 969 1824 praeter
993 1767 1070 1811 hoc
1094 1768 1183 1811 can.
1211 1767 1291 1810 534
1317 1772 1501 1811 statuens
1539 1783 1561 1809 «
1584 1769 1636 1811 de
1659 1781 1756 1811 con-

124 1840 336 1884 trahendis
370 1840 520 1884 debitis
554 1845 592 1883 et
626 1838 994 1895 obligationibus»
1035 1852 1106 1895 per
1135 1838 1350 1895 religiosos
1383 1839 1482 1881 nihil
1518 1839 1652 1882 simile
1686 1838 1755 1882 ha-

125 1911 204 1956 bet.
240 1912 432 1955 Attamen
468 1923 611 1953 norma
648 1911 771 1953 huius
804 1912 974 1953 canonis
1010 1909 1123 1952 1538
1158 1915 1201 1952 nt
1235 1910 1439 1954 directiva
1464 1910 1757 1966 Superioribus

126 1981 329 2038 religiosis
362 1981 614 2025 consulenda
650 1983 740 2024 erit.

244 2053 339 2095 455.
376 2054 450 2098 De
483 2054 767 2098 venditione
799 2052 859 2099 ac
892 2055 1254 2109 permutatione
1273 2053 1354 2095 duo
1378 2057 1470 2095 sunt
1495 2052 1758 2096 Collectionis

124 2122 406 2179 Gregorianae
452 2122 593 2175 Tituli,
636 2122 820 2166 scilicet:
867 2122 977 2166 XVll
1016 2124 1111 2166 «de
1155 2126 1363 2179 emptione
1398 2129 1437 2166 et
1473 2124 1753 2167 venditione»

125 2199 247 2251 atque
284 2193 374 2237 XlX
416 2210 437 2235 a
462 2194 513 2237 de
548 2207 684 2236 rernm
722 2196 1025 2249 permutatione
1049 2210 1088 2238 )>.
1125 2194 1195 2237 llle
1227 2198 1465 2237 contractus
1488 2199 1547 2238 est
1566 2194 1759 2237 alienatio

125 2266 290 2320 proprie
314 2265 439 2319 dicta,
475 2276 597 2321 quam
634 2264 819 2320 dirigunt
851 2277 941 2308 can.
979 2264 1238 2308 isan-1532.
1277 2265 1528 2307 Permutatio
1555 2278 1654 2307 vero
1676 2277 1755 2307 non

125 2333 343 2378 subiicitur
376 2336 452 2389 eis,
487 2337 561 2378 nisi
582 2347 680 2378 casu
714 2348 795 2392 quo
834 2350 854 2376 c(
878 2336 1059 2378 conditio
1092 2335 1303 2379 Ecclesiae
1338 2337 1453 2392 peior
1477 2337 1564 2378 lieri
1590 2338 1754 2392 possit»

124 2405 173 2448 ad
209 2418 395 2448 normam
436 2418 528 2450 can.
565 2405 692 2450 1533.
728 2405 786 2449 De
820 2410 996 2463 utroque
1029 2406 1150 2449 simul
1186 2411 1400 2449 contractu
1439 2409 1549 2463 viget
1572 2406 1758 2463 speciali-

124 2481 185 2519 ter
218 2490 309 2521 can.
345 2478 482 2520 1539.
507 2502 564 2507 —-
588 2479 612 2531 ξ
636 2479 657 2519 1
706 2476 754 2520 In
787 2476 1040 2533 venditione,
1064 2491 1134 2520 seu
1161 2481 1389 2525 contractu,
1429 2491 1510 2534 quo
1549 2492 1568 2517 (c
1594 2491 1657 2520 res
1690 2477 1758 2520 da-

124 2550 190 2589 tur
224 2551 393 2602 propter
416 2546 528 2590 illius
554 2547 738 2590 valorem
765 2549 803 2589 in
829 2550 1004 2603 pecunia
1029 2551 1240 2603 receptum
1266 2562 1286 2587 ))
1311 2565 1320 2596 ;
1355 2552 1429 2589 aut
1449 2546 1762 2604 permutatione

126 2616 258 2660 idest:
291 2622 521 2669 contractu,
547 2631 628 2674 quo
667 2633 688 2658 «
713 2631 778 2660 res
801 2617 923 2660 datur
946 2622 1112 2674 propter
1135 2617 1258 2660 aliam
1284 2631 1369 2660 rem
1395 2618 1579 2660 eiusdem
1609 2617 1759 2659 valoris

127 2692 339 2743 receptam
365 2703 386 2728 ))
428 2687 491 2731 vel
526 2687 757 2744 supplendo
783 2687 936 2731 valoris
959 2688 1236 2731 differentiam
1263 2686 1452 2744 pecunia,
1476 2690 1564 2730 sive
1589 2687 1643 2729 illi
1669 2700 1760 2730 con-

125 2763 283 2802 tractus
317 2758 422 2801 fiant
457 2760 562 2801 inter
596 2770 794 2815 personas
827 2758 1004 2802 morales
1035 2760 1073 2801 in
1109 2758 1308 2809 Ecclesia,
1343 2763 1411 2801 aut
1438 2761 1542 2801 inter
1566 2770 1762 2814 personas

126 2829 336 2886 physicas,
368 2830 459 2871 sive
496 2842 561 2871 res
596 2842 668 2885 per
702 2827 804 2871 tales
836 2833 1072 2872 contractus
1104 2829 1265 2872 desinat
1287 2833 1357 2871 aut
1381 2841 1402 2871 e
1425 2833 1566 2871 contra
1592 2829 1759 2884 incipiat

123 2914 211 2945 esse
245 2898 399 2943 bonum
433 2899 779 2954 ecclesiasticum,
814 2901 909 2956 quia
944 2899 1149 2955 generalis
1183 2904 1243 2942 est
1283 2898 1502 2952 prohibitio
1536 2903 1574 2942 et
1613 2898 1757 2941 sunda-
