1965 3240
162 122 232 155 292
423 121 504 156 LIB.
531 121 603 155 III.
633 141 644 147 -
673 121 783 155 PARS
809 121 876 156 IV.
905 142 917 147 -
943 121 1000 157 De
1025 124 1251 166 mayz’sterio
1276 123 1530 157 ecclesiastico

160 243 313 297 cogniti
347 254 396 284 ex
431 253 521 285 cau.
573 241 693 295 1354,
725 241 754 299 g
787 241 826 296 3,
859 245 901 294 a)
932 241 1119 299 reyimen
1162 241 1416 294 universam,
1454 241 1589 299 quoad
1624 254 1787 298 praece-

159 311 297 354 dentia
331 315 371 354 et
403 323 509 368 quae
544 313 581 354 in
616 317 718 369 seq.s
751 310 978 355 canonibus
1012 310 1366 367 praescribuntur,
1402 313 1554 368 pariter
1585 316 1624 354 el
1657 310 1786 354 admi-

155 381 358 424 nistratio
391 382 680 438 temporalium
716 381 920 426 bonorum
953 381 1119 439 regitur
1149 381 1309 424 normis
1341 396 1367 424 a
1391 383 1551 425 Sancta
1576 381 1680 425 Sede
1696 384 1785 426 sive

157 454 195 495 in
230 465 383 509 genere
415 455 504 496 sive
539 466 611 510 pro
644 452 823 509 singulis*
851 454 1068 496 occasione
1112 454 1416 496 constitutionis
1448 452 1667 496 Seminarii
1700 458 1784 496 sta-

159 523 273 568 tutis,
524 554 526 557 v

275 595 373 640 240.
409 597 590 642 Officia
622 598 668 641 in
704 598 991 642 Seminariis
1036 600 1303 639 recensentur
1336 597 1374 638 in
1411 609 1500 638 can.
1537 596 1668 639 1358.
1708 593 1784 638 Cu-

156 665 339 709 randum
371 666 564 724 equidem
599 666 650 710 ab
684 666 886 723 Episcopo
922 666 985 709 vel
1019 668 1264 710 auctoritate
1287 666 1523 723 Apostolica
1548 671 1593 708 at
1620 665 1662 709 iii
1687 679 1784 723 quo-

157 736 540 794 libetSemiaario,
574 738 820 781 dioecesano
853 739 942 780 sive
966 739 1114 779 minori
1139 739 1228 780 sive
1248 739 1407 791 maiori,
1430 737 1785 780 interdioecesano

157 811 196 850 et
231 806 448 863 regionali,
480 806 623 850 adsint
656 812 694 861 a)
727 812 866 850 rector
896 820 973 865 pro
996 805 1241 864 disciplina,
1259 809 1329 864 qui
1369 810 1468 849 «est
1491 806 1688 863 Superior
1710 807 1784 848 im-

158 877 361 921 mediatus
394 879 626 931 seminarii,
662 880 848 921 omnium
883 880 1054 934 primus,
1081 880 1136 921 uti
1160 879 1409 934 exprimitur
1431 878 1469 921 S.
1495 876 1665 921 Carolus
1691 876 1784 920 Bor-

159 961 349 992 romaeus
372 964 392 989 ))
422 948 450 1005 ²,
485 948 526 1006 b>
557 948 755 1006 mayistri
769 962 847 1007 pro
865 948 1157 1003 instructione,
1177 961 1353 1006 quorum
1398 964 1418 989 ‹<
1441 947 1698 1004 singulorum
1724 949 1781 990 of-

156 1020 296 1063 ficium
315 1024 375 1062 est
398 1019 579 1076 dirigere
603 1023 887 1076 competenter
905 1032 952 1063 ac
975 1033 1024 1062 ex
1051 1021 1303 1062 conscientia
1326 1018 1552 1076 discipulos
1575 1021 1613 1061 in
1639 1020 1779 1074 cogni-

153 1093 263 1134 tione
297 1090 538 1147 disciplinae
571 1090 889 1145 ecclesiasticae,
914 1103 1039 1148 quam
1066 1092 1348 1148 unusquisque
1371 1090 1522 1133 docere
1545 1089 1682 1144 debet,
1702 1102 1783 1132 me-

156 1174 244 1204 mor
262 1161 372 1205 illius
394 1164 640 1205 axiomatis:
678 1163 835 1218 primus
853 1161 1039 1205 discendi
1058 1161 1194 1216 ardor,
1214 1160 1407 1205 nobilitas
1425 1165 1486 1204 est
1504 1162 1688 1217 magistri
1709 1176 1728 1201 ))
1752 1159 1782 1213 ²,

153 1234 189 1287 c)
223 1245 467 1275 oeconomus
495 1246 576 1290 pro
610 1231 801 1275 curanda
832 1245 879 1274 fre
910 1230 1127 1289 familiari
1158 1236 1198 1275 et
1235 1231 1482 1274 «materiali
1516 1235 1623 1274 statu
1656 1231 1782 1274 Semi-

152 1305 254 1346 narii
279 1319 299 1345 ))
328 1302 343 1324 ³
392 1316 417 1345 a
449 1301 625 1346 Hectore
656 1302 896 1359 distinctas,
930 1301 973 1359 d)
1007 1301 1089 1345 duo
1123 1301 1273 1345 saltem
1312 1300 1564 1360 confessarii
1607 1300 1778 1344 ordina-

151 1373 226 1428 rii,
256 1386 305 1417 eo
337 1373 447 1431 quod
490 1373 664 1430 siugulis
706 1373 1038 1417 hebdomadibus
1072 1372 1137 1416 vel
1171 1372 1340 1416 alternis
1372 1372 1572 1416 accedere
1604 1371 1782 1415 debeant

152 1457 201 1488 ex
235 1444 370 1488 officio
403 1444 453 1488 ad
487 1445 768 1488 confessiones
799 1444 1063 1487 alumnorum
1087 1443 1330 1498 audiendas,
1353 1443 1533 1486 distincti
1554 1442 1725 1499 proinde
1758 1454 1778 1485 a

151 1516 373 1572 Superiore
405 1514 638 1564 Seminarii,
672 1517 737 1558 cui
766 1517 936 1558 vetitum
962 1519 1022 1558 est
1044 1514 1149 1565 (can.
1176 1513 1307 1571 890:
1348 1529 1369 1555 ((
1392 1514 1668 1557 confessiones
1691 1526 1781 1556 suo-

152 1599 245 1629 rum
277 1585 542 1629 alumnorum
576 1587 613 1628 in
658 1585 804 1629 eadem
847 1586 970 1629 domo
1013 1587 1358 1629 commorantium
1400 1597 1450 1627 ne
1489 1584 1670 1633 audiant,
1701 1585 1779 1626 nisi

150 1656 305 1700 alumni
339 1663 391 1700 ex
425 1658 545 1713 gravi
579 1661 618 1699 et
655 1658 817 1711 urgenti
851 1668 974 1700 causa
1009 1658 1048 1698 in
1083 1655 1248 1699 casibus
1282 1654 1602 1712 particularibus
1634 1658 1778 1710 sponte

151 1727 191 1771 id
227 1731 426 1784 petant»,
462 1729 498 1781 e)
530 1732 569 1769 et
601 1726 787 1770 dii-ector
818 1726 1011 1784 spiritus,
1051 1728 1154 1770 «cui
1178 1726 1415 1770 concredita
1440 1730 1500 1768 est
1522 1737 1622 1769 cura
1647 1725 1780 1781 profe-

150 1803 240 1843 ctus
282 1797 508 1855 spiritualis
550 1797 813 1841 alumnorum
847 1798 897 1841 ad
931 1797 1240 1854 praeparandos
1273 1811 1343 1840 eos
1381 1799 1491 1840 vitae
1533 1795 1778 1840 sacerdotali

152 1870 358 1926 perfectae
381 1885 401 1911 J)
431 1869 459 1914 4.
998 1880 1001 1881 ’

272 1939 424 1985 «Cura
457 1942 654 1998 precipua
687 1939 752 1983 del
789 1939 993 1983 Direttore
1028 1939 1068 1982 di
1101 1941 1246 1996 spirito
1278 1941 1337 1982 sia
1371 1937 1633 1982 d’infondere
1655 1950 1677 1980 e
1700 1936 1778 1981 col·

149 2013 283 2054 tivare
317 2011 426 2068 negli
458 2011 598 2054 alunni
634 2023 711 2054 con
744 2010 782 2054 la
817 2012 1030 2067 maggiore
1062 2010 1230 2053 sodezza
1262 2008 1400 2067 quella
1444 2008 1553 2065 pieta
1586 2007 1623 2051 la
1657 2006 1777 2065 quale

148 2081 170 2125 e
204 2095 276 2138 per
309 2084 401 2125 tutti
435 2081 622 2137 seconda,
658 2094 723 2124 ma
754 2081 1051 2138 specialmente
1085 2080 1150 2138 pel
1184 2079 1316 2135 Clero,
1342 2080 1382 2124 di
1406 2078 1540 2123 utilita
1573 2079 1778 2122 inestima-

147 2152 232 2198 bili.
266 2153 430 2208 Quanto
465 2151 533 2209 piu
567 2152 602 2196 la
639 2151 746 2209 pieta
779 2151 881 2196 avra
915 2165 1048 2195 messo
1081 2151 1211 2195 radici
1256 2150 1456 2208 profonde
1491 2152 1555 2193 uei
1588 2149 1775 2204 chierici,

149 2228 259 2267 tanto
294 2223 444 2280 meglio
477 2236 654 2266 saranno
688 2224 880 2279 temprati
914 2235 936 2266 a
969 2221 1063 2280 quel
1099 2222 1202 2265 sorte
1225 2223 1369 2278 spirito
1394 2221 1433 2265 di
1461 2220 1681 2275 sacrificio,
1699 2218 1776 2263 che

147 2296 168 2338 e
202 2294 237 2338 al
273 2299 375 2338 tutto
410 2295 642 2338 necessario
677 2307 749 2350 per
781 2293 913 2337 zelare
947 2293 983 2337 la
1017 2292 1148 2350 gloria
1181 2292 1324 2336 divina
1357 2305 1379 2335 e
1403 2291 1439 2335 la
1463 2291 1646 2335 salvezza
1668 2289 1775 2333 delle

149 2368 286 2409 anime
309 2381 329 2407 ))
353 2365 383 2409 ⁵.
641 2365 643 2367 ’

266 2437 364 2480 241.
398 2438 593 2494 Duplex
627 2439 797 2482 coetus
817 2438 1165 2493 deputatorum
1189 2449 1279 2492 pro
1303 2435 1575 2481 Seminario
1594 2432 1623 2477 ⁶.
1654 2449 1673 2473 <(
1692 2432 1772 2476 Du-

146 2507 240 2564 plex
274 2508 312 2551 S.
347 2506 539 2564 Synodus
572 2505 687 2550 iubet
719 2506 863 2549 adesse
896 2505 1114 2549 consilium
1140 2508 1177 2548 in
1202 2505 1443 2549 Seminariis
1476 2504 1775 2547 constituendis

145 2582 185 2621 et
219 2577 426 2634 regendis,
458 2577 633 2621 alterum
670 2590 742 2633 pro
777 2589 820 2620 re
854 2575 1324 2633 disciplinari,alterum
1360 2588 1432 2632 pro
1467 2574 1683 2631 temporali
1708 2574 1775 2618 ad·

261 2730 271 2751 ¹
299 2729 443 2763 Norme
477 2729 545 2763 cit.
583 2729 669 2762 Art.
706 2729 764 2762 25.
796 2749 837 2752 —
868 2728 882 2750 2
908 2728 1049 2762 Norme
1084 2728 1153 2764 cit.
1188 2727 1275 2761 Art.
1312 2727 1369 2761 66.
1408 2747 1450 2752 —-
1484 2727 1498 2749 3
1534 2726 1676 2760 Norme
1703 2725 1771 2759 cit.

143 2776 230 2811 Art.
259 2776 316 2810 71.
346 2797 379 2801 —›
415 2778 429 2798 4
452 2776 594 2810 Norme
621 2776 688 2810 cit.
718 2776 805 2809 Art.
826 2776 884 2810 50.
919 2795 956 2800 -
984 2776 997 2797 5
1024 2775 1156 2809 Leone
1183 2774 1296 2815 XIII,
1333 2774 1494 2808 Lentem
1534 2773 1571 2807 ai
1609 2773 1771 2807 vescovi

142 2823 316 2864 d'Italia,
344 2824 366 2857 8
392 2823 478 2858 Dic.
512 2823 613 2857 1902.
657 2843 698 2847 -
737 2823 750 2844 6
782 2823 841 2856 Ex
879 2822 1000 2857 Insbr.
1031 2822 1069 2856 S.
1099 2822 1139 2856 C.
1171 2822 1211 2856 C.
1241 2821 1289 2855 ad
1315 2821 1443 2866 Episc.
1471 2821 1602 2855 Amer.
1636 2819 1773 2854 Merid.

147 2872 190 2905 15
219 2871 310 2905 Maii
339 2871 442 2905 1897.
