1965 3240
0 249 10 343 ἱ

0 422 11 764 t

622 166 706 199 Trr.
735 164 848 198 XHI.
878 184 889 189 -
917 164 974 199 De
998 165 1132 199 diebus
1160 164 1271 207 festis
1692 165 1757 198 12ss

133 285 446 343 facilioremque
480 299 552 342 per
584 285 843 340 expeditiora
878 286 1022 328 itinera
1057 283 1213 327 aditum
1249 283 1297 326 ad
1334 288 1402 326 eas
1436 286 1620 326 tuitiones
1660 296 1756 326 nan—

129 359 355 411 ciscuntur,
389 355 540 413 quibus
589 357 724 399 minor
761 360 821 398 est
871 355 1140 398 festivitatum
1174 354 1225 397 de
1277 359 1495 409 praecepto
1546 368 1754 397 nuinorus.

130 427 262 471 Aucta
297 430 418 470 etiam
444 429 709 474 commercia,
735 430 773 469 et
797 428 946 469 citatae
976 427 1236 481 negotiorum
1263 428 1528 467 tractationes
1565 425 1756 467 xidentur

129 512 179 542 ex
216 501 455 554 interposita
489 500 765 556 frequentium
791 498 986 540 festorum
1012 497 1175 539 dierum
1211 510 1323 538 mora
1349 496 1504 553 aliquid
1543 498 1636 551 pati.
1662 498 1756 538 Sin·-

129 583 320 613 crescsus
353 570 532 627 denique
567 572 605 612 in
640 569 728 612 dies
763 581 899 613 rerum
935 567 984 611 ad
1024 569 1150 609 sitam
1196 569 1522 609 necessariarum
1576 568 1752 620 pretinm

128 640 316 684 stimulos
348 640 475 689 addit,
521 653 570 683 ne
616 642 781 697 saepius
827 638 995 682 servilia
1030 650 1155 694 opera
1204 637 1255 680 ab
1305 637 1382 679 illis
1432 639 1755 680 intermittantur

129 710 279 768 quibus
312 716 372 754 est
409 713 541 754 victus
575 710 714 754 labore
746 709 1053 766 comparandus
1085 725 1124 753 )).

247 781 305 825 Ex
341 782 417 825 hoc
451 781 560 825 Motu
596 783 763 838 proprio
795 781 1012 825 derivatus
1045 785 1105 823 est
1137 794 1226 821 ran.
1255 781 1385 822 1247.
1410 780 1438 837 ξ
1465 781 1495 821 I.
1524 778 1618 821 Dies
1652 776 1750 834 [esst

126 852 200 895 sub
230 858 455 910 praerepto
494 868 513 894 ((
548 852 830 896 ecclesiastico
864 867 883 892 ))
925 865 996 908 per
1030 850 1173 894 tideles
1206 850 1426 904 servando,
1461 848 1538 892 sub
1577 847 1753 899 mortali,

63 950 66 951 ν
128 924 239 967 iuxta
274 937 389 980 prop.
423 923 475 968 ab
519 923 756 967 Innocentio
792 921 844 965 Xl
878 922 1140 965 damnatam:
1182 936 1199 961 α
1247 922 1312 964 152.
1353 921 1619 976 Praeceptum
1670 933 1752 961 ser-

129 994 252 1037 vandi
285 995 384 1038 testa
420 1008 497 1038 non
533 994 688 1050 obligat
730 992 807 1036 sub
858 992 1033 1036 mortali.
1082 994 1262 1048 seposito
1310 990 1522 1043 scandalo,
1569 993 1600 1031 si
1650 989 1753 1032 absit

124 1069 390 1122 contemptus
423 1080 463 1108 ».
496 1064 554 1108 llli
594 1080 614 1105 ((
648 1065 736 1108 dies
768 1080 789 1105 J)
830 1064 869 1106 iii
908 1063 1103 1106 universa
1137 1061 1326 1105 Ecclesia
1364 1066 1403 1105 ut
1435 1062 1498 1104 lex
1523 1064 1754 1105 communis

124 1141 222 1178 sunt
256 1140 432 1191 tantum,
481 1139 630 1180 ceteris
673 1149 772 1192 ergo
815 1133 1070 1193 quibuslibet
1103 1133 1313 1189 abrogatis
1361 1135 1483 1176 etiam
1533 1133 1750 1189 particula-

126 1209 230 1250 rium
266 1207 475 1251 locorum:
511 1221 651 1250 omnes
684 1212 723 1249 e!
755 1205 917 1264 sinyuli'
949 1205 1039 1248 dies
1072 1204 1273 1248 (loniz'niei
1305 1207 1362 1248 sic
1386 1204 1579 1260 appellati
1604 1203 1655 1246 ob
1680 1203 1754 1246 Do-

126 1279 224 1320 mini
257 1277 354 1322 Jesu
388 1280 751 1331 resurrectionem,
796 1280 901 1320 intra
935 1291 1039 1334 quos
1084 1275 1496 1332 comprehenduntur
1532 1276 1629 1318 t'csta
1681 1274 1750 1316 Pa-

123 1348 276 1392 schatis
308 1353 348 1392 et
381 1348 657 1403 Pentecostes‚
691 1349 856 1392 SSJiiae
889 1347 1112 1402 Trinitatis
1147 1346 1272 1404 festa,
1307 1348 1489 1403 quinque
1522 1345 1599 1388 alia
1637 1357 1751 1401 prac-

123 1422 243 1476 cipua
262 1419 442 1473 Domini,
466 1434 636 1476 nempe:
662 1419 914 1464 Nam-itatis
939 1419 1012 1476 (⁶25
1036 1418 1168 1475 Dec),
1197 1417 1541 1461 Circumcisionis
1562 1418 1597 1465 <sl
1628 1416 1751 1472 .lan.)‚

121 1489 395 1549 Epiphaniae
428 1491 471 1549 (6
496 1491 620 1548 .lan.)‚
645 1490 914 1534 Aseensiom's
938 1492 1026 1544 (ser.
1056 1489 1083 1532 Υ
1110 1494 1212 1547 post.
1238 1489 1355 1532 Dom.
1378 1488 1427 1531 ΙΥ
1450 1494 1535 1544 post
1562 1487 1713 1531 Pasclia
1729 1489 1756 1543 J),

122 1566 161 1604 el
193 1562 453 1605 sanctissimi
488 1561 690 1620 Corporis
729 1561 890 1604 Clu-»isti
934 1562 1025 1615 (fer.
1065 1560 1094 1603 V
1119 1566 1207 1618 post
1243 1562 1390 1603 festum
1426 1562 1591 1604 §Saitae
1624 1558 1750 1601 Trini-

122 1633 232 1690 tatis)
266 1646 360 1677 cum
395 1634 664 1690 derogatione
698 1632 831 1677 Motus
865 1635 1037 1690 proprii,
1073 1632 1154 1675 duo
1188 1633 1287 1675 festa
1326 1630 1626 1673 lummeulame
1653 1630 1751 1692 (bn-

121 1703 325 1761 ceptionis
357 1705 402 1761 (8
436 1703 554 1761 Dec.)
579 1718 628 1748 ex
663 1703 780 1748 Dec.⁰
812 1703 939 1748 Clem.
977 1703 1027 1746 xi
1068 1719 1087 1744 «
1121 1703 1338 1747 Commissi
1364 1701 1491 1745 Nobis
1527 1718 1544 1741 >³
1577 1703 1586 1723 ¹
1613 1707 1649 1742 e!
1675 1702 1748 1743 As-

120 1775 372 1832 sumpliom's
404 1774 551 1818 Atinae
588 1774 819 1820 Gem'lriri‘s
855 1774 930 1818 Dei
963 1773 1143 1818 Mariae.
1191 1773 1317 1817 veluti
1352 1775 1512 1816 initium
1562 1786 1609 1815 ac
1659 1773 1749 1814 linis

120 1846 306 1890 eiusdem
341 1846 527 1890 mortalis
564 1848 687 1900 vitae,
721 1851 761 1890 et
792 1851 1028 1890 sanctorum
1066 1847 1165 1889 festa
1201 1848 1292 1896 tria,
1344 1844 1563 1887 xntetieet:
1614 1844 1750 1885 sam-ti

118 1915 272 1975 Ioseph
318 1909 408 1960 eius
445 1916 624 1974 Virginis
663 1917 822 1976 sponsi,
857 1921 994 1973 utpote
1019 1916 1190 1974 Patroni
1226 1916 1436 1959 Ecclesiae
1483 1914 1746 1959 Uniwrsalis.

119 1987 229 2045 quod
266 1989 341 2031 tuit
375 1990 608 2031 restitutum
645 1992 734 2044 post
767 1990 834 2031 cit.
870 1986 1023 2031 Motum
1060 1989 1288 2044 proprium,
1326 1985 1548 2029 Remorum
1577 1984 1688 2027 l’elri'
1712 1991 1749 2027 el

123 2057 247 2102 Pauli
283 2063 477 2116 tanquam
533 2048 850 2115 praecipuorum
887 2058 1196 2116 Apostolormn,
1250 2058 1526 2114 Omniumque
1570 2056 1750 2114 ‹leni'qm›

119 2130 383 2173 Scmctormn.

236 2200 524 2258 luterpi·etatio
558 2201 680 2244 huius
712 2201 749 2256 §⁵
783 2207 843 2245 est
876 2201 1112 2246 authentica
1148 2203 1258 2244 iuxta
1293 2200 1469 2244 Dubium
1498 2203 1533 2242 iu
1560 2200 1744 2256 plenario

117 2276 237 2316 coetu
272 2272 353 2315 diei
389 2273 440 2315 17
478 2271 594 2318 Febr.
633 2273 743 2316 1918
775 2270 873 2329 (CO.
909 2272 958 2327 X,
995 2272 1097 2329 170)
1133 2274 1385 2329 propositum
1421 2284 1467 2314 ac
1494 2271 1741 2314 resolutum:

122 2343 310 2387 «Utrum
346 2343 447 2386 festa
481 2356 587 2400 quae
621 2357 700 2387 non
735 2348 1033 2387 enumerantur
1067 2346 1104 2386 in
1140 2356 1228 2387 can.
1260 2343 1380 2397 1247,
1416 2346 1440 2395 ἓ
1464 2343 1502 2393 1,
1528 2345 1612 2398 ipso
1639 2344 1742 2384 tacto

117 2416 288 2471 ipsaque
322 2413 413 2470 lege
446 2414 589 2458 nullibi
625 2417 705 2458 sint
737 2415 915 2471 amplius
948 2415 999 2458 de
1034 2419 1267 2471 praecepto.
1307 2416 1465 2457 etiamsi
1518 2416 1554 2455 in
1605 2413 1739 2469 aliqua

119 2486 297 2536 natione,
331 2485 507 2542 dioecesi
544 2490 614 2528 aut
648 2485 735 2529 loco
769 2490 887 2529 antea
923 2487 1075 2529 fuerint
1108 2486 1158 2528 de
1198 2489 1417 2541 praecepto
1466 2498 1513 2526 ex
1568 2486 1743 2540 pai-tiru-

118 2554 193 2598 lari
227 2554 317 2611 lege
353 2555 417 2598 vel
451 2556 752 2600 consuetudine
786 2558 908 2600 etiam
949 2559 1185 2600 centenaria
1236 2556 1327 2608 loci,
1375 2561 1442 2598 aut
1478 2569 1525 2598 ex
1572 2554 1739 2610 spi-ciali

115 2628 382 2669 concessione
401 2626 576 2670 Sanctae
599 2626 729 2670 Sedis.
753 2653 800 2657 ⁴
828 2626 964 2684 Resp.:
989 2626 1259 2684 Affirmatz're,
1294 2629 1346 2669 ita
1384 2631 1424 2668 ut
1460 2628 1495 2667 in
1525 2627 1572 2668 iis
1595 2625 1740 2667 diebus

115 2708 194 2738 non
228 2696 406 2752 amplius
439 2696 583 2740 fideles
618 2702 763 2753 urgeat
795 2697 946 2754 duplex
998 2697 1195 2753 obligatio
1244 2696 1438 2739 audiendi
1490 2694 1650 2737 Missam
1702 2701 1738 2736 rt

113 2764 346 2809 abstinendi
381 2766 432 2810 ab
466 2767 662 2823 operibus
695 2767 919 2812 servilibus
954 2783 992 2811 )).

231 2919 242 2940 ¹
269 2919 290 2953 6
315 2919 410 2959 Dec.
431 2920 534 2954 1708.
