1965 3240
155 138 221 173 158
530 137 613 172 LIB.
639 136 710 172 111.
734 157 747 162 —
775 137 884 171 PARS
909 136 982 170 ΙΙΙ.
1012 157 1024 161 -
1051 137 1108 171 De
1133 137 1244 171 cultu
1269 137 1404 171 divino

200 253 284 290 Cis.
319 252 417 289 1268.
446 274 462 279 -
502 258 521 296 ξ
553 254 582 289 1.
607 253 839 290 Sanctissima
865 254 929 290 Eu-

151 302 316 337 charistia
342 301 508 337 continuo
534 312 593 337 seu
620 302 846 337 habitualiter
871 313 928 337 cu-

152 349 270 385 stodiri
298 349 433 395 nequit,
450 348 516 383 nisi
539 349 574 384 in
595 360 664 384 uno
682 354 821 384 tantum
839 349 928 385 eius-

152 397 230 433 dem
256 396 422 443 ecclesiae
446 396 560 432 altari.

199 448 218 486 ξ
245 443 278 478 ’2.
305 443 578 479 Custodiaturin
597 443 930 490 praecellentissimo

151 502 190 526 ac
209 491 429 526 nobilissimo
446 491 613 526 ecclesiae
632 491 705 526 loco
723 502 763 527 ac
783 491 929 537 proinde

152 538 357 583 regulariter
383 539 419 572 111
445 538 546 573 311311
575 538 714 580 11131016,
746 538 813 573 11151
834 538 928 573 aliud

155 586 370 621 venerationi
398 590 431 621 et
457 585 564 621 cultui
593 585 679 620 tanti
720 585 930 621 sacramenti

154 633 370 669 commodius
395 638 428 668 et
452 633 632 668 decentius
667 633 836 675 videatur,
864 643 932 668 ser-

156 685 233 716 vato
275 680 487 727 praescripto
536 680 650 725 legum
691 680 931 725 liturgicarum

155 727 247 780 quod
273 729 316 763 acl
345 727 485 763 ultimos
511 727 584 762 dies
611 727 849 763 hebdomadae
867 737 934 762 ma-

157 786 240 810 ioris
265 775 402 810 attinet.

203 826 223 864 ξ
250 823 282 858 3.
308 822 373 858 Sed
402 822 438 857 in
472 821 626 857 ecclesiis
658 821 930 861 cathedralibus,

157 869 349 915 collegiatis
362 875 422 905 aut
440 868 730 904 conventualibus
750 869 785 903 in
805 868 934 914 quibus

155 917 199 952 ad
240 918 349 952 altare
393 917 505 951 maius
542 915 698 951 chorales
738 916 934 951 functiones

159 964 404 1009 persolvendae
429 968 523 1004 sunt,
552 974 595 999 116
615 963 858 1002 ecclesiasticis
885 963 934 998 of-

159 1011 244 1047 ficiis
266 1012 557 1058 impedimentum
577 1011 755 1055 afferatur,
775 1014 935 1057 opportu-

157 1071 243 1094 num
269 1065 320 1095 est
346 1064 382 1094 ut
408 1059 631 1094 sanctissima
649 1058 866 1094 Eucharistia
883 1068 934 1093 re-

157 1107 323 1148 gulariter
349 1118 417 1142 nou
446 1106 660 1141 custodiatur
687 1106 721 1141 in
742 1105 841 1141 altari
862 1116 936 1140 ma-

160 1155 241 1196 iore,
273 1155 330 1190 sed
359 1155 396 1189 in
423 1154 492 1189 alio
518 1153 644 1188 sacello
672 1165 732 1189 seu
759 1152 873 1188 altari.

205 1205 223 1243 ξ
251 1200 283 1236 4.
313 1202 444 1237 (jurent
469 1201 694 1237 ecclesiarum
725 1205 873 1236 rectores
899 1204 936 1234 ut

157 1248 265 1284 altare
292 1249 327 1283 in
355 1260 422 1295 quo
448 1248 710 1284 sanctissimum
730 1246 935 1283 Sacramen-

159 1301 231 1331 tum
258 1301 456 1332 asservatur
480 1296 523 1330 sit
551 1306 631 1341 prae
665 1295 832 1331 omnibus
858 1295 937 1330 aliis

157 1348 335 1384 ornatum,
365 1344 411 1378 ita
438 1348 473 1378 ut
501 1354 562 1377 suo
581 1343 655 1389 ipso
673 1348 843 1389 apparatu
863 1354 935 1377 ma-

158 1391 210 1435 gis
236 1396 371 1426 moveat
399 1391 553 1426 fidelium
583 1391 743 1436 pietatem
770 1401 811 1426 ac
835 1390 936 1425 devo-

159 1439 303 1473 tionem.

207 1484 291 1521 cix.
327 1484 423 1520 1269.
454 1505 469 1511 -
498 1485 517 1531 ξ
547 1484 575 1519 1.
614 1484 846 1520 Sanctissima
872 1483 936 1518 Eu-

159 1533 324 1568 charistia
349 1533 477 1567 servari
509 1532 610 1568 debet
644 1532 679 1566 in
712 1531 938 1567 tabernaculo

161 1580 376 1615 inamovibili
405 1580 441 1614 in
469 1580 585 1615 media
612 1585 707 1626 parte
733 1579 853 1614 altaris
881 1590 937 1625 po-

162 1628 238 1663 sito.

208 1679 226 1716 ξ
254 1674 286 1709 9..
315 1674 596 1709 'sabernaculum
635 1674 679 1708 sit
717 1674 847 1709 affabre
881 1684 936 1709 ex-

161 1726 342 1762 structum,
371 1722 604 1767 undequaque
630 1721 737 1756 solide
763 1721 934 1762 clausum,

161 1769 323 1804 decenter
348 1773 510 1804 ornatum
549 1769 592 1803 ad
627 1779 786 1803 normam
823 1769 936 1813 legum

162 1816 414 1861 liturgicarum,
443 1815 486 1850 ab
503 1815 598 1851 omni
625 1816 694 1851 alia
719 1827 755 1851 re
774 1826 935 1858 vacuum,

161 1875 199 1899 ac
227 1868 297 1899 tam
317 1864 436 1898 sedulo
454 1863 669 1898 custodiatur
689 1868 725 1898 ut
745 1863 936 1909 periculum

161 1911 313 1946 cuiusvis
339 1911 526 1956 sacrilegae
546 1910 798 1956 profanationis
823 1921 938 1946 arcea-

162 1964 230 1993 tur.

210 2009 229 2047 ξ
255 2004 287 2040 3.
314 2004 419 2039 Gravi
445 2004 563 2050 aliqua
584 2005 752 2040 suadente
775 2016 878 2040 causa
895 2004 938 2039 ab

163 2051 350 2088 Ordinatio
377 2052 439 2087 loci
461 2051 615 2097 probata⁷
636 2063 707 2087 non
725 2056 776 2087 est
794 2052 938 2088 vetitum

162 2099 424 2134 sanctissimam
465 2099 717 2134 Eucharistiam
769 2104 940 2134 nocturno

163 2152 316 2192 tempore
340 2151 436 2181 extra
472 2146 594 2187 altare,
634 2157 737 2193 super
771 2147 938 2192 corporali

164 2200 293 2235 tamen,
320 2193 355 2228 in
385 2194 459 2229 loco
485 2193 609 2229 tutiore
642 2198 675 2229 et
707 2194 859 2230 decenti.
887 2206 940 2230 as-

163 2242 305 2282 servari,
331 2246 465 2276 servato
485 2242 694 2287 praescripto
724 2252 802 2276 can.
838 2241 937 2277 1271.

212 2293 231 2331 ἓ
257 2287 289 2323 4.
317 2287 432 2324 Clavis
459 2288 690 2331 tabernaculi,
717 2289 753 2323 in
773 2300 840 2335 quo
859 2301 939 2325 san·

162 2336 356 2371 ‹·tissimum
372 2335 640 2371 Sacramentum
658 2341 868 2377 asservatur,
889 2337 939 2372 (11-

164 2383 392 2427 ligentissime
433 2384 597 2419 custodiri
640 2383 753 2424 debet,
798 2389 940 2419 onerata

161 2432 312 2475 graviter
337 2430 554 2466 conscientia
587 2431 775 2466 sacerdotis
801 2431 859 2477 qui
886 2442 939 2467 ec-

162 2477 286 2513 clesiae
313 2477 364 2513 vel
391 2477 529 2513 oratorii
558 2488 678 2513 curam
706 2479 821 2514 habet.

209 2523 292 2560 Cn.
322 2524 424 2559 127⁰.
455 2546 471 2550 --
494 2524 685 2561 Particulae
704 2530 937 2569 consecratae,

162 2583 200 2606 eo
226 2583 373 2607 numero
399 2572 456 2618 qui
486 2572 705 2607 infirmorum
733 2579 766 2609 et
791 2573 937 2608 aliorum

165 2619 318 2654 fidelium
346 2620 585 2654 communioni
614 2620 698 2654 satis
724 2631 798 2656 esse
817 2620 936 2666 possit,

166 2672 329 2712 perpetuo
355 2672 606 2703 conserventur
625 2667 660 2700 in
682 2668 806 2713 pyxide
832 2678 871 2702 ex
890 2678 940 2702 so-

165 2714 234 2749 lida
259 2714 465 2759 decentique
492 2714 648 2756 materia,
677 2726 785 2760 eaque
808 2714 939 2749 munda

165 2765 195 2796 et
222 2772 285 2796 suo
312 2761 472 2807 operculo
499 2761 586 2797 bene
619 2761 749 2803 clausa,
782 2766 940 2807 cooperta

165 2807 243 2843 albo
270 2808 344 2843 velo
370 2809 477 2844 serico
495 2814 541 2852 et,
570 2813 740 2854 quantum
760 2820 814 2844 res
842 2810 936 2849 feret,

166 2860 298 2890 ornato.

1051 252 1136 288 cm.
1168 252 1266 287 1271.
1291 273 1307 278 -
1329 251 1452 288 Coram
1479 252 1718 295 tabernaculo,
1745 252 1780 286 in

1003 312 1070 346 quo
1096 300 1358 336 sanctissimum
1385 298 1652 335 Sacramentum
1677 310 1784 335 asser-

1004 353 1116 388 vatur,
1139 359 1208 383 una
1226 347 1350 382 saltem
1369 346 1505 393 lampas
1523 346 1581 382 diu
1608 351 1783 392 noctuque

1003 395 1224 430 continenter
1239 395 1364 435 luceat,
1382 394 1570 429 nutrienda
1587 393 1660 429 oleo
1680 393 1782 429 oliva-

1003 454 1080 477 rum
1100 443 1151 477 vel
1170 453 1248 477 cera
1265 453 1391 488 apum;
1412 441 1468 476 ubi
1489 452 1568 476 vero
1586 440 1700 476 oleum
1720 442 1782 475 oli-

1004 500 1125 524 varum
1161 489 1279 524 haberi
1309 493 1469 534 nequeat,
1499 486 1678 524 Ordinarii
1714 487 1779 523 loci

1006 537 1210 582 prudentiae
1226 537 1436 582 permittitur
1451 539 1487 570 ut
1500 535 1579 570 aliis
1592 535 1677 571 oleis
1690 546 1782 570 com-

1007 588 1171 625 mutetur,
1200 589 1372 629 quantum
1399 583 1470 618 fieri
1501 587 1622 628 potest,
1652 587 1783 627 vegeta-

1006 631 1146 666 bilibus.
1449 652 1454 657 ·

1053 678 1137 713 Cn.
1183 677 1283 712 1272.
1325 698 1341 702 -
1378 676 1517 712 Hostiae
1545 680 1780 717 consecratae,

1006 725 1077 760 sive
1117 730 1254 771 propter
1294 725 1449 760 lidelium
1483 723 1782 766 communionem,

1007 772 1078 808 sive
1114 778 1251 818 propter
1287 772 1536 818 expositionem
1569 770 1782 806 sanctissimi

1007 818 1236 861 Sacramenti,
1262 825 1295 854 et
1313 824 1468 854 recentes
1485 819 1555 853 sint
1574 823 1607 853 et
1627 818 1784 863 frequen·

1007 872 1058 902 ter
1084 872 1304 906 renoventur,
1334 866 1507 902 veteribus
1532 865 1596 900 rite
1621 875 1784 900 consum-

1008 914 1088 960 ptis.
1118 915 1165 950 ita
1191 919 1228 949 ut
1253 913 1391 949 nullum
1419 913 1464 948 sit
1492 913 1683 959 periculum
1710 923 1784 947 cor—

1008 962 1190 1008 ruptionis,
1218 961 1338 997 sedulo
1362 960 1506 996 servatis
1546 959 1784 995 instructioni·

1008 1009 1072 1044 bus
1098 1020 1184 1055 quas
1211 1007 1421 1044 Ordinarius
1447 1007 1509 1043 loci
1529 1007 1594 1042 1136
1611 1007 1653 1042 de
1672 1018 1708 1042 16
1730 1007 1786 1042 (le-

1005 1057 1106 1092 derit.

1057 1103 1141 1139 CAN.
1176 1103 1275 1138 1273.
1304 1122 1328 1129 -·
1355 1101 1421 1146 Qui
1451 1102 1485 1136 in
1520 1101 1716 1146 religiosam
1747 1101 1784 1135 fi-

983 1184 986 1185 .
1009 1151 1139 1186 delium
1168 1150 1423 1185 institutionem
1452 1149 1671 1189 incumbunt,
1697 1148 1784 1183 nihil

1008 1199 1173 1234 omittant
1193 1203 1227 1233 ut
1244 1199 1406 1244 pietatem
1426 1207 1508 1241 erga
1525 1195 1784 1231 sanctissimam

1010 1245 1262 1281 Eucharistiam
1291 1245 1325 1279 in
1340 1255 1459 1279 eorum
1473 1243 1604 1278 animis
1621 1243 1784 1287 excitent,

1009 1304 1135 1338 eosque
1163 1292 1366 1339 praesertim
1405 1292 1587 1326 hortentur
1624 1295 1673 1333 ut,
1714 1301 1786 1325 non

1010 1342 1112 1377 modo
1126 1341 1249 1375 diebus
1263 1338 1449 1375 dominicis
1463 1342 1495 1373 et
1516 1337 1611 1373 sestis
1629 1338 1671 1372 de
1691 1348 1786 1383 prae-

1009 1394 1108 1434 cepto
1134 1388 1192 1423 sed
1220 1387 1324 1423 etiam
1352 1386 1475 1421 (liebus
1496 1384 1674 1420 ferialibus
1694 1385 1788 1420 intra

1010 1435 1277 1475 hebdomadam,
1294 1435 1504 1479 frequenter,
1521 1436 1694 1478 quantum
1714 1431 1785 1467 fieri

1013 1488 1135 1530 potest,
1152 1482 1277 1527 Missae
1290 1480 1460 1516 sacrificio
1472 1481 1639 1515 assistant
1657 1483 1690 1514 et
1707 1490 1787 1514 san-

1010 1531 1205 1566 ctissimum
1234 1528 1501 1564 Sacramentum
1537 1526 1690 1562 visitent.

1059 1578 1143 1614 CAN.
1178 1576 1277 1612 1274.
1310 1596 1325 1602 -
1354 1580 1372 1622 ς
1405 1576 1431 1610 l.
1473 1574 1510 1608 ln
1537 1573 1691 1609 ecclesiis
1727 1577 1788 1607 aut

1012 1626 1170 1661 oratoriis
1209 1625 1336 1670 quibus
1374 1623 1493 1657 datum
1529 1626 1579 1656 est
1608 1630 1787 1656 asservare

1011 1673 1268 1708 sanctissimam
1298 1669 1565 1713 Eucharistiam‚
1587 1668 1657 1703 11611
1680 1671 1789 1712 potest

1011 1720 1177 1766 expositio
1206 1719 1338 1765 privata
1376 1728 1434 1752 seu
1474 1727 1552 1750 cum
1593 1714 1717 1761 pyxide
1746 1725 1787 1749 ex

1011 1767 1164 1814 qualibet
1192 1766 1281 1801 iusta
1307 1775 1409 1800 causa
1436 1763 1511 1797 sine
1538 1761 1715 1797 Ordinarii
1750 1761 1787 1795 li·

1011 1815 1143 1855 centia3
1169 1812 1336 1859 expositio
1364 1821 1441 1845 vero
1469 1809 1604 1856 publica
1627 1819 1686 1843 seu
1707 1819 1784 1843 cum

1013 1861 1204 1898 ostensorio
1231 1860 1286 1895 die
1315 1860 1398 1894 l'esto
1425 1857 1586 1903 Corporis
1608 1855 1735 1891 Christi
1755 1859 1788 1890 et

1012 1910 1103 1945 intra
1130 1913 1287 1944 octavam
1316 1906 1386 1941 fieri
1417 1910 1525 1951 potest
1553 1904 1587 1938 in
1623 1902 1788 1938 omnibus

1012 1956 1166 1992 ecclesiis
1204 1956 1295 1990 inter
1320 1953 1503 1988 Missarum
1543 1949 1727 1986 sollemnia
1757 1954 1790 1984 et

1012 2005 1054 2040 ad
1077 2003 1262 2050 Vesperas3
1279 2001 1358 2037 aliis
1373 2010 1451 2035 vero
1468 1997 1683 2044 temporibus
1702 2008 1788 2031 non-

1014 2052 1079 2086 nisi
1106 2062 1146 2086 ex
1173 2051 1263 2085 iusta
1289 2053 1321 2084 et
1347 2047 1441 2092 gravi
1461 2057 1565 2081 causa
1585 2044 1786 2090 praesertim

1014 2098 1150 2145 publica
1178 2102 1210 2133 et
1236 2097 1277 2131 de
1315 2093 1493 2130 Ordiuarii
1534 2093 1595 2128 loci
1632 2091 1786 2134 licentia⁷

1014 2147 1092 2181 licet
1117 2144 1260 2181 ecclesia
1293 2144 1335 2178 ad
1363 2141 1565 2186 religionem
1592 2142 1788 2184 exemptam

1015 2193 1196 2240 pertineat.
1765 2232 1770 2236 ι

1060 2245 1079 2283 ξ
1106 2239 1138 2274 ’2.
1169 2238 1327 2274 Minister
1351 2234 1576 2280 expositionis
1602 2238 1635 2268 et
1660 2243 1788 2278 repost-

1013 2287 1118 2323 tionis
1144 2284 1355 2321 sanctissimi
1395 2281 1612 2319 Sacramenti
1647 2285 1697 2314 est
1735 2290 1788 2313 sa-

1013 2335 1132 2371 cerdos
1159 2333 1210 2369 vel
1237 2332 1425 2374 diaconus3
1455 2329 1614 2364 minister
1640 2337 1718 2362 vero
1736 2326 1790 2360 be-

1015 2381 1222 2417 nedictionis
1250 2378 1505 2414 Eucharisticae
1537 2380 1587 2410 est
1617 2374 1710 2409 solus
1736 2384 1788 2407 sa-

1013 2429 1247 2472 cerdosfnec
1285 2437 1361 2462 eam
1405 2423 1582 2469 impertire
1622 2421 1789 2456 diaconus

1016 2481 1136 2522 potest,
1162 2475 1228 2509 nisi
1259 2474 1293 2508 in
1321 2484 1402 2508 casu
1437 2482 1518 2517 quo,
1550 2469 1593 2505 ad
1628 2478 1787 2503 normam

1013 2535 1091 2559 can.
1121 2520 1200 2563 845,
1227 2525 1245 2563 ξ
1274 2521 1306 2564 2,
1339 2519 1508 2555 N'iaticum
1536 2518 1578 2552 ad
1606 2515 1787 2550 infirmum

1013 2569 1186 2606 detulerit.

1061 2617 1144 2652 CAN.
1167 2614 1267 2651 1275.
1288 2636 1304 2640 -
1321 2612 1534 2659 Supplicatio
1549 2609 1788 2654 Quadraginta

1012 2664 1182 2700 Horarum
1212 2663 1246 2697 in
1281 2661 1445 2697 omnibus
1482 2657 1636 2693 ecclesiis
1673 2665 1790 2707 paroe-

1013 2712 1160 2747 cialibus
1186 2710 1346 2755 aliisque,
1387 2708 1422 2742 in
1450 2705 1578 2751 quibus
1611 2707 1789 2738 5311611551-

1014 2770 1110 2794 11111111
1138 2757 1404 2793 Sacramentum
1432 2751 1655 2788 habitualiter
1680 2758 1789 2802 asser:

1015 2811 1127 2843 vatur,
1156 2804 1294 2839 statutis
1324 2803 1365 2837 de
1403 2810 1574 2837 consensu
1609 2795 1787 2832 Ordinarii

1014 2853 1076 2889 loci
1105 2852 1237 2887 diebus.
1270 2850 1398 2885 maiore
1416 2858 1485 2894 qua
1504 2846 1573 2882 fieri
1595 2847 1704 2891 potest
1723 2842 1789 2877 sol-
