1965 3240
134 103 204 137 490
725 101 810 136 Lus.
838 101 910 137 ΙΙΙ.
936 121 950 127 -
976 102 1033 136 De
1058 103 1170 137 rebus

137 220 380 264 vindicavit.
414 219 516 263 lllud
552 224 690 264 tamen
725 222 788 263 ius
821 219 1011 276 probare,
1045 219 1256 275 explicare
1279 231 1327 263 ac
1354 233 1629 277 propugnare,
1654 223 1760 265 sicut

133 294 173 333 et
198 290 441 346 prudentem
467 303 698 347 proponere
722 293 882 347 praxim
906 291 956 334 ad
983 292 1198 347 utriusque
1221 292 1429 333 societatis
1453 292 1602 334 iustam
1625 294 1760 335 coexi-

133 362 324 404 stentiam
361 363 537 417 pertinet
570 361 620 404 ad
657 361 920 418 disciplinam
955 363 1055 404 iuris
1091 359 1244 417 publici
1277 360 1560 404 ecclesiastici.

254 430 350 474 406.
387 432 635 478 Ecclesiae
667 433 742 478 ius
774 444 898 488 erga
929 432 1106 477 fideles
1143 434 1371 487 respectu
1401 433 1757 488 temporalium.

135 500 384 558 Baptismate
418 501 562 545 fideles
595 502 706 545 nullo
740 503 862 546 modo
895 505 1089 546 amittunt
1122 500 1310 544 naturale
1334 503 1397 544 ius
1419 502 1677 559 acquirendi,
1697 515 1757 546 re-

137 572 292 615 tinendi
327 576 367 616 et
398 573 716 616 administrandi
765 572 870 617 bona
921 585 1065 616 eorum
1109 571 1368 629 temporalia,
1403 585 1479 615 nec
1519 571 1622 616 bona
1657 574 1760 616 siunt.

134 641 320 687 subiecta
353 643 564 687 Ecclesiae
597 657 645 687 eo
680 644 814 700 modo,
848 657 930 702 quo
962 645 1147 687 societati
1172 643 1286 686 civili
1311 642 1363 686 ob
1387 643 1510 686 finem
1545 645 1633 687 eius
1655 648 1759 687 tem-

137 713 335 770 poralem,
375 728 410 759 v.
445 729 504 771 gr.
540 715 676 772 quoad
711 716 1087 772 expropriationem
1123 713 1427 770 obligatoriam.
1462 713 1654 758 Attamen
1679 728 1758 758 non

133 784 268 827 solum
303 798 353 828 ex
386 790 532 828 natura
567 785 773 829 humanae
806 787 1014 829 societatis
1047 784 1280 841 cuiuslibet,
1315 784 1386 827 sed
1421 786 1546 827 etiam
1584 798 1632 828 ex
1668 798 1759 842 spe-

135 854 228 898 ciali
262 854 473 899 Ecclesiae
505 855 648 899 divina
682 856 942 899 ordinatione
981 857 1055 898 l'uit
1098 855 1292 898 damnata
1327 868 1441 911 prop.
1479 855 1530 897 54
1557 854 1570 877 ¹
1604 855 1758 912 Synodi

136 925 410 979 pistoriensis,
445 934 489 970 ut
527 926 687 981 «falsa,
722 928 956 980 temeraria,
995 925 1266 969 ecclesiastici
1309 938 1357 969 ac
1401 925 1617 982 pastoralis
1660 929 1760 969 iuris

136 995 303 1051 laesiva,
339 999 377 1039 in
410 996 637 1041 Ecclesiam
662 999 834 1055 eiusque
858 999 1067 1039 ministros
1102 998 1357 1050 iniuriosa»,
1391 998 1578 1052 exposito
1611 1009 1756 1039 sensu:

135 1070 339 1124 ...«quasi
375 1070 505 1124 turpis
537 1067 692 1111 abusus
722 1070 897 1112 crimine
931 1068 1098 1111 notandi
1143 1071 1279 1110 essent
1324 1069 1498 1110 ministri
1535 1066 1758 1119 Ecclesiae,

135 1138 232 1181 dum
268 1139 498 1182 secundum
533 1144 745 1196 receptum
780 1144 817 1182 et
854 1138 1071 1195 probatum
1105 1137 1314 1181 Ecclesiae
1341 1151 1495 1181 morem
1531 1142 1570 1181 et
1604 1140 1760 1181 institu-

133 1213 218 1252 tum
255 1214 427 1252 utuntur
461 1211 549 1252 iure
585 1209 846 1265 promulgato
870 1208 921 1252 ab
945 1208 1140 1265 Apostolo
1173 1208 1405 1265 acc1piendi
1439 1208 1683 1265 temporalia
1708 1207 1759 1252 ab

136 1278 210 1331 his,
245 1279 395 1337 quibus
428 1279 659 1336 spiritualia
696 1282 1039 1323 ministrantur».

255 1350 378 1393 Porro
411 1352 470 1393 sic
502 1350 627 1393 edicit
660 1364 750 1393 ean.
787 1352 919 1394 1496.
953 1349 1184 1404 Ecclesiae,
1217 1354 1260 1393 ut
1299 1351 1506 1406 perfectae
1549 1351 1759 1393 societatis

135 1420 349 1464 hominum
381 1421 619 1478 spiritualis,
654 1421 721 1464 ins
754 1435 914 1479 quoqne
946 1426 1021 1475 est,
1056 1420 1340 1478 independens
1373 1423 1541 1464 omnino
1585 1434 1608 1463 a
1643 1419 1759 1463 eim'li

131 1496 350 1547 potestate,
389 1504 496 1550 quae
530 1494 702 1536 inferior
734 1496 792 1535 est
826 1493 1035 1549 similique
1059 1494 1148 1535 iure
1171 1492 1221 1535 ad
1247 1492 1371 1535 finem
1408 1494 1618 1548 proprium
1646 1504 1760 1548 prae-

133 1562 232 1618 dita,
267 1562 464 1619 eoeiqendi
496 1563 670 1620 legibus,
703 1566 935 1620 praeceptis
977 1576 1025 1607 ac
1069 1565 1224 1619 poenis,
1256 1563 1326 1606 sed
1374 1563 1553 1619 praefert
1587 1562 1653 1606 illa
1686 1576 1758 1619 per

133 1633 443 1677 exhortationes
476 1636 676 1691 recipere,
711 1648 735 1677 a
768 1633 972 1690 fidelibus,
1006 1647 1177 1690 nempe:
1212 1633 1426 1690 baptizatis
1462 1635 1551 1677 voci
1575 1635 1663 1677 eius
1684 1645 1756 1676 au-

135 1718 220 1747 rem
256 1704 563 1761 praebentibus,
597 1719 716 1763 quae,
741 1707 778 1748 in
806 1707 979 1761 pecunia
1007 1704 1069 1748 vel
1097 1707 1134 1747 in
1159 1707 1310 1761 specie,
1336 1705 1374 1760 a)
1399 1703 1454 1747 ad
1476 1704 1633 1747 cultam
1656 1703 1758 1747 divi·

132 1789 230 1817 num
255 1789 348 1818 cum
374 1778 640 1828 ornamentis,
674 1778 818 1831 cereis,
855 1775 974 1818 thure
1014 1781 1091 1819 etc.
1137 1775 1433 1829 exercendum,
1469 1775 1512 1833 b)
1545 1774 1601 1818 ad
1634 1774 1756 1819 lione-

133 1849 242 1887 stam
267 1859 338 1902 pro
362 1850 468 1889 statu
494 1845 742 1890 clericorum
766 1845 1030 1903 aliorumque
1054 1845 1271 1903 (laicorum
1298 1848 1441 1902 etiam)
1465 1845 1757 1889 ministrorum

136 1929 175 1958 v.
207 1930 267 1972 gr.
302 1917 485 1960 custodis
527 1917 740 1973 ecclesiae,
777 1918 976 1973 pulsantis
1019 1930 1220 1973 organum
1265 1917 1613 1960 sustentationem
1646 1916 1686 1974 c)
1718 1921 1758 1959 et

132 1985 189 2029 ad
220 1986 406 2045 reliquos
438 1988 539 2045 fines
571 1987 651 2031 sibi
681 1987 879 2046 proprios
915 2002 952 2031 v.
986 2001 1046 2044 gr.
1081 1987 1312 2031 subsidium
1347 2001 1589 2044 egenorum,
1615 1999 1756 2044 propa-

133 2060 341 2114 gationem
378 2059 473 2102 lidei
509 2073 580 2116 per
613 2061 829 2102 missiones
861 2058 947 2101 sint
980 2058 1234 2113 necessaria,
1259 2071 1338 2101 non
1364 2061 1445 2102 iam
1473 2071 1569 2101 vero
1602 2057 1754 2101 solum-

136 2129 256 2171 modo
292 2129 404 2172 utilia
430 2130 494 2173 vel
529 2132 833 2173 convenientia.

253 2199 349 2242 407.
387 2202 527 2246 Bona
559 2203 910 2254 ecclesiastica,
943 2215 1103 2255 sacra,
1126 2203 1347 2258 pretiosa
1380 2213 1453 2257 pro
1485 2198 1648 2244 Codicis
1679 2213 1755 2243 usu

133 2269 278 2312 delinit
311 2284 400 2312 ean.
436 2273 567 2313 1497.
603 2273 627 2325 g
661 2272 702 2313 1.
738 2269 857 2314 Bona
891 2272 1083 2328 equidem
1112 2271 1224 2314 utilia
1251 2269 1515 2328 temporalia,
1539 2272 1634 2328 quia
1659 2273 1756 2313 tem-

135 2339 265 2396 porali
302 2342 409 2383 vitae
441 2341 696 2396 deserviunt,
731 2341 771 2398 a)
805 2341 892 2384 sive
924 2341 1180 2399 corporalia,
1219 2353 1325 2398 quae
1369 2345 1411 2384 ut
1454 2339 1639 2384 valorem
1683 2340 1754 2384 ha-

136 2408 272 2453 bentia
306 2410 495 2454 sensibus
528 2413 827 2468 percipiuntur,
861 2416 947 2454 tuni
980 2410 1211 2454 immobilia
1244 2425 1265 2454 e
1299 2411 1402 2466 loco,
1427 2414 1471 2454 ut
1493 2410 1603 2464 talia,
1631 2424 1667 2453 v.
1693 2424 1753 2467 gr.

134 2480 295 2535 domus,
331 2494 444 2537 ager,
480 2481 766 2537 plantationes,
802 2486 884 2524 tam
932 2481 1101 2525 >nobilia
1146 2495 1218 2537 per
1259 2481 1362 2525 alios
1397 2495 1435 2523 v.
1468 2495 1530 2537 gr.
1565 2481 1753 2524 utensilia

132 2550 356 2607 quaelibet,
391 2555 578 2607 pecunia,
612 2557 681 2595 aut
713 2565 757 2595 se
791 2555 998 2596 moventia
1037 2553 1161 2595 veluti
1199 2552 1391 2609 pecudes,
1428 2551 1469 2608 b)
1502 2551 1588 2593 sive
1619 2550 1755 2594 incor-

130 2620 318 2678 poralia,
350 2635 454 2679 quae
503 2622 714 2666 intellectu
766 2622 903 2665 valere
951 2627 1273 2679 cognoscuntur,
1311 2636 1349 2666 r.
1386 2635 1447 2679 gr.
1483 2624 1752 2665 instrumenta

135 2694 411 2748 proprietatis,
442 2693 679 2750 syngrapha
712 2692 845 2737 Debiti
889 2693 1054 2750 publici,
1099 2693 1261 2737 valores
1305 2695 1503 2749 pecuniae
1542 2692 1756 2750 aequipol-

253 2846 263 2866 1
293 2845 409 2879 Bulla
442 2861 455 2874 ‹
474 2845 688 2880 Auctorem
714 2844 806 2880 fidei
825 2861 839 2875 ι
873 2845 934 2879 Pii
961 2845 1027 2879 VI.
1055 2845 1101 2880 28
1127 2846 1229 2890 Aug.
1257 2845 1356 2880 1794.
