1965 3240
134 136 204 169 ‘206
506 134 591 167 Lm.
620 134 692 168 III.
722 155 734 159 -
762 134 872 169 PARS
898 134 970 168 111.
1000 155 1012 160 -
1042 134 1099 169 De
1123 135 1235 168 cultu
1259 135 1394 168 divino

253 253 351 298 171.
387 255 460 299 De
493 267 637 299 sacra
671 256 961 310 supellectili
995 255 1211 300 defuncti
1244 255 1408 299 elerici
1443 255 1764 301 beneficiarii.

133 322 337 377 Quamvis
360 324 434 367 litt.
459 323 604 381 aplcae
644 322 820 377 «Quum
857 324 955 368 illud
977 340 997 366 ))
1029 324 1083 367 Pii
1110 323 1164 366 IX
1184 323 1405 380 loquantur
1427 324 1689 368 solummodo
1713 326 1764 369 (le

131 395 346 452 Episcopis
379 394 730 446 residentialibus,
765 408 843 438 uon
878 408 1074 452 expresse
1112 395 1163 438 sle
1197 393 1429 438 Abbatibus
1468 394 1532 438 vel
1567 395 1766 439 Praelatis

132 466 299 520 nullius,
333 471 371 509 et
404 468 443 508 iu
478 479 637 509 canone
673 466 823 522 praec.i
860 471 1050 522 respectu
1083 465 1275 522 Episcopi
1310 468 1571 522 exprimatur
1588 466 1764 510 ecclesia

130 536 394 591 cathedralis,
429 538 548 580 cuius
592 539 759 579 nomine
808 550 886 579 non
932 541 1093 580 constat
1127 538 1270 579 venire
1319 539 1357 579 in
1408 539 1495 580 iure
1544 536 1763 580 ecclesiam

132 609 361 664 principem
396 606 598 650 Abbatiae
646 607 707 650 vel
756 597 991 650 Prelaturae
1035 606 1200 661 nullius,
1251 611 1387 661 posset
1429 607 1622 659 dubitari,
1666 621 1764 651 num

131 679 222 722 illos
255 677 639 734 comprehenderet.
677 677 857 730 Dubium
893 679 1118 731 evanescit,
1154 678 1235 719 imo
1281 683 1433 733 praec.⁸
1465 680 1635 721 canonis
1679 692 1764 721 mo-

133 754 318 793 mentum
351 749 531 805 adauget
563 762 654 790 eun.
690 750 821 791 1300.
861 747 978 801 Quae
1011 748 1054 791 iu
1088 762 1177 791 can.
1214 751 1332 791 1299
1368 762 1439 805 per
1471 753 1601 792 totum
1638 762 1762 807 prue-

131 820 292 878 seriplu
323 824 434 869 suut,
467 818 736 876 applicentur
767 832 928 876 quoque
963 824 1005 862 ut
1043 821 1375 875 «praescripta»
1417 818 1567 862 clerico
1607 820 1678 877 qui
1721 820 1765 862 iu

131 889 278 948 aliqua
310 889 485 932 ecclesia
519 892 787 933 coustitutum
827 889 1067 946 beneficium
1106 892 1283 947 proprie,
1319 893 1357 933 in
1392 903 1481 934 can.
1516 891 1628 934 1409
1663 891 1761 934 deti-

132 963 277 1015 nitum,
311 959 531 1003 saeculare
564 959 625 1003 vel
656 960 919 1017 relz'gsiosum,
953 961 1061 1018 quod
1095 963 1153 1004 sic
1187 961 1340 1004 dicitur
1380 966 1540 1017 «prout
1572 961 1620 1005 ad
1656 962 1765 1005 solos

132 1031 306 1075 clericos
323 1031 559 1075 saeculares
576 1031 638 1074 vel
653 1031 762 1075 solos
780 1031 955 1075 clericos
976 1032 1190 1088 religiosos
1208 1036 1418 1089 spectat»,
1434 1032 1541 1090 (can.
1558 1033 1685 1088 1141,
1701 1032 1763 1090 20)

131 1101 361 1145 obtinuerit
394 1115 488 1145 cum
523 1102 709 1145 eiusdem
747 1105 1018 1159 possessione.

254 1173 345 1216 1702.
382 1176 559 1219 Forma
597 1176 716 1220 iuris
750 1176 907 1220 civilis
945 1176 1112 1220 valida
1146 1177 1410 1221 servanda.
1444 1175 1614 1232 Propter
1646 1188 1764 1232 sepa-

132 1245 331 1286 rationem
367 1248 497 1286 status
530 1245 666 1287 civilis
689 1243 740 1288 ab
774 1244 972 1295 Ecclesia,
1000 1244 1066 1288 vel
1101 1247 1360 1288 inimicitiam
1386 1259 1485 1302 erga
1510 1259 1615 1301 eam,
1639 1245 1767 1289 adim-

133 1314 339 1371 plemento
374 1320 542 1370 praec.m
577 1317 926 1371 praescriptorum
952 1316 1178 1359 efficaciter
1205 1318 1264 1359 sic
1298 1317 1492 1373 providet
1514 1331 1604 1359 ean.
1630 1317 1761 1360 1307.

131 1385 158 1443 ξ
209 1385 243 1428 1.
295 1385 334 1428 S.
372 1384 416 1428 R.
452 1383 502 1428 Ε.
543 1384 788 1428 Curdiualis
837 1385 945 1443 (can.
998 1386 1144 1440 1298),
1189 1385 1424 1445 Episcopus
1471 1386 1763 1430 residentiam

133 1455 241 1513 (can.
288 1455 435 1512 1299),
469 1455 630 1513 aliique
677 1455 821 1499 clerici
868 1456 1127 1513 beneficiarii
1176 1462 1281 1513 (can.
1322 1457 1465 1515 1300),
1508 1457 1765 1515 obliyutioue

134 1532 327 1569 tenentur
360 1529 398 1570 in
433 1540 639 1570 canonum
685 1527 848 1570 illorum
884 1528 1193 1572 observantiam
1238 1533 1361 1586 atque
1398 1531 1434 1570 vi
1480 1528 1602 1572 huius
1647 1541 1762 1585 prae-

131 1600 288 1654 scripti,
322 1597 503 1641 curaudz'
535 1597 576 1655 a)
611 1604 870 1655 testamento,
905 1598 949 1656 b)
985 1598 1046 1641 vel
1079 1598 1165 1642 ulio
1201 1599 1479 1642 instrumento
1520 1613 1592 1655 pro
1626 1599 1763 1656 legum

132 1668 320 1711 civilium
355 1669 598 1712 diversitate
641 1669 685 1711 iu
726 1668 868 1727 formu
911 1669 1021 1712 iuris
1054 1669 1192 1712 civilis
1237 1684 1309 1726 pro
1354 1670 1442 1713 loco
1485 1683 1533 1713 ac
1577 1670 1766 1726 personis

134 1741 312 1796 vigentis
357 1739 496 1782 valido
539 1740 751 1793 alterutro,
789 1746 832 1782 ul
876 1740 1079 1783 canonica
1118 1740 1402 1798 praescripta,
1436 1740 1486 1783 de
1529 1740 1677 1798 quibus
1721 1740 1765 1783 iu

132 1812 525 1865 ean.19.08-1300‚
564 1825 635 1867 pro
668 1811 842 1867 singulis
876 1811 1041 1854 casibus
1069 1811 1299 1854 secundum
1334 1811 1655 1867 explicationem
1690 1810 1764 1854 ibi-

131 1881 224 1923 dem
260 1882 413 1935 datam,
448 1881 632 1924 debitum
665 1879 853 1940 effectum
897 1895 976 1925 non
1027 1882 1159 1925 'solum
1195 1882 1246 1925 de
1280 1883 1401 1937 facto,
1434 1883 1505 1925 sed
1550 1882 1677 1925 etium
1720 1882 1764 1924 iu

131 1950 225 2009 soro
259 1951 375 1995 cirili
407 1953 647 1995 sortiuntur
669 1953 814 1996 saltem
849 1953 1063 1996 indirecte.
1102 1955 1231 1996 Huius
1254 1952 1492 2009 exemplum
1526 1952 1701 1996 babetur
1725 1955 1764 1995 iu

134 2022 250 2066 Dec.0
284 2023 320 2065 S.
357 2022 506 2080 Cougr.
542 2024 593 2067 de
628 2024 745 2081 Prop.
783 2024 880 2067 Fide
905 2024 934 2079 ¹,
969 2037 1041 2080 pro
1075 2023 1295 2067 foederatis
1328 2023 1547 2067 Americae
1595 2024 1763 2080 Septen·
1821 2020 1824 2024 ’

134 2094 320 2137 trionalis
354 2094 548 2148 Statibus,
583 2095 707 2152 quod,
746 2099 884 2151 utpote
918 2097 956 2137 in
991 2107 1148 2138 canone
1182 2094 1443 2151 implicitum,
1471 2097 1606 2137 visua
1640 2107 1762 2151 quam

134 2164 307 2220 polleret
340 2165 579 2208 immediate
603 2170 696 2208 ante
720 2165 914 2209 Codicem
950 2179 1028 2209 nou
1063 2167 1243 2218 amissit3
1280 2179 1353 2221 pro
1386 2167 1536 2208 ceteris
1565 2179 1664 2208 vero
1699 2178 1766 2208 33-

134 2234 314 2278 tionibus
346 2235 503 2278 consuli
539 2239 687 2292 poterit
722 2238 777 2279 uti
813 2249 955 2279 norma
990 2236 1207 2279 direcliva.

252 2305 418 2349 Modum
443 2320 567 2349 curae
603 2309 869 2363 praestitutae
900 2309 937 2350 in
963 2307 1005 2360 {⁰
1034 2306 1074 2349 10
1098 2307 1346 2350 determinat
1369 2306 1397 2365 ξ
1418 2309 1460 2349 ’2.
1489 2306 1764 2360 Quamobrem

133 2376 173 2431 3)
209 2377 447 2433 tempestive
479 2391 551 2420 seu
588 2378 813 2433 prudenter
847 2383 1004 2421 remota
1050 2379 1433 2433 procrastinatione,
1470 2377 1511 2434 b)
1546 2391 1595 2420 ac
1625 2376 1764 2435 formu

134 2447 226 2489 iure
259 2447 375 2490 civile?
409 2452 451 2490 ut
483 2460 606 2504 supra
641 2447 796 2501 aulida,
831 2451 868 2501 c)
894 2461 1123 2505 personum
1150 2448 1350 2505 'iuteqrue
1381 2446 1524 2505 famae
1556 2462 1607 2491 ex
1644 2450 1764 2504 gravi

132 2523 353 2574 praecepto
387 2518 606 2575 desiyueut
635 2518 691 2561 ud
725 2532 915 2562 normam
948 2533 1037 2562 caui.
1072 2520 1181 2571 380,
1215 2532 1365 2575 nempe
1404 2519 1764 2573 «sacerdotem»,

132 2602 251 2645 quae,
286 2588 533 2632 mlvenieute
567 2594 725 2633 tantum
762 2589 949 2647 ipsorum
984 2595 1126 2642 morte,
1163 2604 1243 2632 nou
1284 2589 1419 2632 solum
1442 2589 1482 2646 a)
1506 2603 1672 2632 sacrum
1695 2604 1762 2633 su-

128 2658 396 2716 pellectilem,
430 2660 481 2703 de
514 2673 593 2717 qua
629 2660 723 2716 13ξο
749 2673 899 2716 praec„
925 2659 997 2702 sed
1030 2660 1169 2711 elium,
1197 2660 1239 2717 b)
1274 2659 1415 2711 libros,
1438 2664 1478 2717 c)
1501 2659 1764 2717 documenta,

136 2729 174 2782 11)
203 2728 375 2786 aliaque
397 2744 474 2785 que
497 2730 552 2773 ad
575 2730 792 2773 ecelesiam
822 2730 1038 2788 pertinent
1062 2736 1100 2773 et
1134 2730 1236 2774 haec
1271 2730 1347 2774 sub
1381 2730 1527 2773 litteris
1560 2729 1618 2787 b),
1642 2729 1696 2786 c),
1721 2729 1765 2784 d)

257 2881 267 2902 1
298 2881 340 2914 15
366 2880 457 2914 Dec.
489 2881 592 2922 1840,
622 2881 783 2916 Collect.
811 2881 856 2916 de
883 2882 996 2927 Prop.
1026 2883 1066 2917 F.
1094 2894 1131 2919 n.
1158 2883 1238 2917 916.
1434 2896 1443 2920 x
