1965 3240
673 167 755 201 TIT.
783 167 851 202 XI.
880 188 892 192 -
922 167 978 202 De
1004 169 1198 203 altaribus
1705 170 1750 204 (33

117 286 185 330 sed
223 288 260 328 iu
295 298 437 329 eorum
480 286 610 328 fronte
646 286 837 329 effossum
887 291 947 329 est
995 300 1041 330 ac
1086 292 1170 330 rete
1219 288 1404 331 clausurn
1433 306 1468 342 »‚
1505 290 1554 332 ad
1591 289 1745 333 Dubia:

124 373 143 398 ((
169 357 194 399 l.
231 357 291 399 Au
326 356 528 400 eiusmodi
579 356 723 400 altaria
771 359 850 399 sint
901 357 1137 407 toleranda;
1191 359 1252 401 vel
1300 361 1554 403 immutanda
1589 363 1667 403 sint
1701 373 1748 403 ae

119 427 253 470 denuo
287 427 607 470 consecranda?
642 453 692 458 —-
730 432 766 470 et
804 427 847 470 ll.
884 427 988 470 Num
1027 431 1063 470 in
1102 434 1309 484 posterum
1335 431 1570 486 sepulerum
1599 431 1749 473 Altaris

119 496 320 554 portatilis
355 499 392 539 iu
427 498 567 540 medio
604 497 766 541 tabulae
803 498 988 554 lapideae
1032 500 1309 543 etlodiemlum
1345 502 1430 543 sitz’
1465 528 1519 533 —
1552 503 1590 544 5.
1627 501 1670 545 u.
1706 500 1751 546 C.

119 567 432 611 rescribendum
482 571 665 611 censuit:
715 569 776 611 Ad
814 569 839 611 l.
875 568 1019 622 Quoad
1067 570 1222 613 Altaria
1275 571 1494 627 portatilia,
1538 572 1749 629 liurusque

118 643 372 691 consecrata,
422 637 549 681 Rmus
597 639 826 696 Episcopus
876 643 1125 697 acquiescat.
1160 641 1221 684 Ad
1260 642 1303 684 ll.
1340 642 1600 685 Allirmative
1624 659 1662 686 )).
1702 669 1751 673 —

120 710 161 753 ln
196 712 319 753 citata
358 711 471 765 prius
504 711 542 752 S.
578 709 790 767 Hippolyti
838 714 1071 768 expositum
1118 714 1212 755 l'uit:
1254 729 1273 753 ‹<
1298 713 1452 756 Altaria
1488 719 1624 756 autem
1662 728 1751 769 por-

120 780 247 824 tatilia
284 779 533 838 plerumque
559 782 654 825 talia
680 787 788 837 sunt,
815 787 858 825 ut
882 796 929 826 ex
955 782 1117 826 duabus
1141 783 1327 840 partibus
1351 789 1550 839 constent,
1576 798 1750 841 quarum

120 864 213 908 pars
245 853 434 907 superior
468 857 528 894 est
563 852 680 909 lapis,
717 866 810 909 pars
845 855 1012 897 iul'erior
1054 859 1112 897 est
1159 855 1330 911 lignum,
1364 860 1402 898 et
1438 858 1541 898 iuter
1575 855 1753 911 lapidem

117 927 155 966 et
175 922 330 979 liguum
353 923 389 964 iu
410 924 589 978 quodam
610 937 795 967 concavo
816 925 990 981 spatiolo
1011 928 1166 982 positae
1184 931 1277 969 suut
1298 926 1495 983 reliquiae
1509 928 1751 970 Sanctorum

118 1007 222 1051 quae
258 995 430 1051 proinde
464 1008 513 1038 ex
551 1008 629 1038 uua
666 1000 780 1051 parte
817 995 1010 1052 lapidem,
1058 1010 1107 1040 ex
1153 997 1280 1041 altera
1328 1002 1441 1053 parte
1476 997 1630 1053 liguum
1669 1003 1753 1040 tan-

116 1069 285 1120 gunt...:
318 1066 570 1120 Quaeritur:
609 1078 658 1108 an
685 1065 786 1109 liaeo
810 1066 954 1110 altaria
980 1067 1185 1123 portatilia
1212 1070 1248 1110 iu
1276 1081 1349 1110 usu
1378 1070 1543 1110 retineri
1570 1068 1754 1124 possint?

116 1135 155 1178 S.
193 1148 290 1178 vei-0
323 1136 369 1180 R.
404 1134 446 1180 C.
475 1136 811 1192 respondendum¹
837 1139 1015 1180 censuit:
1057 1152 1076 1177 «
1102 1137 1256 1180 Altaria
1283 1138 1501 1194 portatilia,
1524 1141 1578 1181 uti
1604 1138 1755 1181 deseri-

118 1204 270 1249 buntur
294 1208 332 1249 in
357 1206 500 1263 dubio,
527 1207 690 1250 admitti
718 1213 928 1269 nequeunt
952 1224 990 1252 ³).
1016 1208 1209 1252 Attamen
1235 1211 1273 1251 iu
1300 1209 1411 1251 l'out.
1438 1209 1552 1252 Rom.
1581 1208 1755 1252 liabetur

118 1278 221 1320 ritus
258 1292 278 1318 ((
303 1276 362 1321 De
397 1277 552 1321 Altaris
586 1281 898 1322 consecratione
943 1279 1156 1337 (equidem
1197 1279 1301 1337 lixi),
1336 1283 1454 1323 ouius
1486 1279 1752 1336 sepulchrum

118 1346 402 1406 Reliquiarum
429 1353 487 1392 est
513 1351 551 1392 in
581 1349 717 1392 medio
741 1352 992 1394 summitatis
1015 1353 1221 1407 stipitis».
1248 1350 1434 1408 Denique
1459 1353 1496 1393 in
1524 1364 1600 1393 una
1631 1350 1752 1392 Ame-

118 1420 228 1461 rieae
253 1418 265 1440 ¹
302 1422 557 1475 propositum
595 1421 670 1462 fuit
702 1433 786 1478 seq.
828 1436 847 1461 ‹(
873 1420 1052 1464 Dubium
1085 1421 1146 1464 lll.
1173 1420 1281 1474 Quid
1309 1421 1574 1464 iudicandum
1600 1421 1651 1463 de
1676 1420 1753 1463 illis

118 1488 323 1545 lapidibus
367 1492 511 1543 saeris,
558 1504 736 1548 quorum
779 1491 1017 1548 sepulerum
1053 1506 1131 1535 non
1166 1495 1205 1535 in
1244 1493 1393 1547 modio,
1429 1493 1499 1535 sed
1537 1495 1573 1534 iu
1610 1505 1752 1534 eorum

118 1561 250 1603 fronte
283 1561 456 1604 effosum
491 1563 596 1606 fuit?
620 1578 639 1604 ))
678 1563 727 1606 Et
760 1564 799 1607 S.
835 1563 880 1608 R.
917 1563 960 1608 C.
996 1578 1100 1620 resp.
1142 1564 1248 1607 «Ad
1286 1564 1349 1607 lll.
1385 1563 1488 1607 Dieti
1526 1563 1681 1620 lapides
1716 1564 1752 1604 in

118 1635 327 1686 posterum
363 1646 442 1675 nou
478 1627 573 1676 suut
606 1633 874 1688 admitteudi3
910 1636 1045 1692 quoad
1081 1638 1348 1692 praeteritum
1387 1649 1498 1689 vero7
1525 1648 1617 1677 (eum
1643 1647 1753 1677 eom-

119 1701 239 1745 mode
272 1703 360 1746 lieri
397 1706 537 1759 possit,
574 1706 724 1747 iterum
761 1705 944 1748 breviori
980 1706 1154 1749 toi-mula
1189 1711 1485 1750 consecrentur
1509 1722 1546 1748 ».

239 1773 306 1818 53.
344 1776 416 1820 De
451 1777 678 1821 altarium
715 1780 1106 1824 consecratione.
1144 1778 1446 1834 Praeseriptuui
1485 1780 1562 1820 iam
1599 1782 1683 1819 erat
1716 1779 1752 1818 in

120 1843 227 1887 llliss.
262 1845 378 1888 Rom.
416 1846 510 1903 (loe.
546 1846 634 1904 cit.)
669 1848 777 1905 quod
815 1850 1052 1891 invenimus
1077 1851 1114 1891 iu
1140 1863 1230 1893 ean.
1257 1852 1382 1894 1105).
1408 1851 1434 1906 ξ
1458 1850 1489 1891 l.
1524 1847 1573 1891 Iss'l
1598 1847 1755 1891 Missae

119 1915 377 1972 sacrificium
410 1931 539 1974 super
582 1917 692 1961 illust
740 1924 963 1977 utrumque
1008 1935 1027 1960 c(
1051 1919 1180 1963 altare
1205 1935 1224 1961 2>
1262 1920 1301 1977 §³
1337 1920 1374 1962 lii
1409 1919 1613 1962 celebrari
1647 1918 1754 1961 lieite

114 1987 263 2043 possit,
299 1987 439 2030 altare
488 1988 603 2031 debet
655 1992 848 2033 sacrificii
899 1996 1086 2047 tempore
1129 2005 1218 2033 esse
1251 1993 1329 2034 iam
1368 1994 1495 2048 prius,
1529 1988 1754 2031 ‚seeundum

120 2056 344 2116 lituryicas
379 2058 504 2117 lequ,
539 2074 645 2118 quae
686 2077 706 2101 ι(
734 2065 815 2105 vim
849 2076 966 2106 suam
1005 2066 1224 2108 retinent»
1265 2064 1372 2121 (can.
1408 2063 1450 2119 2)
1485 2067 1523 2104 et
1547 2061 1611 2104 liii·
1631 2064 1753 2105 etiam

119 2131 437 2184 confirmantur,
472 2139 773 2187 consecratum,
816 2147 922 2191 quae
947 2138 1204 2179 consecratio
1229 2134 1502 2178 essentialiter
1524 2134 1753 2176 sei-undum

120 2199 209 2243 illas
242 2205 401 2245 constat
435 2216 485 2245 ex
522 2204 835 2248 munctionibus
882 2208 1067 2264 quinque
1115 2220 1209 2250 eum
1257 2220 1375 2249 saoro
1408 2205 1631 2248 chrismate
1670 2220 1687 2244 «
1715 2206 1751 2245 iu

121 2271 257 2314 medio
292 2271 456 2316 tabulae
492 2274 632 2318 altaris
668 2280 707 2318 et
743 2278 779 2318 in
817 2282 995 2333 quatuor
1043 2280 1132 2321 eius
1180 2277 1342 2334 augulis
1367 2293 1385 2317 ³>
1440 2289 1485 2319 ac
1523 2277 1753 2331 respectira

121 2342 294 2386 formula
330 2346 552 2402 quinquies
592 2349 780 2402 repetita,
803 2353 929 2405 atque
955 2351 992 2391 in
1019 2351 1256 2393 inunctione
1279 2348 1401 2391 simili
1426 2346 1633 2403 sepulchri
1659 2359 1752 2388 rum

122 2415 369 2469 repositione
407 2416 543 2459 rituali
581 2417 849 2475 reliquiarum
888 2421 924 2462 in
961 2420 1105 2463 eodem
1148 2423 1221 2463 rite
1245 2419 1476 2463 claudendo
1502 2420 1613 2460 iuxta
1642 2417 1751 2459 l'ont.

121 2482 251 2538 Rom„
287 2484 395 2528 idest
432 2486 492 2529 rel
527 2492 655 2530 lotum
691 2495 972 2542 consecratur,
1005 2504 1175 2547 nempe:
1222 2489 1359 2534 tabula
1404 2503 1497 2532 eum
1532 2487 1751 2544 stipitibus,

120 2553 158 2596 si
190 2560 347 2611 agalm-
379 2555 430 2599 de
463 2557 581 2600 altari
621 2558 841 2614 immobili,
877 2560 937 2603 rel
970 2575 1049 2603 ara
1084 2567 1247 2604 totilum
1276 2559 1509 2619 portatilis,
1544 2571 1649 2616 quae
1668 2557 1752 2600 sola

119 2627 216 2668 tunc
250 2625 379 2670 altare
414 2630 638 2683 constituit,
673 2630 710 2672 si
743 2630 794 2673 de
828 2630 981 2674 niohi‘li.

238 2695 295 2739 De
332 2700 518 2741 ministro
551 2699 790 2745 alterutrius
826 2705 1150 2746 consecrationis
1183 2707 1301 2747 cavet
1334 2703 1362 2760 ξ
1397 2702 1433 2744 ’2.
1467 2702 1577 2744 Aras
1607 2705 1750 2757 porto-

123 2764 230 2822 tiles,
263 2767 394 2811 salcis
428 2769 716 2827 peculiaribus
737 2773 990 2831 privile-(siis,
1032 2787 1137 2831 quae
1178 2774 1241 2817 vel
1278 2773 1464 2831 pluribus
1498 2774 1630 2814 forsan
1663 2784 1752 2827 pre-

242 2920 253 2942 ί
282 2921 325 2954 13
351 2920 440 2956 Iun.
474 2923 577 2968 1899,
607 2935 645 2958 n.
674 2925 780 2958 4032.
