1965 3240
378 156 461 191 ΤιΤ.
489 156 656 190 XXVII.
686 177 698 181 -
727 156 782 191 De
808 157 918 191 bonis
943 157 1209 192 ecclesiasticis
1234 157 1486 201 acquirendis

120 274 296 310 mitiarum
324 274 531 309 solutionem
559 274 648 320 quod
679 275 816 318 attinet,
839 285 893 320 pe-

117 321 262 358 culiaria
300 325 429 356 statuta
455 332 493 356 ac
522 321 714 358 laudabiles
750 332 893 357 consue-

118 369 258 404 tudines
273 369 308 403 in
324 379 535 414 unaquaque
549 369 689 413 regione
706 373 896 404 serventur.

165 416 250 452 (jis.
284 414 385 450 1503.
409 436 425 441 -
447 414 560 450 Salvis
581 416 802 462 praescriptis
820 427 897 452 can.

119 461 281 503 621-6‘24,
322 466 483 497 vetantur
523 464 648 509 privati
684 468 753 498 tam
781 462 895 498 clerici

118 521 223 557 quam
252 510 327 546 laici
356 510 433 545 sine
471 508 578 557 Sedis,
597 510 811 556 Apostolicae
836 515 896 546 aut

120 558 245 604 proprii
286 555 465 593 Ortlinarii
493 562 525 592 et
560 558 738 593 Ordinarii
768 558 828 602 loci
857 557 896 592 li-

117 606 243 641 centia.
275 605 309 639 in
338 604 476 650 scriptis
502 604 592 644 (lata,
625 605 750 651 stipem
777 615 896 649 cogere

119 663 178 699 pro
204 652 357 698 quolibet
385 652 441 697 pio
467 656 525 687 ant
552 652 784 687 ecclesiastico
801 652 896 686 insti—

118 704 191 735 tuto
218 699 269 735 vel
298 698 378 733 tine.

165 747 250 782 (lm.
292 744 392 780 1504.
429 767 450 772 -
482 747 616 781 Omnes
653 747 816 782 ecclesiae
843 746 895 782 vel

118 794 286 830 beneficia
305 793 535 829 iurisdictioni
554 793 708 839 Episcopi
729 794 896 835 subiecta,

118 841 271 887 itemque
298 841 466 876 laicorum
497 841 812 880 confraternitates,
839 842 895 877 de-

116 889 199 924 bent
225 888 414 934 quotannis
441 888 477 922 in
509 889 648 932 signum
669 888 895 923 subiectionis

117 936 247 972 solvere
273 935 440 981 Episcopo
458 935 732 970 cathedraticum
748 946 807 971 seu
828 947 895 971 mo-

116 984 270 1019 deratam
290 988 405 1018 taxant
433 983 737 1018 determinandam
754 983 795 1018 ad
816 994 895 1018 nor-

118 1042 211 1066 mam
237 1041 315 1066 can.
347 1029 447 1071 1507,
469 1034 488 1072 ἓ
511 1030 536 1071 l,
557 1030 624 1064 nisi
654 1030 721 1065 iam
749 1030 895 1076 antiqua

115 1077 367 1114 consuetudine
396 1078 497 1113 tuerit
523 1078 767 1113 determinata.

164 1125 245 1160 cis.
268 1123 364 1161 1505.
382 1146 398 1150 -
417 1125 491 1160 Loci
514 1123 736 1167 Ordinarius,
760 1129 895 1170 praeter

115 1172 285 1208 tributum
305 1184 366 1217 pro
385 1172 594 1209 Seminario.
616 1172 657 1207 de
672 1183 739 1218 quo
759 1173 792 1206 in
813 1183 891 1207 can.

120 1219 221 1263 1:355,
257 1219 355 1262 1356,
395 1224 455 1255 aut
490 1219 728 1255 beneficialem
757 1219 895 1265 pensio-

116 1278 195 1302 nem
222 1267 263 1302 dc
289 1279 359 1313 qua
385 1268 421 1301 in
449 1278 526 1302 can.
558 1265 658 1310 1429,
680 1271 798 1312 potest,
818 1277 893 1312 spe·

114 1315 191 1350 ciali
230 1314 396 1350 dioecesis
436 1315 639 1350 necessitate
678 1314 891 1360 impellente,

114 1362 280 1397 omnibus
300 1362 545 1402 beneficiariis,
567 1362 640 1397 sive
657 1361 894 1397 saecularibus

115 1409 186 1444 sive
212 1409 394 1455 religiosis,
411 1409 727 1444 extraordinariam
754 1414 787 1444 et
822 1420 893 1444 mo-

115 1457 270 1492 deratam
298 1457 513 1492 exactionem
543 1457 734 1502 imponere.

163 1504 246 1539 eis.
282 1503 380 1538 15⁰6.
413 1525 429 1529 -
459 1504 560 1538 Aliud
590 1503 760 1538 tributum
781 1503 815 1537 in
836 1503 893 1538 bo-

116 1562 200 1586 num
228 1551 393 1586 dioecesis
434 1551 483 1586 vel
526 1562 584 1596 pro
614 1556 757 1596 patrono
784 1551 892 1596 impo-

114 1609 196 1633 nere
222 1598 388 1634 ecclesiis.
422 1598 598 1633 beneficiis
628 1598 776 1644 aliisque
794 1598 893 1632 insti-

113 1646 197 1680 tutis
224 1645 478 1682 e‹·clesiasticis.
507 1656 710 1691 quanquam
730 1645 795 1680 sibi
816 1645 895 1681 sub-

113 1692 222 1733 iectis,
262 1691 473 1728 Ordinarius
512 1697 623 1738 potest
651 1693 894 1728 tantummodo

114 1739 149 1774 in
176 1745 255 1775 actu
284 1739 500 1775 fundationis
528 1740 579 1775 vel
598 1740 891 1784 consecrationis3

114 1787 173 1822 sed
217 1787 354 1822 nullum
394 1787 527 1833 imponi
566 1787 737 1822 tributum
783 1792 893 1834 potest

113 1845 216 1880 super
242 1835 474 1881 eleemosynis
501 1833 686 1869 Missarum
714 1835 786 1870 sive
812 1846 892 1870 ma-

112 1881 275 1916 nualium
302 1882 375 1917 sive
403 1882 641 1917 fundatarum.

161 1928 245 1964 Cn.
276 1928 377 1964 1597.
407 1950 423 1954 -
452 1933 470 1971 ξ
495 1929 521 1964 l.
550 1928 653 1964 Salvo
682 1929 892 1975 praescripto

113 1986 191 2011 can.
218 1974 307 2010 1056
327 1981 360 2011 et
377 1987 452 2011 can.
474 1974 572 2013 1234.
594 1976 777 2022 praefinire
796 1981 892 2012 taxas

115 2033 174 2068 pro
201 2023 306 2058 variis
331 2023 466 2058 actibus
493 2023 744 2059 iurisdictionis
771 2024 891 2059 volun-

114 2070 221 2105 tariae
249 2070 300 2105 vel
322 2081 381 2116 pro
398 2071 618 2106 exsecutione
643 2070 891 2116 rescriptorum

115 2115 214 2152 Sedis
253 2117 471 2163 Apostolicae
515 2117 565 2154 vel
609 2117 789 2153 occasione
828 2119 892 2152 mi-

114 2164 333 2200 nistrationis
360 2163 664 2201 Sacramentorum
693 2165 744 2200 vel
771 2164 892 2201 Sacra-

115 2211 333 2253 mentalium,
372 2212 407 2246 in
444 2216 516 2247 tota
553 2212 785 2248 ecclesiastica
821 2223 894 2259 pro·

115 2258 230 2294 vincia
256 2259 452 2299 solvendas
490 2264 541 2295 est
579 2257 726 2295 Concilii
752 2259 890 2305 provin-

113 2305 211 2341 cialis
237 2311 295 2341 aut
322 2311 516 2342 conventus
544 2306 790 2353 Episcoporum
818 2318 892 2353 pro-

115 2352 261 2397 vinciae3
277 2353 336 2389 sed
352 2353 448 2389 nulla
465 2354 494 2388 vi
512 2354 707 2400 praefinitio
721 2354 891 2390 eiusmodi

114 2399 231 2446 pollet,
262 2401 327 2435 nisi
357 2404 452 2447 prius
477 2412 496 2437 a
523 2400 610 2437 Sede
626 2401 822 2447 Apostolica
835 2413 892 2448 ap-

117 2446 259 2493 probata
286 2448 400 2484 fuerit.

162 2498 181 2536 ἓ
207 2493 240 2529 2.
269 2495 320 2530 Ad
346 2500 446 2531 taxas
474 2506 533 2542 pro
558 2496 694 2531 actibus
722 2496 891 2532 iudiciali-

115 2541 180 2576 bus
197 2542 287 2587 quod
306 2547 448 2588 spectat,
464 2547 620 2578 serve-tur
639 2543 890 2590 praescriptum

114 2599 191 2624 can.
223 2587 323 2624 1909.

163 2634 245 2671 Cis.
280 2634 380 2672 1508.
412 2656 428 2663 -
459 2636 781 2682 Praescriptionem,
814 2641 890 2673 tan·

115 2694 220 2728 quam
246 2684 449 2729 acquirendi
492 2688 526 2719 et
559 2695 594 2719 se
621 2683 791 2719 liberandi
821 2695 891 2720 mo-

114 2731 208 2771 dum,
250 2735 349 2776 prout
383 2736 434 2766 est
472 2731 508 2765 in
548 2731 763 2776 legislatione
797 2731 888 2767 civili

113 2777 325 2822 respectivae
353 2778 519 2820 nationis,
541 2777 693 2814 Ecclesia
713 2789 772 2824 pro
792 2778 892 2814 bonis

113 2824 523 2874 ecclesiasticis’recipit‚
558 2825 653 2861 salvo
681 2826 892 2872 praescripto

114 2883 289 2907 canonum
316 2872 374 2918 qui
401 2877 608 2919 sequuntur.

1676 156 1747 191 493

1018 272 1097 309 Cis.
1130 273 1231 308 15⁰9.
1257 295 1271 299 -
1303 274 1566 320 praescriptioni
1598 274 1747 309 obnoxia

970 331 1039 356 non
1067 327 1169 356 sunt:

1044 368 1093 402 1.0
1120 368 1217 412 Quae
1244 373 1325 403 sunt
1352 369 1437 403 iuris
1462 368 1572 403 (livini
1600 368 1671 403 sive
1691 380 1747 402 na-

970 415 1093 450 turalis
1119 416 1190 451 sive
1219 415 1374 462 positivi;

1040 462 1094 496 2.0
1119 463 1216 506 Quae
1254 463 1403 498 obtineri
1441 467 1585 508 possunt
1610 473 1648 498 ex
1676 463 1746 498 solo

971 509 1150 555 privilegio
1175 510 1381 556 apostolie0;

1040 556 1195 592 3.01ura
1234 556 1442 602 spiritualia,
1481 567 1627 602 quorum
1669 557 1744 591 laici

968 614 1039 639 non
1067 609 1149 639 sunt
1183 615 1338 650 capaceS,
1374 604 1401 638 si
1428 609 1552 649 agatur
1577 604 1619 639 de
1655 614 1745 649 prae-

968 651 1033 686 scri
1065 651 1156 687 tione
1183 652 1219 685 in
1246 652 1467 686 commodum
1497 651 1684 691 laicorum;

1064 699 1088 732 .0
1116 698 1215 734 Fines
1248 698 1329 734 certi
1366 703 1397 733 ct
1437 698 1572 733 indubii
1608 699 1745 744 provin-

968 744 1102 782 ciarum
1117 745 1675 788 ecclesiasticarum,dioecesium,
1689 757 1746 791 pa-

968 792 1175 837 roeciarum⁷
1205 793 1434 828 vicariatuum
1461 793 1741 838 apostolicorum.

970 841 1264 886 praefecturarum
1280 840 1564 886 apostolicarum,
1593 839 1745 875 abbatia-

967 899 1045 922 rum
1073 888 1123 922 vel
1154 888 1428 934 praelaturarum
1456 887 1606 929 nullius,-

1039 933 1088 969 5.0
1116 935 1362 981 Eleemosynae
1376 939 1408 970 et
1423 946 1529 970 onera
1545 933 1744 976 Missarum3

1039 981 1087 1015 13³>
1116 982 1325 1018 Beneficium
1363 981 1637 1018 ecclesiasticum
1671 982 1747 1016 sine

967 1029 1087 1069 titulo:

1039 1076 1091 1111 7.0
1118 1076 1172 1111 lus
1200 1076 1410 1112 visitationis
1448 1082 1479 1112 et
1514 1075 1745 1115 obedientiae,

969 1125 1016 1160 ita
1043 1129 1078 1159 ut
1105 1124 1233 1159 subditi
1262 1136 1283 1160 a
1310 1124 1405 1159 nullo
1434 1123 1589 1159 Praelato
1616 1123 1745 1157 visitari

970 1171 1099 1218 possint
1124 1178 1161 1219 et
1187 1172 1274 1207 nulli
1305 1171 1458 1206 Praelato
1490 1171 1559 1206 iam
1586 1170 1746 1211 subsint;

1039 1219 1091 1253 8.0
1117 1219 1249 1254 Solutio
1275 1219 1510 1254 cathedratici.

1015 1266 1100 1301 CAN.
1143 1266 1244 1301 151⁰.
1276 1288 1291 1291 -
1329 1270 1347 1308 ἓ
1371 1266 1400 1300 1.
1424 1265 1489 1301 Res
1514 1276 1631 1300 sacrae
1657 1275 1746 1310 quae

969 1314 1003 1347 in
1047 1314 1202 1349 dominio
1248 1314 1461 1360 privatorum
1506 1318 1602 1356 sunt,
1652 1323 1747 1357 prae-

967 1361 1154 1407 scriptione
1192 1361 1326 1407 acquiri
1354 1372 1374 1396 a
1406 1361 1548 1407 privatis
1589 1360 1748 1406 personis

969 1413 1126 1454 possunt,
1155 1419 1243 1455 quae
1270 1413 1387 1444 tamen
1414 1419 1472 1443 eas
1498 1408 1665 1443 adbibere
1691 1418 1747 1442 ne-

967 1460 1101 1501 queunt
1125 1457 1168 1491 ad
1199 1456 1361 1502 profanos
1390 1467 1491 1495 usus;
1521 1455 1547 1489 si
1570 1466 1648 1490 vero
1666 1465 1746 1490 con-

967 1503 1195 1539 secrationem
1225 1503 1276 1538 vel
1315 1503 1592 1538 benedictionem
1619 1503 1745 1537 amise-

967 1551 1050 1587 rint,
1081 1550 1186 1586 libere
1213 1551 1345 1596 acquiri
1388 1555 1532 1596 possunt
1569 1549 1673 1585 etiam
1701 1549 1745 1585 ad

967 1609 1051 1633 usus
1080 1600 1254 1644 profanos,
1284 1609 1355 1633 non
1382 1602 1501 1633 tamen
1527 1597 1697 1632 sordidos.

1014 1645 1092 1691 ξέὶ.
1122 1645 1185 1681 Res
1222 1656 1350 1685 sacrae,
1389 1656 1478 1690 quae
1517 1644 1551 1678 in
1591 1644 1747 1680 dominio

968 1693 1180 1739 privatorum
1222 1704 1291 1728 non
1332 1697 1422 1733 sunt,
1451 1703 1520 1727 non
1552 1703 1572 1726 a
1600 1703 1748 1737 persona

968 1740 1113 1786 privata,
1150 1740 1209 1775 sed
1240 1751 1260 1775 a
1297 1750 1441 1785 persona
1481 1739 1601 1774 morali
1642 1739 1748 1775 eccle·

965 1787 1105 1823 siastira
1143 1792 1265 1822 contra
1302 1787 1407 1822 aliam
1449 1798 1630 1833 personam
1675 1798 1746 1822 mo-

965 1834 1073 1870 ralem
1116 1834 1384 1870 ecclesiasticam
1430 1834 1615 1880 praescribi
1662 1845 1743 1880 pos-

966 1887 1060 1917 sunt.

1013 1929 1098 1964 Cis.
1133 1928 1232 1964 l3ill.
1266 1950 1282 1954 -
1311 1933 1330 1971 ξ
1364 1928 1392 1963 1.
1430 1928 1493 1964 Res
1534 1928 1742 1969 immobiles,

966 1977 1111 2012 mobiles
1140 1976 1321 2022 pretiosae,
1350 1977 1426 2011 iura
1451 1981 1484 2011 et
1501 1976 1655 2011 actiones
1675 1976 1746 2011 sive

967 2024 1166 2070 personales
1193 2024 1266 2058 sive
1304 2024 1426 2064 reales,
1455 2034 1543 2069 quae
1570 2023 1745 2069 pertinent

964 2071 1007 2107 ad
1035 2072 1157 2107 Sedem
1186 2071 1436 2117 Apostolicam,
1465 2070 1577 2116 spatio
1604 2076 1743 2106 centum

964 2129 1139 2154 annorum
1169 2118 1466 2164 praescribuntur.

1012 2170 1032 2208 ξ
1059 2166 1091 2200 ’2.
1122 2165 1221 2209 Quae
1248 2165 1289 2200 ad
1316 2165 1422 2200 aliam
1459 2176 1643 2211 personam
1678 2175 1747 2199 mo-

964 2213 1071 2249 ralem
1115 2212 1399 2249 ecclesiasticam.
1445 2212 1558 2259 spatio
1601 2212 1746 2257 triginta

963 2271 1149 2296 annorum.

1013 2308 1098 2343 CAN.
1124 2306 1224 2342 1512.
1249 2328 1265 2332 ‹-
1287 2306 1386 2342 Nulla
1404 2306 1492 2342 valet
1508 2306 1744 2352 praescriptio,

966 2355 1031 2389 nisi
1053 2355 1143 2390 bona
1166 2355 1231 2389 tide
1254 2354 1397 2395 nitatur,
1418 2365 1487 2389 non
1514 2353 1625 2389 solum
1645 2353 1745 2388 initio

967 2402 1206 2448 possessionis,
1236 2401 1294 2437 sed
1321 2406 1391 2437 toto
1418 2401 1644 2447 possessionis
1663 2405 1745 2436 tem-

966 2461 1046 2496 pore
1071 2450 1113 2485 ad
1142 2449 1451 2495 praescriptionem
1482 2448 1663 2494 requisito.

1015 2496 1101 2533 Cis.
1136 2495 1236 2531 1513.
1267 2516 1285 2522 -
1312 2500 1332 2538 ξ
1364 2496 1391 2531 l.
1423 2495 1490 2539 Qui
1521 2506 1558 2530 ex
1587 2495 1660 2530 iure
1688 2506 1742 2529 na-

965 2549 1062 2580 turae
1099 2549 1131 2579 et
1170 2543 1402 2579 ecclesiastico
1444 2543 1550 2578 libere
1588 2542 1677 2577 valet
1702 2542 1743 2577 de

964 2591 1037 2626 suis
1064 2591 1166 2626 bonis
1201 2595 1365 2631 statuere,
1408 2594 1515 2636 potest
1553 2589 1595 2625 ad
1621 2600 1744 2624 causas

966 2638 1053 2685 pias,
1082 2639 1154 2674 sive
1182 2649 1240 2684 per
1265 2642 1382 2673 actum
1419 2638 1509 2673 inter
1548 2637 1642 2671 vivos
1672 2636 1744 2671 sive

966 2696 1025 2732 per
1050 2690 1166 2720 actum
1207 2685 1328 2719 mortis
1366 2696 1483 2725 causa,
1525 2683 1615 2719 bona
1642 2683 1743 2718 relin-

964 2744 1081 2779 quere.

1012 2783 1032 2822 ξ
1059 2780 1090 2814 2.
1118 2779 1155 2814 ln
1184 2778 1316 2814 ultimis
1357 2778 1593 2814 voluntatibus
1621 2777 1654 2811 in
1684 2777 1742 2813 bo-

964 2837 1049 2862 num
1078 2826 1247 2862 Ecclesiae
1273 2830 1463 2866 serventur,
1483 2825 1510 2859 si
1532 2825 1602 2860 lieri
1624 2825 1742 2871 possit,

964 2874 1203 2910 solemnitates
1230 2873 1315 2908 iuris
1341 2872 1473 2913 civilis3
1504 2873 1566 2907 bae
1591 2873 1617 2906 si
1638 2871 1741 2907 omis-
