1965 3240
532 209 615 244 Trr.
642 207 771 243 XXX.
798 228 811 234 —
838 208 894 243 De
914 181 999 253 piis
1023 208 1328 251 fundationibus
1404 211 1406 214 '
1671 211 1740 245 583

120 329 230 388 (can,
264 330 304 384 6,
338 329 414 387 4⁰).
450 329 670 385 Beductio,
695 330 768 372 etsi
804 341 876 385 per
908 321 1339 372 moderationem‘aut
1371 332 1738 374 commutationem

120 402 202 458 fiat,
236 414 409 445 onerum
445 400 650 459 «aliquas
683 399 824 444 Missas
856 398 1110 456 celebrandi,
1145 399 1209 443 vel
1248 399 1349 443 alias
1383 401 1620 457 praefinitas
1652 402 1739 443 sun-

117 474 274 516 ctiones
322 471 635 527 ecclesiasticas,
670 470 879 528 explendi,
912 474 982 513 aut
1029 470 1225 514 nonnulla
1269 473 1432 527 pietatis
1475 475 1515 514 et
1560 473 1742 514 caritatis

117 555 242 600 opera
278 542 543 599 peragendi»
580 541 689 597 (can.
725 541 850 597 1544,
882 540 911 599 ξ
944 540 1001 598 1),
1035 543 1219 584 omnium
1255 541 1320 585 vel
1354 541 1604 599 aliquorum,
1638 555 1744 598 quae

112 613 211 671 pias
242 612 518 671 fmzu'atz'ones
551 612 735 669 singulas
763 617 946 670 yravant
993 625 1043 655 ex
1079 612 1241 655 illorum
1278 617 1437 665 natura,
1474 612 1559 664 uni,
1594 613 1744 655 ceteris

115 683 407 741 Superioribus
439 684 575 742 quoad
605 683 858 727 validitatem
891 696 1056 741 quoque
1081 683 1189 726 illius
1222 682 1415 738 exclusiS,
1442 682 1541 726 Secli
1574 683 1744 740 Aposto-

115 753 222 798 ἰαὶ-αθ
254 755 305 798 ad
341 768 529 798 normam
563 767 652 798 can.
689 755 728 810 7,
758 754 917 798 scilicet
950 767 1022 811 per
1054 754 1092 797 S.
1117 752 1266 810 Congr.
1292 753 1476 809 Concilii,
1501 759 1744 796 reservatur

116 824 244 868 veluti
273 837 436 868 «causa
462 827 631 868 maior»
660 818 914 881 (can.'2⁶2())‚
937 823 1201 867 manentibus
1225 823 1386 867 duabus
1414 822 1742 879 exceptionibus,

117 894 334 939 videlicet:
359 894 398 952 a)
419 894 504 938 m'si
535 895 580 938 in
615 894 769 938 tabulis
800 894 1083 954 fundationis,
1107 907 1214 952 quae
1249 897 1287 937 in
1322 907 1413 938 can.
1440 894 1552 937 1548
1587 907 1740 937 memo-

116 970 228 1010 ratae
259 970 368 1022 suut,
401 965 522 1009 aliud
555 979 726 1022 nempe:
752 965 864 1009 illam
897 970 1134 1022 competere
1158 965 1275 1009 alteri
1299 966 1510 1022 Superiori
1542 965 1743 1008 reductio—

116 1050 223 1086 nem,
257 1050 452 1095 eoepresse
482 1036 535 1081 ob
567 1036 730 1080 illarum
764 1041 948 1081 tenorem
983 1041 1196 1090 caveatur,
1220 1038 1276 1080 uti
1312 1036 1485 1093 provida
1520 1035 1744 1078 voluntatis

116 1108 389 1151 manifestatio
427 1107 656 1164 «legitime
699 1112 957 1164 acceptata»
996 1107 1103 1165 (can.
1143 1106 1268 1163 1544,
1301 1107 1328 1165 ἓ
1372 1107 1431 1165 2),
1463 1112 1503 1150 et
1546 1107 1594 1163 b)
1625 1106 1742 1150 salvo

112 1178 378 1237 praescripto
412 1193 502 1222 can.
539 1181 666 1231 1517,
699 1181 724 1233 ξ
754 1181 797 1235 2,
834 1183 1000 1235 propter
1033 1179 1143 1236 quod
1183 1178 1279 1222 «ob
1313 1181 1554 1221 imminutos
1587 1178 1744 1221 reditus

112 1249 293 1293 aliamve
327 1263 510 1305 causam,
532 1254 591 1303 (ut
624 1250 679 1294 ibi
714 1250 806 1294 talis
828 1252 887 1304 ξω
909 1251 983 1293 fuit
1004 1249 1272 1307 declaratus),
1297 1247 1545 1294 Ordina'rius
1578 1262 1742 1307 quoque

116 1323 264 1378 poterit
306 1321 453 1365 eadem
501 1334 626 1365 onera
669 1334 801 1379 aeque
846 1323 1106 1375 imminuere,
1140 1325 1315 1378 excepta
1359 1320 1575 1364 Missurum
1621 1321 1742 1364 redu-

113 1393 312 1447 ctione»,
338 1406 445 1451 quae
478 1395 681 1450 exceptio,
706 1398 749 1436 ut
782 1392 936 1436 ibidem
969 1392 1151 1436 diximus
1184 1396 1244 1435 est
1279 1391 1491 1435 limitanda
1527 1404 1599 1448 per
1631 1391 1742 1435 clau-

114 1463 246 1506 sulam
279 1465 303 1518 g
330 1464 345 1506 1
386 1464 573 1507 eiusdem
608 1466 799 1507 canonis:
829 1480 850 1505 «
873 1466 949 1507 nisi
983 1464 1176 1507 fundator
1209 1463 1315 1507 banc
1340 1467 1585 1520 potestatem
1619 1465 1742 1506 etiam

115 1531 340 1578 Ordinario
374 1535 449 1578 loci
484 1548 679 1592 expresse
712 1537 1023 1579 concesserit».

235 1606 300 1649 Sic
334 1608 442 1649 enim
487 1606 667 1649 solutum
701 1611 760 1649 est
803 1605 1040 1649 authentice
1071 1619 1249 1663 sequens
1281 1605 1454 1649 dubium
1476 1605 1513 1649 ²:
1553 1605 1742 1650 «Utrum

115 1673 379 1731 Ordinarius,
412 1677 463 1720 ad
497 1690 685 1720 normam
721 1690 810 1721 can.
842 1677 948 1720 1517
984 1681 1023 1720 et
1055 1690 1144 1720 can.
1174 1677 1302 1731 1551,
1327 1675 1378 1719 ob
1413 1679 1652 1719 imminutos
1686 1689 1745 1719 re-

115 1746 239 1797 (111113,
272 1760 396 1790 onera
431 1746 647 1791 Missarum
683 1748 883 1792 reducere
920 1748 1066 1803 valeat,
1091 1750 1124 1791 si
1159 1748 1198 1791 id
1234 1750 1272 1790 111
1308 1747 1458 1791 tabulis
1493 1746 1744 1790 fundationis

116 1830 310 1875 expresse
344 1822 555 1862 caveatur.
588 1818 708 1875 Resp.
744 1818 1006 1862 Affirmative
1029 1835 1067 1862 ».

233 1888 415 1933 Utilitate
437 1889 687 1947 quandoque
706 1902 785 1932 11011
810 1889 1070 1933 fraudabitur
1090 1892 1358 1934 rememorari
1386 1890 1600 1933 decretum
1620 1888 1742 1934 Cone.

115 1958 225 2003 Trid.
266 1958 518 2016 «Contingit
549 1972 717 2017 saepe»
742 1959 757 1982 ²
790 1974 871 2018 quo
909 1962 1096 2004 «Sancta
1131 1961 1324 2018 Synodus
1359 1961 1596 2004 facultatem
1630 1961 1745 2004 dedit

114 2029 341 2087 Episcopis,
377 2035 418 2073 ut
452 2033 491 2073 in
525 2031 691 2088 Synodo
724 2032 983 2087 dioecesana,
1020 2034 1203 2089 itemque
1236 2031 1467 2082 abbatibus,
1503 2037 1543 2075 et
1576 2044 1744 2088 genera-

115 2099 222 2143 libus
254 2097 460 2145 Ordinum
511 2106 553 2144 ut
586 2103 624 2143 111
674 2103 759 2144 suis
792 2101 983 2158 capitulis
1015 2101 1292 2158 generalibus,
1328 2115 1370 2145 re
1403 2102 1624 2158 diligenter
1658 2115 1745 2158 per-

113 2176 267 2228 specta,
303 2177 467 2228 possent
501 2185 573 2228 pro
622 2184 695 2215 sua
729 2174 1025 2216 conscientia...
1060 2177 1241 2216 statuere
1274 2174 1385 2216 circa
1421 2185 1616 2229 magnum
1653 2175 1743 2215 mis-

113 2254 253 2285 sarum
288 2242 633 2286 celebrandarum
668 2256 888 2286 numerum
922 2256 970 2286 ex
1009 2246 1135 2286 variis
1168 2243 1458 2287 defunctorum
1484 2243 1638 2287 relictis
1672 2246 1742 2285 im·

117 2315 293 2368 positum
327 2313 528 2371 quidquid
566 2315 697 2370 magis
730 2314 781 2356 ad
818 2313 888 2357 Dei
922 2313 1135 2370 bonorem,
1170 2318 1209 2357 et
1247 2313 1417 2369 cultum,
1453 2319 1576 2371 atque
1610 2313 1740 2357 cccle-

115 2385 268 2426 siarum
303 2384 519 2427 utilitatem
548 2384 727 2427 viderint
759 2385 1014 2441 expedire».
1039 2384 1156 2438 Quae
1180 2384 1354 2428 facultas
1377 2384 1643 2441 intelligenda
1669 2386 1741 2427 fuit

113 2453 167 2496 de
200 2457 330 2510 prima
373 2455 540 2512 synodo
583 2455 827 2499 dioecesana
870 2460 909 2499 et
957 2455 1012 2499 de>
1056 2458 1189 2512 primo
1232 2455 1417 2511 generali
1466 2454 1647 2512 capitulo
1687 2454 1742 2496 illi

115 2521 297 2568 Concilio
330 2524 461 2570 Τ1·“1(1.0
495 2526 761 2584 subsequuto,
799 2529 1040 2583 ceteroquin
1077 2538 1184 2570 nunc
1213 2526 1394 2570 obsoleta
1428 2525 1480 2569 ob
1514 2528 1582 2569 cit.
1617 2525 1742 2568 Dec-3¹³

115 2595 154 2638 S.
189 2593 338 2652 Congr.
370 2595 555 2642 Concilii.

237 2666 425 2710 Pluribus
457 2668 495 2711 S.
520 2666 686 2723 Congr.⁸
708 2667 878 2711 Concilii
913 2668 1078 2712 fulcitur
1109 2668 1238 2723 stylus
1270 2667 1431 2722 Curiae,
1462 2680 1585 2723 quem
1621 2668 1743 2709 rel'ert

116 2737 145 2795 g
177 2739 219 2779 2.
256 2736 482 2788 indultum,
516 2737 642 2780 idest:
677 2740 856 2794 gratiosa
889 2742 1100 2782 concessio
1133 2739 1182 2781 ad
1219 2744 1382 2795 tempus
1415 2741 1503 2781 sive
1538 2751 1610 2794 pro
1650 2750 1743 2787 uno,

117 2809 207 2850 sive
242 2820 313 2864 pro
349 2807 535 2863 pluribus
567 2807 728 2851 actibus
759 2807 986 2852 reducendi
1019 2811 1200 2852 taxatixe
1233 2807 1390 2852 Missas
1431 2807 1636 2865 fundatas
1675 2809 1742 2850 uni

237 2914 248 2935 ¹
278 2913 482 2947 Commissi.
513 2912 629 2949 Pont.
662 2912 709 2947 ad
735 2924 786 2947 ss.
825 2921 928 2947 can.⁵
955 2913 1065 2948 auth.
1097 2913 1424 2958 interpretandos.
1456 2914 1499 2946 14
1532 2912 1605 2946 Iul.
1638 2912 1740 2945 1922.

118 2959 197 2995 CO.
227 2960 334 2994 XIV.
364 2959 445 2994 529.
477 2980 518 2984 —
545 2959 559 2981 2
586 2959 677 3005 Cap.
705 2960 727 2993 4
753 2971 849 2995 sess.
879 2960 992 2994 XXV
1018 2961 1075 2995 De
1102 2960 1186 2995 Res.
