<?xml version="1.0" encoding="UTF-8"?>
<!DOCTYPE html PUBLIC "-//W3C//DTD XHTML 1.0 Transitional//EN"
    "http://www.w3.org/TR/xhtml1/DTD/xhtml1-transitional.dtd">
<html xmlns="http://www.w3.org/1999/xhtml" xml:lang="en" lang="en">
 <head>
  <title>
</title>
<meta http-equiv="Content-Type" content="text/html;charset=utf-8" />
  <meta name='ocr-system' content='tesseract 3.04.00' />
  <meta name='ocr-capabilities' content='ocr_page ocr_carea ocr_par ocr_line ocrx_word'/>
</head>
<body>
  <div class='ocr_page' id='page_1' title='image "./commentariumtext03blatuoft_0166.png"; bbox 0 0 1965 3240; ppageno 0'>
   <div class='ocr_carea' id='block_1_1' title="bbox 186 108 1222 144">
    <p class='ocr_par' dir='ltr' id='par_1_1' title="bbox 186 108 1222 144">
     <span class='ocr_line' id='line_1_1' title="bbox 186 108 1222 144; baseline 0.001 -1"><span class='ocrx_word' id='word_1_1' title='bbox 186 110 252 144; x_wconf 76' lang='lat'>154</span> <span class='ocrx_word' id='word_1_2' title='bbox 773 108 960 143; x_wconf 59' lang='lat' dir='ltr'>Lissqm.</span> <span class='ocrx_word' id='word_1_3' title='bbox 989 129 1003 134; x_wconf 99' lang='lat'>-</span> <span class='ocrx_word' id='word_1_4' title='bbox 1028 110 1086 144; x_wconf 86' lang='lat' dir='ltr'>De</span> <span class='ocrx_word' id='word_1_5' title='bbox 1110 111 1222 144; x_wconf 79' lang='lat' dir='ltr'>rebus</span> 
     </span>
    </p>
   </div>
   <div class='ocr_carea' id='block_1_2' title="bbox 189 164 1802 182">
    <p class='ocr_par' dir='ltr' id='par_1_2' title="bbox 189 164 1802 182">
     <span class='ocr_line' id='line_1_2' title="bbox 189 164 1802 182; baseline 0 0"><span class='ocrx_word' id='word_1_6' title='bbox 189 164 1802 182; x_wconf 95' lang='lat' dir='ltr'> </span> 
     </span>
    </p>
   </div>
   <div class='ocr_carea' id='block_1_3' title="bbox 183 227 1820 1346">
    <p class='ocr_par' dir='ltr' id='par_1_3' title="bbox 183 227 1818 921">
     <span class='ocr_line' id='line_1_3' title="bbox 183 227 1817 288; baseline 0.002 -17"><span class='ocrx_word' id='word_1_7' title='bbox 183 227 433 286; x_wconf 69' lang='lat' dir='ltr'>perstitiose</span> <span class='ocrx_word' id='word_1_8' title='bbox 456 231 624 284; x_wconf 86' lang='lat' dir='ltr'>propter</span> <span class='ocrx_word' id='word_1_9' title='bbox 646 227 864 271; x_wconf 80' lang='lat' dir='ltr'>falsitatem</span> <span class='ocrx_word' id='word_1_10' title='bbox 892 227 954 271; x_wconf 85' lang='lat' dir='ltr'>vel</span> <span class='ocrx_word' id='word_1_11' title='bbox 983 229 1205 271; x_wconf 91' lang='lat' dir='ltr'>vanitatem</span> <span class='ocrx_word' id='word_1_12' title='bbox 1232 229 1270 270; x_wconf 93' lang='lat' dir='ltr'>in</span> <span class='ocrx_word' id='word_1_13' title='bbox 1301 227 1500 285; x_wconf 81' lang='lat' dir='ltr'>religione</span> <span class='ocrx_word' id='word_1_14' title='bbox 1539 229 1629 273; x_wconf 81' lang='lat' dir='ltr'><em>ulla</em></span> <span class='ocrx_word' id='word_1_15' title='bbox 1664 231 1817 288; x_wconf 66' lang='lat' dir='ltr'>pratris</span> 
     </span>
     <span class='ocr_line' id='line_1_4' title="bbox 185 298 1814 358; baseline 0.002 -16"><span class='ocrx_word' id='word_1_16' title='bbox 185 298 429 352; x_wconf 75' lang='lat' dir='ltr'>inducatur,</span> <span class='ocrx_word' id='word_1_17' title='bbox 453 298 709 355; x_wconf 78' lang='lat' dir='ltr'>proindeque</span> <span class='ocrx_word' id='word_1_18' title='bbox 734 301 812 342; x_wconf 89' lang='lat' dir='ltr'>iam</span> <span class='ocrx_word' id='word_1_19' title='bbox 839 299 1006 342; x_wconf 87' lang='lat' dir='ltr'>inducta</span> <span class='ocrx_word' id='word_1_20' title='bbox 1034 299 1254 355; x_wconf 86' lang='lat' dir='ltr'>vigilanter</span> <span class='ocrx_word' id='word_1_21' title='bbox 1283 300 1538 344; x_wconf 90' lang='lat' dir='ltr'>removenda</span> <span class='ocrx_word' id='word_1_22' title='bbox 1576 314 1626 344; x_wconf 87' lang='lat' dir='ltr'>ex</span> <span class='ocrx_word' id='word_1_23' title='bbox 1660 301 1814 358; x_wconf 88' lang='lat' dir='ltr'>obliga·</span> 
     </span>
     <span class='ocr_line' id='line_1_5' title="bbox 184 368 1818 427; baseline 0.002 -15"><span class='ocrx_word' id='word_1_24' title='bbox 184 372 294 412; x_wconf 85' lang='lat' dir='ltr'>tione</span> <span class='ocrx_word' id='word_1_25' title='bbox 319 369 441 412; x_wconf 86' lang='lat' dir='ltr'>officii</span> <span class='ocrx_word' id='word_1_26' title='bbox 467 368 518 412; x_wconf 89' lang='lat' dir='ltr'>ob</span> <span class='ocrx_word' id='word_1_27' title='bbox 543 371 605 412; x_wconf 92' lang='lat' dir='ltr'>ius</span> <span class='ocrx_word' id='word_1_28' title='bbox 628 369 831 424; x_wconf 73' lang='lat' dir='ltr'>divinum,</span> <span class='ocrx_word' id='word_1_29' title='bbox 856 370 896 426; x_wconf 92' lang='lat' dir='ltr'>c)</span> <span class='ocrx_word' id='word_1_30' title='bbox 920 374 994 412; x_wconf 77' lang='lat' dir='ltr'>aut</span> <span class='ocrx_word' id='word_1_31' title='bbox 1017 368 1246 427; x_wconf 71' lang='lat' dir='ltr'>quidquam</span> <span class='ocrx_word' id='word_1_32' title='bbox 1270 371 1393 412; x_wconf 89' lang='lat' dir='ltr'>etiam</span> <span class='ocrx_word' id='word_1_33' title='bbox 1420 383 1596 426; x_wconf 88' lang='lat' dir='ltr'>parvum</span> <span class='ocrx_word' id='word_1_34' title='bbox 1621 370 1818 415; x_wconf 74' lang='lat' dir='ltr'>admitta-</span> 
     </span>
     <span class='ocr_line' id='line_1_6' title="bbox 189 438 1817 499; baseline 0.002 -17"><span class='ocrx_word' id='word_1_35' title='bbox 189 446 257 482; x_wconf 77' lang='lat' dir='ltr'>tw·</span> <span class='ocrx_word' id='word_1_36' title='bbox 280 454 305 482; x_wconf 83' lang='lat' dir='ltr'><em>a</em></span> <span class='ocrx_word' id='word_1_37' title='bbox 327 439 407 496; x_wconf 82' lang='lat' dir='ltr'>fide</span> <span class='ocrx_word' id='word_1_38' title='bbox 429 438 631 493; x_wconf 71' lang='lat' dir='ltr'>alienum,</span> <span class='ocrx_word' id='word_1_39' title='bbox 655 442 744 483; x_wconf 72' lang='lat' dir='ltr'>sive</span> <span class='ocrx_word' id='word_1_40' title='bbox 769 441 1022 483; x_wconf 83' lang='lat' dir='ltr'>contrarium</span> <span class='ocrx_word' id='word_1_41' title='bbox 1060 442 1149 483; x_wconf 85' lang='lat' dir='ltr'>sive</span> <span class='ocrx_word' id='word_1_42' title='bbox 1174 442 1247 497; x_wconf 89' lang='lat' dir='ltr'>ipsi</span> <span class='ocrx_word' id='word_1_43' title='bbox 1289 442 1424 483; x_wconf 90' lang='lat' dir='ltr'>minus</span> <span class='ocrx_word' id='word_1_44' title='bbox 1461 454 1704 496; x_wconf 78' lang='lat' dir='ltr'>consonum,</span> <span class='ocrx_word' id='word_1_45' title='bbox 1729 456 1817 499; x_wconf 91' lang='lat' dir='ltr'>pro-</span> 
     </span>
     <span class='ocr_line' id='line_1_7' title="bbox 186 510 1815 568; baseline 0.001 -14"><span class='ocrx_word' id='word_1_46' title='bbox 186 516 274 567; x_wconf 85' lang='lat' dir='ltr'>pter</span> <span class='ocrx_word' id='word_1_47' title='bbox 298 510 408 553; x_wconf 90' lang='lat' dir='ltr'>illam</span> <span class='ocrx_word' id='word_1_48' title='bbox 438 512 631 553; x_wconf 86' lang='lat' dir='ltr'>virtutem</span> <span class='ocrx_word' id='word_1_49' title='bbox 658 513 746 553; x_wconf 92' lang='lat' dir='ltr'>iure</span> <span class='ocrx_word' id='word_1_50' title='bbox 769 510 912 553; x_wconf 74' lang='lat' dir='ltr'>divino</span> <span class='ocrx_word' id='word_1_51' title='bbox 938 511 1164 566; x_wconf 84' lang='lat' dir='ltr'>prudenter</span> <span class='ocrx_word' id='word_1_52' title='bbox 1187 510 1503 564; x_wconf 79' lang='lat' dir='ltr'>eliminandum,</span> <span class='ocrx_word' id='word_1_53' title='bbox 1527 511 1573 568; x_wconf 91' lang='lat' dir='ltr'>d)</span> <span class='ocrx_word' id='word_1_54' title='bbox 1596 511 1659 555; x_wconf 78' lang='lat' dir='ltr'>vel</span> <span class='ocrx_word' id='word_1_55' title='bbox 1682 512 1731 556; x_wconf 81' lang='lat' dir='ltr'>ab</span> <span class='ocrx_word' id='word_1_56' title='bbox 1754 527 1815 556; x_wconf 83' lang='lat' dir='ltr'>ec-</span> 
     </span>
     <span class='ocr_line' id='line_1_8' title="bbox 185 580 1816 639; baseline 0.002 -16"><span class='ocrx_word' id='word_1_57' title='bbox 185 581 424 624; x_wconf 75' lang='lat' dir='ltr'>clesiastiea</span> <span class='ocrx_word' id='word_1_58' title='bbox 449 580 695 635; x_wconf 68' lang='lat' dir='ltr'>traditione,</span> <span class='ocrx_word' id='word_1_59' title='bbox 720 594 789 624; x_wconf 89' lang='lat' dir='ltr'>seu</span> <span class='ocrx_word' id='word_1_60' title='bbox 826 583 940 636; x_wconf 84' lang='lat' dir='ltr'>praxi</span> <span class='ocrx_word' id='word_1_61' title='bbox 977 593 1108 638; x_wconf 85' lang='lat' dir='ltr'>usque</span> <span class='ocrx_word' id='word_1_62' title='bbox 1142 594 1251 624; x_wconf 91' lang='lat' dir='ltr'>nunc</span> <span class='ocrx_word' id='word_1_63' title='bbox 1289 589 1469 639; x_wconf 80' lang='lat' dir='ltr'>servata,</span> <span class='ocrx_word' id='word_1_64' title='bbox 1510 595 1615 639; x_wconf 86' lang='lat' dir='ltr'>quae</span> <span class='ocrx_word' id='word_1_65' title='bbox 1650 584 1816 627; x_wconf 87' lang='lat' dir='ltr'>traditio</span> 
     </span>
     <span class='ocr_line' id='line_1_9' title="bbox 184 651 1816 709; baseline 0.001 -14"><span class='ocrx_word' id='word_1_66' title='bbox 184 653 272 695; x_wconf 83' lang='lat' dir='ltr'>sous</span> <span class='ocrx_word' id='word_1_67' title='bbox 294 657 353 695; x_wconf 88' lang='lat' dir='ltr'>est</span> <span class='ocrx_word' id='word_1_68' title='bbox 376 665 541 709; x_wconf 83' lang='lat' dir='ltr'>quoque</span> <span class='ocrx_word' id='word_1_69' title='bbox 565 651 879 707; x_wconf 86' lang='lat' dir='ltr'>cognoscendae</span> <span class='ocrx_word' id='word_1_70' title='bbox 917 651 1085 694; x_wconf 88' lang='lat' dir='ltr'>divinae</span> <span class='ocrx_word' id='word_1_71' title='bbox 1109 651 1375 695; x_wconf 87' lang='lat' dir='ltr'>revelationis</span> <span class='ocrx_word' id='word_1_72' title='bbox 1400 656 1438 695; x_wconf 90' lang='lat' dir='ltr'>et</span> <span class='ocrx_word' id='word_1_73' title='bbox 1472 655 1611 709; x_wconf 80' lang='lat' dir='ltr'>praxis</span> <span class='ocrx_word' id='word_1_74' title='bbox 1635 667 1729 697; x_wconf 88' lang='lat' dir='ltr'>cum</span> <span class='ocrx_word' id='word_1_75' title='bbox 1769 666 1816 697; x_wconf 92' lang='lat' dir='ltr'>ea</span> 
     </span>
     <span class='ocr_line' id='line_1_10' title="bbox 184 721 1816 781; baseline 0.001 -16"><span class='ocrx_word' id='word_1_76' title='bbox 184 723 419 778; x_wconf 79' lang='lat' dir='ltr'>conformis⁷</span> <span class='ocrx_word' id='word_1_77' title='bbox 459 721 672 777; x_wconf 72' lang='lat' dir='ltr'>absonum,</span> <span class='ocrx_word' id='word_1_78' title='bbox 711 724 905 778; x_wconf 83' lang='lat' dir='ltr'>quamvis</span> <span class='ocrx_word' id='word_1_79' title='bbox 928 735 1008 764; x_wconf 90' lang='lat' dir='ltr'>non</span> <span class='ocrx_word' id='word_1_80' title='bbox 1034 721 1192 765; x_wconf 80' lang='lat' dir='ltr'>directe</span> <span class='ocrx_word' id='word_1_81' title='bbox 1230 724 1480 778; x_wconf 79' lang='lat' dir='ltr'>oppositum,</span> <span class='ocrx_word' id='word_1_82' title='bbox 1520 723 1559 780; x_wconf 92' lang='lat' dir='ltr'>e)</span> <span class='ocrx_word' id='word_1_83' title='bbox 1586 723 1650 766; x_wconf 83' lang='lat' dir='ltr'>vel</span> <span class='ocrx_word' id='word_1_84' title='bbox 1679 724 1816 781; x_wconf 73' lang='lat' dir='ltr'>turpis</span> 
     </span>
     <span class='ocr_line' id='line_1_11' title="bbox 185 790 1817 852; baseline 0.001 -17"><span class='ocrx_word' id='word_1_85' title='bbox 185 798 382 850; x_wconf 75' lang='lat' dir='ltr'>quaestus</span> <span class='ocrx_word' id='word_1_86' title='bbox 404 792 595 850; x_wconf 73' lang='lat' dir='ltr'>speciem,</span> <span class='ocrx_word' id='word_1_87' title='bbox 621 796 759 848; x_wconf 88' lang='lat' dir='ltr'>utpote</span> <span class='ocrx_word' id='word_1_88' title='bbox 782 790 858 835; x_wconf 92' lang='lat' dir='ltr'>sub</span> <span class='ocrx_word' id='word_1_89' title='bbox 883 791 1098 848; x_wconf 82' lang='lat' dir='ltr'>religionis</span> <span class='ocrx_word' id='word_1_90' title='bbox 1122 791 1245 848; x_wconf 89' lang='lat' dir='ltr'>pallio</span> <span class='ocrx_word' id='word_1_91' title='bbox 1274 795 1450 850; x_wconf 85' lang='lat' dir='ltr'>quaesiti</span> <span class='ocrx_word' id='word_1_92' title='bbox 1491 793 1606 848; x_wconf 77' lang='lat' dir='ltr'>lucri,</span> <span class='ocrx_word' id='word_1_93' title='bbox 1645 807 1817 852; x_wconf 74' lang='lat' dir='ltr'>praese-</span> 
     </span>
     <span class='ocr_line' id='line_1_12' title="bbox 184 862 336 921; baseline -0.007 -15"><span class='ocrx_word' id='word_1_94' title='bbox 184 862 336 921; x_wconf 72' lang='lat' dir='ltr'>ferens.</span> 
     </span>
    </p>

    <p class='ocr_par' dir='ltr' id='par_1_4' title="bbox 185 932 1820 1346">
     <span class='ocr_line' id='line_1_13' title="bbox 302 932 1817 990; baseline 0.002 -14"><span class='ocrx_word' id='word_1_95' title='bbox 302 933 414 976; x_wconf 87' lang='lat' dir='ltr'>illam</span> <span class='ocrx_word' id='word_1_96' title='bbox 452 934 707 990; x_wconf 72' lang='lat' dir='ltr'>vigilantiam</span> <span class='ocrx_word' id='word_1_97' title='bbox 745 946 817 989; x_wconf 91' lang='lat' dir='ltr'>pro</span> <span class='ocrx_word' id='word_1_98' title='bbox 851 932 913 976; x_wconf 88' lang='lat' dir='ltr'>his</span> <span class='ocrx_word' id='word_1_99' title='bbox 946 932 1144 977; x_wconf 85' lang='lat' dir='ltr'>abusibus</span> <span class='ocrx_word' id='word_1_100' title='bbox 1176 934 1400 977; x_wconf 85' lang='lat' dir='ltr'>efficaciter</span> <span class='ocrx_word' id='word_1_101' title='bbox 1433 934 1696 979; x_wconf 86' lang='lat' dir='ltr'>eliminandis</span> <span class='ocrx_word' id='word_1_102' title='bbox 1728 949 1817 979; x_wconf 91' lang='lat' dir='ltr'>esse</span> 
     </span>
     <span class='ocr_line' id='line_1_14' title="bbox 185 1003 1817 1062; baseline 0.001 -14"><span class='ocrx_word' id='word_1_103' title='bbox 185 1007 481 1061; x_wconf 82' lang='lat' dir='ltr'>praescriptam</span> <span class='ocrx_word' id='word_1_104' title='bbox 528 1006 719 1061; x_wconf 77' lang='lat' dir='ltr'>patefacit</span> <span class='ocrx_word' id='word_1_105' title='bbox 749 1004 778 1062; x_wconf 60' lang='lat' dir='ltr'>g</span> <span class='ocrx_word' id='word_1_106' title='bbox 809 1007 852 1047; x_wconf 67' lang='grc'>9.</span> <span class='ocrx_word' id='word_1_107' title='bbox 888 1003 938 1046; x_wconf 81' lang='lat' dir='ltr'>Si</span> <span class='ocrx_word' id='word_1_108' title='bbox 980 1003 1061 1047; x_wconf 73' lang='lat' dir='ltr'>loci</span> <span class='ocrx_word' id='word_1_109' title='bbox 1109 1003 1369 1048; x_wconf 76' lang='lat' dir='ltr'>Ordinarius</span> <span class='ocrx_word' id='word_1_110' title='bbox 1414 1019 1486 1062; x_wconf 88' lang='lat' dir='ltr'>pro</span> <span class='ocrx_word' id='word_1_111' title='bbox 1527 1019 1601 1049; x_wconf 91' lang='lat' dir='ltr'>suo</span> <span class='ocrx_word' id='word_1_112' title='bbox 1646 1020 1817 1050; x_wconf 90' lang='lat' dir='ltr'>munere</span> 
     </span>
     <span class='ocr_line' id='line_1_15' title="bbox 185 1074 1818 1132; baseline 0.001 -14"><span class='ocrx_word' id='word_1_113' title='bbox 185 1075 450 1131; x_wconf 87' lang='lat' dir='ltr'>adimplendo</span> <span class='ocrx_word' id='word_1_114' title='bbox 485 1075 595 1132; x_wconf 64' lang='lat' dir='ltr'>[eyes</span> <span class='ocrx_word' id='word_1_115' title='bbox 625 1089 702 1132; x_wconf 70' lang='lat' dir='ltr'>pro</span> <span class='ocrx_word' id='word_1_116' title='bbox 736 1089 810 1118; x_wconf 77' lang='lat' dir='ltr'>suo</span> <span class='ocrx_word' id='word_1_117' title='bbox 847 1074 1080 1129; x_wconf 67' lang='lat' dir='ltr'>territorio7</span> <span class='ocrx_word' id='word_1_118' title='bbox 1107 1076 1279 1131; x_wconf 84' lang='lat' dir='ltr'>proinde</span> <span class='ocrx_word' id='word_1_119' title='bbox 1303 1078 1379 1119; x_wconf 87' lang='lat' dir='ltr'>iuri</span> <span class='ocrx_word' id='word_1_120' title='bbox 1408 1076 1722 1126; x_wconf 76' lang='lat' dir='ltr'>vel-Pontificio,</span> <span class='ocrx_word' id='word_1_121' title='bbox 1751 1077 1818 1120; x_wconf 84' lang='lat' dir='ltr'>vel</span> 
     </span>
     <span class='ocr_line' id='line_1_16' title="bbox 186 1145 1818 1206; baseline 0 -16"><span class='ocrx_word' id='word_1_122' title='bbox 186 1147 398 1203; x_wconf 88' lang='lat' dir='ltr'>amplioris</span> <span class='ocrx_word' id='word_1_123' title='bbox 432 1148 628 1189; x_wconf 89' lang='lat' dir='ltr'>territorii</span> <span class='ocrx_word' id='word_1_124' title='bbox 663 1158 785 1203; x_wconf 81' lang='lat' dir='ltr'>quam</span> <span class='ocrx_word' id='word_1_125' title='bbox 825 1162 844 1185; x_wconf 82' lang='lat'>«</span> <span class='ocrx_word' id='word_1_126' title='bbox 869 1159 942 1189; x_wconf 90' lang='lat' dir='ltr'>suo</span> <span class='ocrx_word' id='word_1_127' title='bbox 968 1162 987 1186; x_wconf 66' lang='lat'>)›</span> <span class='ocrx_word' id='word_1_128' title='bbox 1026 1159 1105 1188; x_wconf 89' lang='lat' dir='ltr'>non</span> <span class='ocrx_word' id='word_1_129' title='bbox 1145 1148 1387 1201; x_wconf 74' lang='lat' dir='ltr'>contrarias,</span> <span class='ocrx_word' id='word_1_130' title='bbox 1424 1145 1502 1189; x_wconf 75' lang='lat' dir='ltr'>hac</span> <span class='ocrx_word' id='word_1_131' title='bbox 1533 1147 1577 1190; x_wconf 72' lang='lat' dir='ltr'>in</span> <span class='ocrx_word' id='word_1_132' title='bbox 1610 1161 1684 1206; x_wconf 53' lang='lat' dir='ltr'>re„</span> <span class='ocrx_word' id='word_1_133' title='bbox 1705 1147 1818 1191; x_wconf 85' lang='lat' dir='ltr'>vide-</span> 
     </span>
     <span class='ocr_line' id='line_1_17' title="bbox 185 1216 1818 1275; baseline 0.001 -15"><span class='ocrx_word' id='word_1_134' title='bbox 185 1217 303 1261; x_wconf 87' lang='lat' dir='ltr'>licet:</span> <span class='ocrx_word' id='word_1_135' title='bbox 338 1219 446 1260; x_wconf 89' lang='lat' dir='ltr'>circa</span> <span class='ocrx_word' id='word_1_136' title='bbox 487 1217 661 1260; x_wconf 82' lang='lat' dir='ltr'>«cultus</span> <span class='ocrx_word' id='word_1_137' title='bbox 694 1217 825 1259; x_wconf 69' lang='lat' dir='ltr'>divini</span> <span class='ocrx_word' id='word_1_138' title='bbox 857 1219 947 1259; x_wconf 86' lang='lat' dir='ltr'>sive</span> <span class='ocrx_word' id='word_1_139' title='bbox 992 1216 1144 1273; x_wconf 88' lang='lat' dir='ltr'>publici</span> <span class='ocrx_word' id='word_1_140' title='bbox 1188 1219 1277 1260; x_wconf 83' lang='lat' dir='ltr'>sive</span> <span class='ocrx_word' id='word_1_141' title='bbox 1321 1219 1473 1274; x_wconf 87' lang='lat' dir='ltr'>privati</span> <span class='ocrx_word' id='word_1_142' title='bbox 1506 1223 1576 1261; x_wconf 91' lang='lat' dir='ltr'>aut</span> <span class='ocrx_word' id='word_1_143' title='bbox 1610 1220 1647 1261; x_wconf 90' lang='lat' dir='ltr'>in</span> <span class='ocrx_word' id='word_1_144' title='bbox 1683 1221 1818 1275; x_wconf 84' lang='lat' dir='ltr'>quoti-</span> 
     </span>
     <span class='ocr_line' id='line_1_18' title="bbox 186 1287 1820 1346; baseline 0 -15"><span class='ocrx_word' id='word_1_145' title='bbox 186 1288 306 1331; x_wconf 86' lang='lat' dir='ltr'>diana</span> <span class='ocrx_word' id='word_1_146' title='bbox 352 1287 534 1331; x_wconf 82' lang='lat' dir='ltr'>tidelium</span> <span class='ocrx_word' id='word_1_147' title='bbox 583 1289 704 1330; x_wconf 74' lang='lat' dir='ltr'>vita»</span> <span class='ocrx_word' id='word_1_148' title='bbox 744 1301 822 1330; x_wconf 91' lang='lat' dir='ltr'>uon</span> <span class='ocrx_word' id='word_1_149' title='bbox 869 1292 1002 1330; x_wconf 84' lang='lat' dir='ltr'>rectas</span> <span class='ocrx_word' id='word_1_150' title='bbox 1046 1300 1210 1344; x_wconf 84' lang='lat' dir='ltr'>praxes,</span> <span class='ocrx_word' id='word_1_151' title='bbox 1254 1287 1416 1342; x_wconf 75' lang='lat' dir='ltr'>tulerit,</span> <span class='ocrx_word' id='word_1_152' title='bbox 1458 1288 1583 1331; x_wconf 70' lang='lat' dir='ltr'>ettam</span> <span class='ocrx_word' id='word_1_153' title='bbox 1627 1288 1820 1346; x_wconf 72' lang='lat' dir='ltr'>reliqiosi</span> 
     </span>
    </p>
   </div>
   <div class='ocr_carea' id='block_1_4' title="bbox 186 1354 1895 1416">
    <p class='ocr_par' dir='ltr' id='par_1_5' title="bbox 186 1354 1895 1416">
     <span class='ocr_line' id='line_1_19' title="bbox 186 1354 1895 1416; baseline 0.001 -15"><span class='ocrx_word' id='word_1_154' title='bbox 186 1373 341 1411; x_wconf 69' lang='lat' dir='ltr'>omnes,</span> <span class='ocrx_word' id='word_1_155' title='bbox 376 1358 558 1412; x_wconf 60' lang='lat' dir='ltr'>etremplz&#39;</span> <span class='ocrx_word' id='word_1_156' title='bbox 590 1372 764 1415; x_wconf 77' lang='lat' dir='ltr'>quoque,</span> <span class='ocrx_word' id='word_1_157' title='bbox 798 1360 885 1401; x_wconf 90' lang='lat' dir='ltr'>iure</span> <span class='ocrx_word' id='word_1_158' title='bbox 917 1360 1022 1401; x_wconf 89' lang='lat' dir='ltr'>sicut</span> <span class='ocrx_word' id='word_1_159' title='bbox 1059 1358 1284 1414; x_wconf 82' lang='lat' dir='ltr'>regulares,</span> <span class='ocrx_word' id='word_1_160' title='bbox 1307 1358 1368 1402; x_wconf 84' lang='lat' dir='ltr'>vel</span> <span class='ocrx_word' id='word_1_161' title='bbox 1402 1358 1570 1415; x_wconf 90' lang='lat' dir='ltr'>speciali</span> <span class='ocrx_word' id='word_1_162' title='bbox 1602 1359 1819 1416; x_wconf 87' lang='lat' dir='ltr'>privilegio</span> <span class='ocrx_word' id='word_1_163' title='bbox 1887 1354 1895 1360; x_wconf 67' lang='grc'><strong>“</strong></span> 
     </span>
    </p>
   </div>
   <div class='ocr_carea' id='block_1_5' title="bbox 185 1427 1821 2754">
    <p class='ocr_par' dir='ltr' id='par_1_6' title="bbox 185 1427 1820 1838">
     <span class='ocr_line' id='line_1_20' title="bbox 186 1427 1820 1486; baseline -0.001 -13"><span class='ocrx_word' id='word_1_164' title='bbox 186 1434 229 1473; x_wconf 90' lang='lat' dir='ltr'>ut</span> <span class='ocrx_word' id='word_1_165' title='bbox 272 1428 624 1486; x_wconf 86' lang='lat' dir='ltr'>Congregationes</span> <span class='ocrx_word' id='word_1_166' title='bbox 671 1428 874 1486; x_wconf 84' lang='lat' dir='ltr'>quaedam</span> <span class='ocrx_word' id='word_1_167' title='bbox 926 1430 1027 1471; x_wconf 79' lang='lat' dir='ltr'>turis</span> <span class='ocrx_word' id='word_1_168' title='bbox 1077 1429 1289 1484; x_wconf 82' lang='lat' dir='ltr'>pontificii,</span> <span class='ocrx_word' id='word_1_169' title='bbox 1327 1427 1584 1486; x_wconf 71' lang='lat' dir='ltr'>obtt&#39;yatione</span> <span class='ocrx_word' id='word_1_170' title='bbox 1628 1434 1820 1472; x_wconf 72' lang='lat' dir='ltr'>tenentur</span> 
     </span>
     <span class='ocr_line' id='line_1_21' title="bbox 185 1499 1817 1557; baseline 0.001 -15"><span class='ocrx_word' id='word_1_171' title='bbox 185 1499 350 1543; x_wconf 76' lang='lat' dir='ltr'>easdem</span> <span class='ocrx_word' id='word_1_172' title='bbox 367 1499 579 1549; x_wconf 70' lang='lat' dir='ltr'>servandi,</span> <span class='ocrx_word' id='word_1_173' title='bbox 598 1511 704 1557; x_wconf 86' lang='lat' dir='ltr'>quae</span> <span class='ocrx_word' id='word_1_174' title='bbox 728 1499 946 1542; x_wconf 80' lang='lat' dir='ltr'>coufirmat</span> <span class='ocrx_word' id='word_1_175' title='bbox 970 1501 1353 1556; x_wconf 83' lang='lat' dir='ltr'>interpretationem</span> <span class='ocrx_word' id='word_1_176' title='bbox 1376 1499 1553 1543; x_wconf 87' lang='lat' dir='ltr'>similem</span> <span class='ocrx_word' id='word_1_177' title='bbox 1574 1512 1664 1543; x_wconf 88' lang='lat' dir='ltr'>can.</span> <span class='ocrx_word' id='word_1_178' title='bbox 1686 1500 1817 1553; x_wconf 65' lang='lat'>12603</span> 
     </span>
     <span class='ocr_line' id='line_1_22' title="bbox 186 1569 1816 1627; baseline -0.001 -14"><span class='ocrx_word' id='word_1_179' title='bbox 186 1576 223 1613; x_wconf 85' lang='lat' dir='ltr'>el</span> <span class='ocrx_word' id='word_1_180' title='bbox 268 1569 527 1614; x_wconf 72' lang='lat' dir='ltr'>Ordinart‘us</span> <span class='ocrx_word' id='word_1_181' title='bbox 572 1570 647 1613; x_wconf 91' lang='lat' dir='ltr'>loci</span> <span class='ocrx_word' id='word_1_182' title='bbox 693 1569 744 1613; x_wconf 92' lang='lat' dir='ltr'>ob</span> <span class='ocrx_word' id='word_1_183' title='bbox 787 1574 1027 1613; x_wconf 83' lang='lat' dir='ltr'>contextum</span> <span class='ocrx_word' id='word_1_184' title='bbox 1068 1575 1207 1627; x_wconf 78' lang='lat' dir='ltr'>potest</span> <span class='ocrx_word' id='word_1_185' title='bbox 1248 1569 1487 1613; x_wconf 73' lang='lat' dir='ltr'>eorumdem</span> <span class='ocrx_word' id='word_1_186' title='bbox 1531 1570 1816 1627; x_wconf 86' lang='lat' dir='ltr'>religiosorum</span> 
     </span>
     <span class='ocr_line' id='line_1_23' title="bbox 187 1639 1820 1698; baseline 0 -15"><span class='ocrx_word' id='word_1_187' title='bbox 187 1640 483 1698; x_wconf 80' lang='lat' dir='ltr'>quorumlibet,</span> <span class='ocrx_word' id='word_1_188' title='bbox 506 1654 584 1683; x_wconf 90' lang='lat' dir='ltr'>non</span> <span class='ocrx_word' id='word_1_189' title='bbox 609 1639 796 1684; x_wconf 83' lang='lat' dir='ltr'>obstante</span> <span class='ocrx_word' id='word_1_190' title='bbox 820 1643 1097 1696; x_wconf 73' lang='lat' dir='ltr'>exemptione,</span> <span class='ocrx_word' id='word_1_191' title='bbox 1122 1640 1319 1683; x_wconf 75' lang='lat' dir='ltr'>ecelesias</span> <span class='ocrx_word' id='word_1_192' title='bbox 1343 1640 1405 1683; x_wconf 72' lang='lat' dir='ltr'>rel</span> <span class='ocrx_word' id='word_1_193' title='bbox 1425 1639 1594 1698; x_wconf 72' lang='lat' dir='ltr'>publiea</span> <span class='ocrx_word' id='word_1_194' title='bbox 1612 1640 1820 1695; x_wconf 71' lang='lat' dir='ltr'>oratoria,</span> 
     </span>
     <span class='ocr_line' id='line_1_24' title="bbox 185 1709 1817 1768; baseline 0 -14"><span class='ocrx_word' id='word_1_195' title='bbox 185 1725 265 1754; x_wconf 90' lang='lat' dir='ltr'>non</span> <span class='ocrx_word' id='word_1_196' title='bbox 290 1711 577 1768; x_wconf 90' lang='lat' dir='ltr'>semi—publica</span> <span class='ocrx_word' id='word_1_197' title='bbox 601 1716 809 1767; x_wconf 81' lang='lat' dir='ltr'>exempta,</span> <span class='ocrx_word' id='word_1_198' title='bbox 827 1710 868 1753; x_wconf 69' lang='lat' dir='ltr'>in</span> <span class='ocrx_word' id='word_1_199' title='bbox 890 1709 998 1753; x_wconf 73' lang='lat' dir='ltr'>Itum·</span> <span class='ocrx_word' id='word_1_200' title='bbox 1021 1711 1143 1767; x_wconf 71' lang='lat' dir='ltr'>finem</span> <span class='ocrx_word' id='word_1_201' title='bbox 1166 1710 1458 1754; x_wconf 84' lang='lat' dir='ltr'>observantiae</span> <span class='ocrx_word' id='word_1_202' title='bbox 1476 1711 1817 1754; x_wconf 88' lang='lat' dir='ltr'>dioecesanarum</span> 
     </span>
     <span class='ocr_line' id='line_1_25' title="bbox 188 1781 1639 1838; baseline -0.002 -13"><span class='ocrx_word' id='word_1_203' title='bbox 188 1782 324 1838; x_wconf 89' lang='lat' dir='ltr'>legum</span> <span class='ocrx_word' id='word_1_204' title='bbox 362 1784 400 1824; x_wconf 83' lang='lat' dir='ltr'>vi</span> <span class='ocrx_word' id='word_1_205' title='bbox 436 1782 557 1825; x_wconf 91' lang='lat' dir='ltr'>buius</span> <span class='ocrx_word' id='word_1_206' title='bbox 590 1784 760 1825; x_wconf 90' lang='lat' dir='ltr'>canonis</span> <span class='ocrx_word' id='word_1_207' title='bbox 793 1781 970 1823; x_wconf 71' lang='lat' dir='ltr'>visitare</span> <span class='ocrx_word' id='word_1_208' title='bbox 1003 1781 1053 1824; x_wconf 86' lang='lat' dir='ltr'>ad</span> <span class='ocrx_word' id='word_1_209' title='bbox 1089 1794 1276 1824; x_wconf 91' lang='lat' dir='ltr'>normam</span> <span class='ocrx_word' id='word_1_210' title='bbox 1311 1794 1401 1825; x_wconf 89' lang='lat' dir='ltr'>can.</span> <span class='ocrx_word' id='word_1_211' title='bbox 1438 1781 1639 1824; x_wconf 76' lang='lat'><strong>343-346.</strong></span> 
     </span>
    </p>

    <p class='ocr_par' dir='ltr' id='par_1_7' title="bbox 186 1852 1821 2674">
     <span class='ocr_line' id='line_1_26' title="bbox 307 1852 1819 1909; baseline 0 -14"><span class='ocrx_word' id='word_1_212' title='bbox 307 1853 402 1896; x_wconf 71' lang='lat'>1⁶39.</span> <span class='ocrx_word' id='word_1_213' title='bbox 439 1854 511 1899; x_wconf 90' lang='lat' dir='ltr'>De</span> <span class='ocrx_word' id='word_1_214' title='bbox 543 1855 690 1898; x_wconf 89' lang='lat' dir='ltr'>modo</span> <span class='ocrx_word' id='word_1_215' title='bbox 720 1854 1045 1898; x_wconf 86' lang='lat' dir='ltr'>interessendi</span> <span class='ocrx_word' id='word_1_216' title='bbox 1080 1854 1226 1898; x_wconf 84' lang='lat' dir='ltr'>cultui</span> <span class='ocrx_word' id='word_1_217' title='bbox 1261 1855 1474 1909; x_wconf 90' lang='lat' dir='ltr'>publico.</span> <span class='ocrx_word' id='word_1_218' title='bbox 1511 1852 1747 1895; x_wconf 88' lang='lat' dir='ltr'>Honestatis</span> <span class='ocrx_word' id='word_1_219' title='bbox 1779 1857 1819 1896; x_wconf 90' lang='lat' dir='ltr'>et</span> 
     </span>
     <span class='ocr_line' id='line_1_27' title="bbox 186 1923 1818 1981; baseline -0.001 -14"><span class='ocrx_word' id='word_1_220' title='bbox 186 1923 349 1967; x_wconf 86' lang='lat' dir='ltr'>debitae</span> <span class='ocrx_word' id='word_1_221' title='bbox 384 1923 685 1967; x_wconf 88' lang='lat' dir='ltr'>recollectionis</span> <span class='ocrx_word' id='word_1_222' title='bbox 718 1923 926 1966; x_wconf 80' lang='lat' dir='ltr'>iuvandae</span> <span class='ocrx_word' id='word_1_223' title='bbox 960 1935 1084 1966; x_wconf 88' lang='lat' dir='ltr'>causa</span> <span class='ocrx_word' id='word_1_224' title='bbox 1119 1923 1313 1966; x_wconf 86' lang='lat' dir='ltr'>redactus</span> <span class='ocrx_word' id='word_1_225' title='bbox 1346 1928 1406 1967; x_wconf 92' lang='lat' dir='ltr'>est</span> <span class='ocrx_word' id='word_1_226' title='bbox 1439 1937 1528 1966; x_wconf 68' lang='lat' dir='ltr'>can.</span> <span class='ocrx_word' id='word_1_227' title='bbox 1566 1925 1698 1968; x_wconf 68' lang='lat'><strong><em>1262.</em></strong></span> <span class='ocrx_word' id='word_1_228' title='bbox 1722 1923 1750 1981; x_wconf 66' lang='grc' dir='ltr'>ξ</span> <span class='ocrx_word' id='word_1_229' title='bbox 1783 1926 1818 1966; x_wconf 84' lang='grc'>1.</span> 
     </span>
     <span class='ocr_line' id='line_1_28' title="bbox 191 1993 1817 2053; baseline -0.001 -15"><span class='ocrx_word' id='word_1_230' title='bbox 191 1994 446 2053; x_wconf 76' lang='lat' dir='ltr'>Opttmdum,</span> <span class='ocrx_word' id='word_1_231' title='bbox 470 1996 567 2052; x_wconf 85' lang='lat' dir='ltr'>quin</span> <span class='ocrx_word' id='word_1_232' title='bbox 594 1994 798 2049; x_wconf 78' lang='lat' dir='ltr'>iubeatur,</span> <span class='ocrx_word' id='word_1_233' title='bbox 822 1999 880 2050; x_wconf 76' lang='lat' dir='ltr'>ut,</span> <span class='ocrx_word' id='word_1_234' title='bbox 905 1999 1184 2051; x_wconf 67' lang='lat' dir='ltr'>eowqruenter</span> <span class='ocrx_word' id='word_1_235' title='bbox 1216 1993 1417 2051; x_wconf 77' lang='lat' dir='ltr'>‹mtiquae</span> <span class='ocrx_word' id='word_1_236' title='bbox 1450 1993 1716 2051; x_wconf 72' lang='lat' dir='ltr'>disciplinae,</span> <span class='ocrx_word' id='word_1_237' title='bbox 1739 2007 1817 2037; x_wconf 89' lang='lat' dir='ltr'>non</span> 
     </span>
     <span class='ocr_line' id='line_1_29' title="bbox 188 2064 1818 2122; baseline -0.001 -14"><span class='ocrx_word' id='word_1_238' title='bbox 188 2068 268 2109; x_wconf 89' lang='lat' dir='ltr'>iam</span> <span class='ocrx_word' id='word_1_239' title='bbox 312 2065 463 2122; x_wconf 86' lang='lat' dir='ltr'>praec.i</span> <span class='ocrx_word' id='word_1_240' title='bbox 496 2065 736 2109; x_wconf 90' lang='lat' dir='ltr'>immediate</span> <span class='ocrx_word' id='word_1_241' title='bbox 780 2064 989 2119; x_wconf 77' lang='lat' dir='ltr'>Codicem,</span> <span class='ocrx_word' id='word_1_242' title='bbox 1025 2065 1095 2108; x_wconf 90' lang='lat' dir='ltr'>sed</span> <span class='ocrx_word' id='word_1_243' title='bbox 1139 2067 1246 2108; x_wconf 88' lang='lat' dir='ltr'>sicut</span> <span class='ocrx_word' id='word_1_244' title='bbox 1289 2069 1400 2122; x_wconf 91' lang='lat' dir='ltr'>patet</span> <span class='ocrx_word' id='word_1_245' title='bbox 1442 2067 1480 2107; x_wconf 91' lang='lat' dir='ltr'>in</span> <span class='ocrx_word' id='word_1_246' title='bbox 1516 2064 1818 2109; x_wconf 77' lang='lat' dir='ltr'>caeremoniali</span> 
     </span>
     <span class='ocr_line' id='line_1_30' title="bbox 189 2134 1820 2193; baseline -0.001 -14"><span class='ocrx_word' id='word_1_247' title='bbox 189 2136 484 2193; x_wconf 82' lang='lat' dir='ltr'>Episcoporum</span> <span class='ocrx_word' id='word_1_248' title='bbox 507 2136 534 2191; x_wconf 70' lang='lat'>1,</span> <span class='ocrx_word' id='word_1_249' title='bbox 561 2135 629 2179; x_wconf 91' lang='lat' dir='ltr'>ubi</span> <span class='ocrx_word' id='word_1_250' title='bbox 655 2135 827 2193; x_wconf 88' lang='lat' dir='ltr'>loquens</span> <span class='ocrx_word' id='word_1_251' title='bbox 860 2136 911 2179; x_wconf 91' lang='lat' dir='ltr'>de</span> <span class='ocrx_word' id='word_1_252' title='bbox 945 2137 1097 2178; x_wconf 90' lang='lat' dir='ltr'>muniis</span> <span class='ocrx_word' id='word_1_253' title='bbox 1121 2134 1410 2191; x_wconf 81' lang='lat' dir='ltr'>Magistroruin</span> <span class='ocrx_word' id='word_1_254' title='bbox 1446 2137 1820 2190; x_wconf 87' lang='lat' dir='ltr'>caeremoniarum,</span> 
     </span>
     <span class='ocr_line' id='line_1_31' title="bbox 187 2205 1820 2262; baseline -0.001 -13"><span class='ocrx_word' id='word_1_255' title='bbox 187 2209 350 2250; x_wconf 88' lang='lat' dir='ltr'>statuit:</span> <span class='ocrx_word' id='word_1_256' title='bbox 381 2222 401 2247; x_wconf 75' lang='grc' dir='ltr'>(ε</span> <span class='ocrx_word' id='word_1_257' title='bbox 421 2206 520 2250; x_wconf 90' lang='lat' dir='ltr'>ltem</span> <span class='ocrx_word' id='word_1_258' title='bbox 548 2209 658 2249; x_wconf 87' lang='lat' dir='ltr'>viros</span> <span class='ocrx_word' id='word_1_259' title='bbox 682 2219 702 2249; x_wconf 90' lang='lat' dir='ltr'>a</span> <span class='ocrx_word' id='word_1_260' title='bbox 727 2205 986 2261; x_wconf 78' lang='lat' dir='ltr'>mulieribus,</span> <span class='ocrx_word' id='word_1_261' title='bbox 1011 2219 1105 2249; x_wconf 93' lang='lat' dir='ltr'>cum</span> <span class='ocrx_word' id='word_1_262' title='bbox 1131 2205 1350 2249; x_wconf 88' lang='lat' dir='ltr'>commode</span> <span class='ocrx_word' id='word_1_263' title='bbox 1383 2207 1470 2249; x_wconf 90' lang='lat' dir='ltr'>tieri</span> <span class='ocrx_word' id='word_1_264' title='bbox 1507 2210 1652 2262; x_wconf 86' lang='lat' dir='ltr'>potest,</span> <span class='ocrx_word' id='word_1_265' title='bbox 1678 2206 1820 2248; x_wconf 89' lang='lat' dir='ltr'>distin-</span> 
     </span>
     <span class='ocr_line' id='line_1_32' title="bbox 188 2276 1820 2334; baseline -0.001 -14"><span class='ocrx_word' id='word_1_266' title='bbox 188 2279 366 2334; x_wconf 75' lang='lat' dir='ltr'>guendo,</span> <span class='ocrx_word' id='word_1_267' title='bbox 391 2282 431 2320; x_wconf 94' lang='lat' dir='ltr'>et</span> <span class='ocrx_word' id='word_1_268' title='bbox 453 2278 697 2334; x_wconf 79' lang='lat' dir='ltr'>separando,</span> <span class='ocrx_word' id='word_1_269' title='bbox 723 2277 911 2320; x_wconf 88' lang='lat' dir='ltr'>ordinem</span> <span class='ocrx_word' id='word_1_270' title='bbox 937 2279 1169 2320; x_wconf 90' lang='lat' dir='ltr'>sessionum</span> <span class='ocrx_word' id='word_1_271' title='bbox 1203 2279 1309 2319; x_wconf 91' lang='lat' dir='ltr'>inter</span> <span class='ocrx_word' id='word_1_272' title='bbox 1344 2276 1470 2320; x_wconf 90' lang='lat' dir='ltr'>laicos</span> <span class='ocrx_word' id='word_1_273' title='bbox 1502 2276 1820 2330; x_wconf 78' lang='lat' dir='ltr'>advertendo»,</span> 
     </span>
     <span class='ocr_line' id='line_1_33' title="bbox 190 2346 1818 2406; baseline -0.001 -15"><span class='ocrx_word' id='word_1_274' title='bbox 190 2353 358 2405; x_wconf 88' lang='lat' dir='ltr'>propter</span> <span class='ocrx_word' id='word_1_275' title='bbox 390 2349 499 2406; x_wconf 81' lang='lat' dir='ltr'>quod</span> <span class='ocrx_word' id='word_1_276' title='bbox 525 2351 580 2391; x_wconf 90' lang='lat' dir='ltr'>ait</span> <span class='ocrx_word' id='word_1_277' title='bbox 603 2360 758 2392; x_wconf 90' lang='lat' dir='ltr'>canon:</span> <span class='ocrx_word' id='word_1_278' title='bbox 792 2347 990 2390; x_wconf 77' lang='lat' dir='ltr'>mulieres</span> <span class='ocrx_word' id='word_1_279' title='bbox 1023 2347 1067 2393; x_wconf 71' lang='lat' dir='ltr'>tn</span> <span class='ocrx_word' id='word_1_280' title='bbox 1100 2346 1275 2389; x_wconf 75' lang='lat' dir='ltr'>ecelesia</span> <span class='ocrx_word' id='word_1_281' title='bbox 1309 2349 1474 2403; x_wconf 92' lang='lat' dir='ltr'>proprie</span> <span class='ocrx_word' id='word_1_282' title='bbox 1507 2347 1746 2404; x_wconf 76' lang='lat' dir='ltr'>dicta,quia</span> <span class='ocrx_word' id='word_1_283' title='bbox 1780 2349 1818 2389; x_wconf 93' lang='lat' dir='ltr'>in</span> 
     </span>
     <span class='ocr_line' id='line_1_34' title="bbox 190 2417 1819 2475; baseline -0.002 -13"><span class='ocrx_word' id='word_1_284' title='bbox 190 2421 381 2462; x_wconf 88' lang='lat' dir='ltr'>oratoriis</span> <span class='ocrx_word' id='word_1_285' title='bbox 429 2419 690 2462; x_wconf 86' lang='lat' dir='ltr'>«commode</span> <span class='ocrx_word' id='word_1_286' title='bbox 728 2420 817 2462; x_wconf 79' lang='lat' dir='ltr'>lieri</span> <span class='ocrx_word' id='word_1_287' title='bbox 857 2432 935 2461; x_wconf 91' lang='lat' dir='ltr'>uon</span> <span class='ocrx_word' id='word_1_288' title='bbox 983 2420 1194 2474; x_wconf 76' lang='lat' dir='ltr'>poterit»,</span> <span class='ocrx_word' id='word_1_289' title='bbox 1238 2423 1465 2475; x_wconf 72' lang='lat' dir='ltr'>separatae</span> <span class='ocrx_word' id='word_1_290' title='bbox 1506 2417 1592 2460; x_wconf 73' lang='lat' dir='ltr'>sint</span> <span class='ocrx_word' id='word_1_291' title='bbox 1634 2432 1658 2460; x_wconf 80' lang='lat' dir='ltr'>a</span> <span class='ocrx_word' id='word_1_292' title='bbox 1702 2417 1819 2469; x_wconf 72' lang='lat' dir='ltr'>viris,</span> 
     </span>
     <span class='ocr_line' id='line_1_35' title="bbox 192 2487 1818 2546; baseline -0.001 -14"><span class='ocrx_word' id='word_1_293' title='bbox 192 2489 291 2532; x_wconf 89' lang='lat' dir='ltr'>nibil</span> <span class='ocrx_word' id='word_1_294' title='bbox 327 2490 377 2533; x_wconf 92' lang='lat' dir='ltr'>de</span> <span class='ocrx_word' id='word_1_295' title='bbox 411 2492 550 2546; x_wconf 91' lang='lat' dir='ltr'>pueris</span> <span class='ocrx_word' id='word_1_296' title='bbox 581 2502 629 2533; x_wconf 89' lang='lat' dir='ltr'>ac</span> <span class='ocrx_word' id='word_1_297' title='bbox 664 2489 810 2546; x_wconf 91' lang='lat' dir='ltr'>puellis</span> <span class='ocrx_word' id='word_1_298' title='bbox 842 2489 1040 2543; x_wconf 80' lang='lat' dir='ltr'>curando,</span> <span class='ocrx_word' id='word_1_299' title='bbox 1074 2501 1122 2532; x_wconf 91' lang='lat' dir='ltr'>ac</span> <span class='ocrx_word' id='word_1_300' title='bbox 1154 2488 1380 2531; x_wconf 87' lang='lat' dir='ltr'>dummodo</span> <span class='ocrx_word' id='word_1_301' title='bbox 1414 2490 1618 2545; x_wconf 89' lang='lat' dir='ltr'>separatio</span> <span class='ocrx_word' id='word_1_302' title='bbox 1662 2487 1818 2531; x_wconf 89' lang='lat' dir='ltr'>obtine—</span> 
     </span>
     <span class='ocr_line' id='line_1_36' title="bbox 193 2557 1821 2616; baseline -0.002 -13"><span class='ocrx_word' id='word_1_303' title='bbox 193 2565 319 2614; x_wconf 67' lang='lat' dir='ltr'>retur,</span> <span class='ocrx_word' id='word_1_304' title='bbox 355 2560 502 2603; x_wconf 85' lang='lat' dir='ltr'>modus</span> <span class='ocrx_word' id='word_1_305' title='bbox 544 2560 787 2603; x_wconf 88' lang='lat' dir='ltr'>statuendus</span> <span class='ocrx_word' id='word_1_306' title='bbox 822 2559 885 2603; x_wconf 82' lang='lat' dir='ltr'>vel</span> <span class='ocrx_word' id='word_1_307' title='bbox 920 2559 1034 2602; x_wconf 89' lang='lat' dir='ltr'>locus</span> <span class='ocrx_word' id='word_1_308' title='bbox 1072 2560 1236 2616; x_wconf 89' lang='lat' dir='ltr'>utrique</span> <span class='ocrx_word' id='word_1_309' title='bbox 1279 2558 1542 2614; x_wconf 88' lang='lat' dir='ltr'>deputandus</span> <span class='ocrx_word' id='word_1_310' title='bbox 1584 2557 1821 2601; x_wconf 71' lang='lat' dir='ltr'>indifferens</span> 
     </span>
     <span class='ocr_line' id='line_1_37' title="bbox 193 2630 713 2674; baseline -0.002 -1"><span class='ocrx_word' id='word_1_311' title='bbox 193 2634 359 2674; x_wconf 87' lang='lat' dir='ltr'>omnino</span> <span class='ocrx_word' id='word_1_312' title='bbox 393 2636 454 2674; x_wconf 89' lang='lat' dir='ltr'>est</span> <span class='ocrx_word' id='word_1_313' title='bbox 485 2630 713 2674; x_wconf 87' lang='lat' dir='ltr'>habendus.</span> 
     </span>
    </p>

    <p class='ocr_par' dir='ltr' id='par_1_8' title="bbox 310 2697 1820 2754">
     <span class='ocr_line' id='line_1_38' title="bbox 310 2697 1820 2754; baseline -0.001 -12"><span class='ocrx_word' id='word_1_314' title='bbox 310 2700 429 2754; x_wconf 84' lang='lat' dir='ltr'>Quod</span> <span class='ocrx_word' id='word_1_315' title='bbox 465 2704 502 2744; x_wconf 92' lang='lat' dir='ltr'>in</span> <span class='ocrx_word' id='word_1_316' title='bbox 537 2701 649 2745; x_wconf 72' lang='lat' dir='ltr'>civili</span> <span class='ocrx_word' id='word_1_317' title='bbox 682 2702 1057 2744; x_wconf 88' lang='lat' dir='ltr'>communicatione</span> <span class='ocrx_word' id='word_1_318' title='bbox 1090 2704 1149 2743; x_wconf 92' lang='lat' dir='ltr'>est</span> <span class='ocrx_word' id='word_1_319' title='bbox 1184 2702 1221 2742; x_wconf 92' lang='lat' dir='ltr'>in</span> <span class='ocrx_word' id='word_1_320' title='bbox 1257 2712 1332 2742; x_wconf 92' lang='lat' dir='ltr'>usu</span> <span class='ocrx_word' id='word_1_321' title='bbox 1366 2711 1488 2742; x_wconf 87' lang='lat' dir='ltr'>causa</span> <span class='ocrx_word' id='word_1_322' title='bbox 1522 2697 1689 2741; x_wconf 91' lang='lat' dir='ltr'>honoris</span> <span class='ocrx_word' id='word_1_323' title='bbox 1721 2709 1820 2753; x_wconf 90' lang='lat' dir='ltr'>erga</span> 
     </span>
    </p>
   </div>
   <div class='ocr_carea' id='block_1_6' title="bbox 314 2853 751 2897">
    <p class='ocr_par' dir='ltr' id='par_1_9' title="bbox 314 2853 751 2897">
     <span class='ocr_line' id='line_1_39' title="bbox 314 2853 751 2897; baseline 0.002 -11"><span class='ocrx_word' id='word_1_324' title='bbox 314 2854 323 2875; x_wconf 84' lang='lat'><strong>1</strong></span> <span class='ocrx_word' id='word_1_325' title='bbox 352 2853 438 2887; x_wconf 63' lang='lat' dir='ltr'>Lu).</span> <span class='ocrx_word' id='word_1_326' title='bbox 465 2853 495 2894; x_wconf 85' lang='lat'>1,</span> <span class='ocrx_word' id='word_1_327' title='bbox 522 2866 551 2886; x_wconf 69' lang='grc' dir='ltr'>α.</span> <span class='ocrx_word' id='word_1_328' title='bbox 580 2853 625 2897; x_wconf 63' lang='lat' dir='ltr'>v,</span> <span class='ocrx_word' id='word_1_329' title='bbox 655 2864 692 2887; x_wconf 83' lang='lat' dir='ltr'>n.</span> <span class='ocrx_word' id='word_1_330' title='bbox 718 2853 751 2888; x_wconf 70' lang='grc' dir='ltr'>τ.</span> 
     </span>
    </p>
   </div>
   <div class='ocr_carea' id='block_1_7' title="bbox 1909 0 1965 3240">
    <p class='ocr_par' dir='ltr' id='par_1_10' title="bbox 1909 0 1965 3240">
     <span class='ocr_line' id='line_1_40' title="bbox 1909 0 1965 3240; baseline 0 0"><span class='ocrx_word' id='word_1_331' title='bbox 1909 0 1965 3240; x_wconf 95' lang='lat' dir='ltr'> </span> 
     </span>
    </p>
   </div>
  </div>
 </body>
</html>
