1965 3240
115 139 185 173 232
496 135 578 169 Lm.
607 136 675 170 III.
704 157 715 162 -
742 137 853 172 PARS
877 137 948 172 III.
976 157 988 162 —
1014 137 1071 172 De
1095 136 1206 171 cultu
1230 136 1365 170 divino

118 259 224 300 visse
259 257 504 312 promissum
539 256 705 313 qnando
742 257 838 299 iacit
861 256 911 300 de
935 255 1012 300 hoc
1034 255 1263 299 secundum
1298 257 1386 299 eius
1422 255 1738 301 voluntatem».

114 327 201 370 Non
236 326 309 370 abs
342 340 385 369 re
418 326 837 370 animadvertendum
873 329 950 370 erit
988 342 1008 367 <c
1031 326 1139 384 quod
1176 325 1297 369 homo
1331 331 1463 382 potest
1495 326 1611 370 alteri
1648 341 1738 384 pro·

116 400 277 441 mittere
310 396 465 454 aliquid
500 397 576 440 sub
613 399 845 440 iuramento
878 397 1123 453 dupliciter:
1158 410 1239 439 uno
1274 397 1410 452 modo,
1449 398 1614 454 quando
1649 411 1743 454 pro-

116 470 236 511 mittit
269 467 424 524 aliquid
462 469 671 523 pertinens
704 467 753 510 ad
791 467 1007 510 utilitatem
1038 469 1180 523 ipsius,
1204 471 1300 523 puta
1333 469 1365 510 si
1397 467 1474 511 sub
1508 469 1741 512 iuramento

114 541 324 595 promittat
356 551 399 581 se
432 540 688 582 serviturum
725 541 775 592 ei,
813 538 875 581 vel
911 540 1129 595 pecuniam
1164 537 1357 581 daturum
1392 540 1428 581 ei
1453 554 1493 592 )),
1527 544 1566 582 et
1589 539 1639 582 de
1664 539 1740 583 bac

114 611 387 666 promissione
422 608 715 665 intelligendus
748 614 808 652 est
837 622 984 653 canon.
1024 624 1044 649 (τ
1068 608 1159 651 Alio
1194 608 1316 651 modo
1351 611 1552 665 promittit
1591 609 1742 667 aliquis

112 680 229 724 alteri
265 680 373 737 quod
411 682 589 736 pertinet
621 679 671 723 ad
707 679 905 723 honorem
942 679 1012 722 Dei
1050 678 1114 722 vel
1150 678 1367 722 utilitatem
1407 679 1606 731 aliorum;
1642 685 1737 736 puta

112 753 144 794 si
178 751 326 808 aliquis
358 750 435 794 sub
470 753 701 793 iuramento
737 753 947 806 promittat
979 750 1102 794 alicui
1135 763 1177 793 se
1212 752 1461 793 intraturum
1481 750 1736 807 religionem,

116 822 177 865 vel
212 821 378 879 aliquod
424 835 526 877 opus
571 823 733 877 pietatis
768 823 1001 869 facturum3
1035 826 1073 864 et
1107 825 1203 864 tunc
1249 820 1316 864 ille
1360 823 1425 864 cui
1471 824 1737 877 promittitur,

113 906 190 935 non
227 897 358 949 potest
391 891 609 935 absolvere
644 895 966 948 promittentem,
1000 893 1095 949 quia
1130 893 1345 948 promissio
1380 905 1458 934 non
1489 897 1549 935 est
1571 894 1606 935 ei
1630 893 1735 936 sacta

112 962 409 1019 principaliter,
442 962 512 1004 sed
550 961 655 1008 Deo:
701 964 777 1005 nisi
822 963 927 1005 forte
969 964 1021 1005 sit
1065 963 1303 1017 interposita
1347 961 1544 1015 conditio,
1577 964 1737 1006 ratione

110 1035 228 1077 cuius
263 1035 400 1089 possit,
435 1032 593 1076 scilicet
636 1035 667 1075 si
713 1032 769 1075 illi
812 1032 1035 1087 videbitur,
1068 1034 1133 1076 cui
1179 1034 1444 1088 promittitur,
1483 1032 1545 1076 vel
1579 1033 1734 1090 aliquid

110 1103 219 1147 aliud
258 1103 336 1146 tale
362 1119 381 1144 ))
412 1104 438 1146 1.

228 1173 285 1216 Ex
321 1186 410 1217 can.
450 1173 574 1225 1318,
605 1172 642 1231 g
670 1174 727 1217 tf
760 1177 1086 1230 consequuntur,
1120 1185 1226 1230 quae
1270 1185 1399 1216 canon
1446 1185 1640 1229 praesens
1673 1187 1734 1218 as-

108 1247 207 1288 serit
239 1245 301 1290 3⁰
338 1244 383 1287 St
414 1243 455 1300 a)
487 1258 554 1286 res
588 1244 734 1286 iurata
768 1243 1110 1286 substantialiter
1152 1248 1338 1286 'mutetur
1372 1258 1408 1285 ν.
1444 1258 1503 1300 gr.
1537 1249 1733 1288 statutum

108 1316 318 1373 quoddam
353 1315 535 1371 capituli,
570 1320 657 1367 azel,
693 1315 867 1357 titulatis
901 1314 1129 1365 mli'zmclt's,
1163 1313 1237 1370 fiat
1272 1314 1313 1370 b)
1342 1314 1472 1367 mala,
1495 1320 1591 1358 tunc
1624 1318 1731 1358 enim

109 1388 340 1429 iuramento
359 1386 474 1428 deest
500 1387 666 1440 iustitia,
686 1386 723 1441 c)
747 1385 833 1427 sive
855 1384 1022 1428 omnino
1047 1383 1307 1442 indifferens,
1331 1398 1411 1442 quo
1437 1388 1474 1427 in
1501 1398 1598 1428 casu
1621 1385 1734 1430 deest

108 1457 315 1501 obiectum
363 1456 630 1499 iureiuramlo
674 1458 981 1510 confirmatum,
1015 1456 1058 1510 d>
1091 1461 1165 1498 aut
1198 1455 1376 1514 denique
1409 1456 1545 1499 maius
1587 1456 1735 1500 bonum

109 1527 324 1586 impediat,
362 1530 458 1585 quia
497 1529 604 1570 sicut
646 1529 844 1583 scriptum
881 1531 941 1570 est
965 1527 998 1570 2':
1039 1542 1058 1567 ((
1082 1525 1168 1569 Νοι]
1208 1529 1317 1569 enim
1363 1529 1621 1583 propositum
1665 1533 1743 1585 aut.

108 1600 356 1655 promissum
391 1598 591 1653 infringit.
626 1599 694 1654 qui
730 1599 769 1640 in
807 1597 953 1640 melius
987 1596 1085 1639 illud
1120 1601 1409 1640 commutat».

224 1669 286 1711 30
325 1667 547 1723 Deficiente
578 1667 618 1724 a)
655 1681 783 1709 eausa
822 1666 956 1723 sinuli,
990 1669 1084 1724 quia
1128 1669 1186 1710 sic
1230 1669 1386 1710 corruit
1431 1670 1647 1723 promissio
1692 1670 1729 1711 in

106 1739 217 1782 illam
252 1738 422 1793 directa,
459 1737 497 1794 b)
530 1743 603 1780 (net
637 1737 876 1781 conditione
908 1737 981 1780 sul)
1013 1751 1094 1794 qua
1117 1736 1229 1795 forte
1256 1737 1554 1780 iusiurandum
1587 1738 1733 1781 (lulum

104 1808 174 1852 sit.
206 1808 289 1852 Nec
325 1809 451 1852 ret'ert
483 1813 620 1851 utrum
657 1809 839 1851 conditio
874 1809 995 1851 t'uerit
1028 1807 1221 1864 explicite
1253 1810 1454 1864 apposita,
1487 1808 1538 1851 de
1571 1822 1651 1866 qna
1674 1812 1733 1853 sic

106 1880 288 1937 loquitur
320 1892 408 1935 cap.
444 1881 535 1922 cit.:
566 1895 585 1919 «
610 1879 695 1922 Nec
730 1884 771 1922 tu
805 1881 858 1932 ei,
880 1881 1004 1922 etiam
1029 1880 1059 1921 si
1086 1881 1334 1935 promissum
1359 1883 1473 1922 tuum
1500 1882 1732 1923 iuramento

106 1950 171 1993 vel
207 1950 302 1993 fidei
345 1949 611 2006 obligatione,
652 1952 893 2005 interposita
937 1949 1172 1993 conditione
1217 1950 1436 2004 firmasses,
1471 1949 1733 2007 aliquatenus

104 2024 271 2075 teneris,
305 2023 337 2064 si
371 2025 529 2064 constat
564 2034 657 2064 eum
693 2021 918 2064 conditioni
956 2022 1125 2063 minime
1160 2022 1345 2076 paruisse
1369 2037 1406 2075 ›>7
1436 2020 1571 2064 volan
1598 2021 1730 2078 impli-

104 2093 184 2135 cIta
218 2090 488 2135 subintrasset
523 2091 718 2143 conditio,
753 2096 874 2148 prout
906 2104 1026 2135 casus
1059 2091 1347 2134 consideratur
1382 2093 1419 2134 in
1454 2104 1542 2148 cap.
1575 2092 1626 2135 ⁶29
1661 2095 1726 2137 cit.

104 2164 187 2205 tit.:
219 2177 237 2202 ((
265 2162 544 2205 iuramentum
569 2167 707 2204 autem
727 2162 835 2219 quod
861 2161 888 2206 l.
909 2175 952 2205 se
976 2164 1122 2205 asserit
1142 2164 1405 2218 praestitisse,
1429 2164 1461 2205 si
1486 2163 1536 2205 de
1559 2175 1727 2206 assensu

104 2234 258 2277 factum
293 2238 353 2276 est
386 2235 614 2290 utriusque,
649 2246 743 2275 eum
790 2246 867 2276 non
914 2233 1012 2289 ligat
1055 2235 1124 2290 qni
1171 2235 1386 2289 praestitit,
1420 2233 1517 2276 dum
1563 2233 1630 2276 ille
1662 2235 1727 2276 cui

106 2306 346 2361 praestitum
383 2305 527 2358 fuerat,
562 2316 731 2347 servare
766 2303 938 2360 negligit
971 2304 1079 2358 quod
1117 2306 1303 2360 promisit
1325 2320 1363 2347 )).

222 2374 407 2431 Denique
443 2375 758 2417 memorandum
794 2380 854 2417 est
887 2388 981 2417 cum
1016 2373 1061 2416 D.
1097 2374 1168 2417 Th.
1195 2375 1209 2396 ³
1248 2390 1267 2415 ((
1289 2375 1398 2432 quod
1435 2379 1608 2431 utraque
1631 2374 1730 2418 obli-

102 2449 226 2503 gatio,
260 2446 418 2489 scilicet
454 2448 534 2488 voti
575 2450 614 2488 et
657 2447 893 2500 iuramenti,
927 2450 1122 2488 causatur
1151 2458 1203 2488 ex
1239 2445 1376 2502 aliquo
1420 2445 1575 2499 divino7
1610 2445 1730 2488 aliter

101 2523 238 2562 tamen
264 2522 302 2561 et
326 2517 464 2560 aliter:
501 2530 592 2560 nam
628 2516 825 2573 obligatio
862 2519 943 2559 voti
978 2521 1171 2560 causatur
1195 2530 1243 2560 ex
1271 2517 1467 2560 tidelitate
1495 2529 1617 2573 quam
1644 2515 1728 2559 Deo

101 2588 314 2635 debemus,
349 2593 391 2631 ut
424 2588 581 2631 scilicet
614 2590 648 2630 ei
684 2590 931 2643 promissum
967 2587 1200 2641 solvamus3
1236 2587 1432 2644 obligatio
1456 2592 1592 2630 autem
1620 2589 1727 2629 iura-

102 2661 228 2702 menti
263 2663 457 2702 causatur
490 2672 539 2701 ox
575 2660 810 2701 reverentia
845 2671 967 2715 quam
1003 2657 1204 2701 debemus
1237 2661 1287 2706 ei,
1322 2672 1371 2700 ex
1415 2670 1495 2714 qua
1537 2662 1727 2700 tenemur

101 2729 210 2786 quod
249 2729 512 2772 veriticemns
547 2728 583 2770 id
620 2728 728 2785 qnod
765 2741 837 2784 per
870 2741 1018 2770 nomen
1052 2730 1140 2771 eius
1174 2730 1464 2784 promittimus.
1489 2724 1636 2771 Omnis
1659 2739 1726 2769 au-

220 2835 231 2856 1
258 2834 305 2867 D.
343 2833 414 2867 Th.
448 2833 543 2866 11-11
570 2845 604 2877 q.
636 2832 847 2866 LXXXIX
873 2844 906 2865 a.
936 2833 956 2865 9
983 2832 1030 2866 ad
1056 2834 1090 2866 2.
1121 2854 1163 2858 —
1190 2833 1203 2855 2
1230 2833 1322 2878 Cap.
1346 2834 1368 2867 3
1394 2833 1440 2867 de
1470 2832 1725 2866 iureiurando

100 2882 165 2916 tit.
195 2882 239 2914 21
270 2880 336 2914 lib.
365 2880 416 2914 II.
447 2901 487 2903 —
519 2880 533 2902 ²³
563 2880 658 2913 II-II
686 2892 721 2924 q.
753 2879 967 2913 LXXXIX
993 2891 1028 2913 a.
1057 2880 1080 2914 8
1109 2891 1140 2914 c.
