1965 3240
140 99 210 133 442
271 100 356 133 L1B.
384 99 455 132 ΙΙΙ.
485 119 497 124 -
524 98 635 132 PARS
660 97 703 132 V.
730 117 743 122 -
769 97 827 133 De
851 97 973 141 benef.
1001 101 1036 132 et
1061 99 1187 133 instit.
1215 97 1341 132 eccles.
1369 107 1450 131 non
1475 97 1605 140 colleg.

142 220 311 262 sortitae
342 220 435 273 sint,
469 216 718 260 authenticis
764 219 980 273 scripturis
1029 215 1267 272 probentur.
1314 213 1477 271 Reliqui
1526 218 1764 270 patronatus

142 302 287 333 omnes
320 291 359 331 in
385 287 638 332 beneficiis...
672 300 744 330 seu
770 287 984 331 facultates
1007 292 1046 330 et
1069 284 1287 342 privilegia
1310 297 1546 328 concessa...
1572 286 1611 327 in
1636 289 1765 327 totum

146 373 314 416 prorsus
336 358 546 415 abrogata,
572 362 610 401 et
635 359 749 401 irrita
764 371 866 409 cum
891 357 1284 415 quasi-possessione
1317 355 1411 399 inde
1443 359 1617 413 sequuta
1650 354 1767 398 intel-

145 429 347 486 ligantur:
384 428 668 486 beneficiaque
689 427 925 471 huiusmodi
952 431 1146 484 tanquam
1181 425 1308 469 libera
1342 437 1363 468 a
1395 427 1480 468 suis
1502 423 1769 468 collatoribus

143 501 452 544 conferantur...
477 514 517 540 )>.

265 570 344 614 luri
378 569 618 613 Tridentino
652 582 824 612 concors
856 573 917 611 est
950 568 1191 611 can.1454.
1227 564 1402 610 Nullum
1438 564 1678 622 singulatim
1702 565 1768 608 ius

141 646 400 699 patronatus
434 642 598 697 proprie
630 639 681 684 ad
715 652 903 683 normam
936 651 1026 682 can.
1062 637 1174 680 1448
1208 635 1463 679 admittatur
1490 649 1585 680 cum
1619 636 1769 679 effectu

148 714 262 767 iuris,
295 711 381 755 nisi
413 711 453 768 a)
487 710 743 754 authenticis
775 709 1047 759 documentis,
1081 721 1187 766 quae
1222 711 1278 752 uti
1317 708 1529 765 «publica
1564 708 1687 750 tidem
1713 708 1768 750 fa-

148 785 263 827 ciunt
285 799 304 824 w)
343 781 621 840 (can.1816),
652 786 727 824 aut
761 781 801 837 b)-
832 780 934 823 aliis
966 779 1168 837 beqitimis
1202 782 1315 823 iuxta
1339 793 1390 823 ss.
1416 792 1595 823 canones
1624 777 1772 836 proba-

147 853 344 905 tionibus,
376 866 482 911 quae
514 853 616 896 disci
650 857 807 910 queunt
838 865 887 895 ex
923 854 980 894 tit.
1002 849 1070 905 ΙΧ,
1095 850 1195 894 Lib.i
1230 849 1296 905 IV,
1331 854 1371 893 et
1406 852 1512 893 inter
1544 861 1646 906 quas
1677 853 1773 892 sunt

154 940 174 966 (c
200 924 447 981 multiplices
482 925 831 981 praesentationes
876 935 947 978 per
989 923 1322 979 antiquissimum
1357 922 1555 977 temporis
1588 932 1773 972 cursum,

147 998 218 1053 qui
239 995 452 1038 hominum
474 995 718 1037 memoriam
741 993 917 1036 excedat
936 1008 974 1046 ›>‚
992 991 1211 1035 evincatur
1233 991 1379 1035 saltem
1400 989 1774 1034 extraiudicialiter

149 1069 238 1110 sive
271 1066 406 1124 quoad
443 1065 611 1108 modum
645 1066 915 1120 originarium
949 1066 1039 1106 sive
1071 1063 1206 1120 quoad
1241 1075 1407 1106 causam
1438 1061 1711 1104 derivationis
1734 1062 1772 1103 in

147 1137 354 1182 actualem
390 1141 622 1194 patronum.
656 1136 785 1180 Secus
823 1135 1067 1178 «beneficia
1102 1139 1184 1177 tam
1219 1132 1450 1177 saecularia
1495 1144 1618 1190 quam
1658 1145 1776 1188 regu-

151 1208 266 1262 laria,
298 1221 369 1251 seu
405 1206 670 1264 parochialia,
699 1206 761 1249 vel
785 1206 1020 1262 dignitates,
1044 1210 1114 1248 aut
1137 1216 1427 1262 quaecumque
1450 1202 1530 1247 alia
1561 1202 1775 1256 beneficia,

152 1282 191 1323 in
225 1279 468 1329 cathedrali,
521 1277 582 1321 vel
632 1277 849 1333 collegiata
897 1276 1086 1331 ecclesia,
1121 1280 1363 1332 ...tanquam
1411 1274 1538 1318 libera
1584 1277 1652 1327 (ex
1698 1272 1775 1316 hac

154 1350 330 1408 parte)...
371 1350 652 1403 conferantur,
684 1361 732 1391 ac
776 1350 1033 1404 provisiones
1081 1346 1318 1389 huiusmodi
1369 1345 1533 1402 plenum
1584 1344 1777 1388 effectum

104 1428 106 1431 ’
152 1425 460 1476 consequantur
485 1436 503 1461 »
542 1419 637 1477 (loc.
672 1421 740 1462 cit.
773 1417 897 1463 Conc.
922 1417 1052 1474 Trid.)
1087 1430 1162 1460 nec
1195 1418 1408 1474 sequentia
1445 1415 1664 1472 privilegia
1697 1416 1779 1457 cui-

150 1505 276 1550 quam
311 1504 511 1548 personae
544 1489 836 1534 attribuantur.

273 1563 371 1606 359.
405 1564 482 1608 lus
514 1565 808 1618 patronatus
850 1562 1092 1607 evolvitur
1136 1558 1341 1615 complete
1383 1563 1507 1615 atque
1548 1556 1776 1616 secundum

156 1634 475 1691 praecedentem
508 1631 772 1688 disciplinam
798 1634 835 1674 in
861 1645 951 1674 ean.
987 1633 1118 1674 1455.
1145 1656 1197 1660 --
1236 1628 1466 1686 Privileqia
1502 1632 1781 1686 patronorum

156 1707 322 1762 proprie
355 1704 479 1759 dicta,
514 1707 654 1760 utpote
688 1703 853 1746 favores
876 1702 939 1745 his
962 1701 1176 1745 exclusive
1208 1702 1393 1744 concessi
1428 1699 1479 1742 ab
1501 1698 1781 1742 ecclesiastico

156 1779 245 1820 iure
278 1781 396 1818 sunt:

275 1847 315 1889 1⁰
335 1851 532 1904 tanquam
552 1847 821 1903 praecipuum
845 1841 1149 1886 Praesentandi
1167 1855 1261 1885 cum
1281 1841 1567 1897 designatione
1585 1838 1779 1882 clericum

156 1919 208 1962 de
241 1920 486 1961 necessitate
518 1916 571 1960 ob
594 1929 795 1960 canonem
824 1915 921 1968 118,
947 1914 1008 1957 vel
1034 1919 1230 1970 tanquam
1255 1917 1459 1955 rectorem
1486 1909 1542 1953 ad
1564 1909 1781 1953 eeclesiam

156 1994 372 2031 vacantem
419 1990 482 2031 sui
532 1990 785 2044 patronatus,
818 1985 881 2028 vel
915 1990 957 2028 ut
990 1984 1173 2028 obtineat
1205 1982 1444 2039 beneficium
1490 1982 1542 2025 de
1586 1983 1674 2024 iure
1711 1994 1781 2023 va·

157 2073 271 2114 cans,
305 2061 423 2102 cuius
455 2061 507 2102 sit
541 2062 750 2109 patronus.
783 2057 849 2100 Sic
884 2055 1034 2112 legitur
1069 2057 1106 2097 in
1140 2067 1228 2111 cap.
1263 2053 1316 2096 25
1352 2053 1472 2096 huius
1505 2052 1610 2095 tituli
1646 2054 1684 2094 in
1711 2050 1783 2095 De·

157 2129 405 2174 cretalibus:
445 2144 466 2171 c<
489 2130 617 2174 Secus
649 2133 785 2172 tamen
818 2131 885 2180 (ac
919 2129 957 2169 in
992 2124 1257 2170 conventuali
1292 2122 1486 2180 ecclesia)
1521 2127 1581 2166 est
1614 2124 1652 2165 in
1687 2134 1782 2178 cap-

160 2200 289 2257 pella:
326 2202 363 2242 in
398 2212 477 2257 qua
512 2212 617 2242 unus
653 2197 872 2254 Presbyter
904 2209 925 2240 a
961 2201 1132 2253 patrono
1165 2195 1346 2251 eligitur,
1369 2199 1409 2237 et
1433 2206 1505 2249 pro
1529 2194 1784 2235 institutione

160 2270 366 2324 habenda,
400 2270 476 2314 loci
510 2269 713 2326 Episcopo
748 2272 1095 2325 praesentatur».

280 2342 546 2398 Prosequitur
577 2338 767 2384 Clemens
799 2338 850 2381 lll
885 2341 922 2381 in
957 2340 1023 2382 cit.
1059 2350 1172 2394 cap.:
1211 2351 1232 2377 «
1259 2336 1333 2379 Pro
1357 2335 1595 2378 fundatione
1618 2345 1782 2390 quoque

161 2412 361 2456 ecclesiae
394 2411 526 2454 honor
560 2411 832 2466 processionis
865 2409 1071 2452 fundatori
1105 2411 1320 2451 servatur:
1355 2411 1394 2449 et
1435 2407 1467 2448 si
1513 2404 1563 2447 ad
1599 2405 1782 2459 inopiam

165 2488 324 2539 vergat,
355 2482 406 2526 ab
439 2482 613 2525 ecclesia
659 2480 713 2523 illi
749 2480 935 2523 modeste
967 2480 1238 2532 succurritur,
1272 2479 1378 2520 sicut
1411 2478 1449 2518 in
1484 2476 1613 2518 sacris
1635 2478 1696 2517 est
1718 2485 1786 2516 ca-

163 2553 339 2596 nonibus
371 2555 638 2595 constitutum
663 2567 701 2594 )).
736 2549 808 2593 His
841 2552 966 2606 igitur
1008 2548 1236 2592 secundum
1281 2546 1500 2590 Doctorum
1542 2547 1783 2600 interpreta-

164 2625 294 2666 tiones
328 2623 664 2679 praecedentium
698 2622 890 2676 congruit
914 2624 1050 2663 noster
1072 2631 1202 2662 canon
1227 2617 1303 2661 sub
1329 2615 1386 2660 n.⁰
1408 2617 1470 2660 20.
1506 2614 1633 2659 Salva
1656 2616 1693 2667 a)
1715 2627 1784 2655 θα]-

162 2694 375 2737 secutione
406 2706 578 2736 onerum
610 2691 902 2748 spiritualium,
935 2702 1042 2747 quae
1091 2687 1334 2744 temporalia
1378 2696 1686 2742 nonnumquam
1722 2696 1784 2726 re-

165 2766 346 2821 quirunt,
381 2769 420 2806 el
455 2763 494 2814 b)
529 2762 703 2805 honesta
735 2759 992 2817 beneficiarii
1023 2758 1343 2809 sustentatione,
1375 2758 1470 2814 quia
1495 2769 1544 2799 ex
1575 2768 1658 2810 reg.
1685 2754 1784 2796 iuris

169 2837 223 2878 55
259 2838 295 2877 in
332 2837 399 2878 (5⁰2
439 2849 459 2875 <c
482 2836 560 2888 Qui
584 2834 707 2876 sentit
728 2844 831 2875 onus
853 2833 1006 2874 sentire
1028 2829 1151 2873 (lebet
1173 2827 1453 2881 commodum,
1478 2831 1517 2869 et
1540 2838 1561 2868 e
1584 2828 1725 2868 contra
1744 2837 1786 2876 »,
