1965 3240
138 128 208 163 318
397 128 480 161 Lm.
506 127 578 162 ΙΙΙ.
608 146 620 152 -
647 127 757 161 PARS
782 126 849 161 IV.
878 146 891 151 -
918 126 973 161 De
999 128 1222 170 mayzsterio
1248 127 1499 161 ecclesiastico

140 249 193 290 ita
226 251 269 289 ut
304 245 465 302 publica
509 245 660 288 evadat
701 249 741 288 et
772 258 866 288 cum
909 258 960 287 ss.
996 256 1201 288 canonum
1236 242 1466 297 essectibus,
1498 243 1759 296 constitutio,

142 317 267 360 veluti
301 317 530 360 efformatio
572 329 622 359 ex
659 315 845 372 pluribus
887 314 1050 369 scholis,
1085 312 1330 364 catholicae,
1367 327 1415 357 eo
1458 314 1566 372 quod
1601 313 1652 357 ab
1685 313 1761 357 Ec-

139 387 262 431 clesia
297 392 339 430 ut
370 389 565 430 societate
598 386 871 442 dependentis
914 397 962 428 ac
997 385 1276 428 moderandae
1308 383 1543 427 stucliormn
1576 385 1761 440 superio-

139 472 228 502 rum
270 456 582 511 Unimrsssasts,
608 459 696 500 sive
720 456 918 505 oninium,
943 457 1012 512 qui
1047 455 1277 498 Ecclesiam
1311 457 1498 511 proxime
1523 456 1761 510 respiciunt,

143 528 356 572 videlicet:
393 527 707 584 philosophiam,
742 526 1007 582 theologiam,
1041 539 1088 569 ac
1123 527 1184 568 ius
1217 527 1462 568 canonicum
1506 538 1600 568 cum
1644 524 1763 568 disci-

142 599 261 655 plinis
293 597 717 654 complementaribus
751 597 930 650 illarum,
960 598 1049 639 sive
1084 595 1189 639 ultra
1228 608 1274 639 ea
1308 598 1429 639 etiam
1465 595 1639 638 aliorum
1675 608 1765 651 pro-

141 672 344 724 fanorum,
375 668 437 712 vel
470 667 707 712 Faeullatis
740 671 907 724 propter
940 679 1063 710 unam
1108 666 1171 709 vel
1207 666 1378 709 alteram
1415 668 1670 722 provinciam
1704 678 1764 708 so-

142 741 353 784 lummodo
400 740 710 783 «studiorum»
760 737 858 781 Secti
899 736 1179 795 Apostolicae,
1222 736 1400 780 scilicet:
1444 736 1481 779 S.
1517 734 1680 791 Congr.i
1712 735 1764 778 de

140 812 380 855 Seminariis
418 815 457 854 et
489 808 849 862 Universitatibus,
883 820 990 865 quae
1030 820 1197 850 «novas
1230 807 1465 850 huiusmodi
1490 808 1766 849 institutiones

144 882 359 939 perpendit
392 880 715 938 approhatque»
754 879 862 937 (can.
899 879 996 927 ⁶256,
1030 878 1058 936 ξ
1092 878 1134 935 1)
1174 877 1360 931 ubilibet,
1394 881 1565 934 excepta
1600 890 1763 933 compe-

143 955 266 997 tentia
298 952 638 1009 Congregationis
692 966 712 991 <(
736 964 808 1007 pro
851 949 1048 993 Ecclesiis
1092 952 1194 992 ritus
1235 948 1484 992 orientalis»
1523 948 1631 1004 (can.
1667 947 1764 1002 257,

141 1028 165 1079 ξ
198 1025 254 1082 ⁶2),
288 1028 531 1066 reservatur
566 1035 637 1078 per
669 1021 779 1065 hunc
813 1033 1027 1064 canonem.

258 1094 566 1151 Consequenter
607 1095 748 1136 statuit
791 1096 815 1146 g
856 1094 899 1136 ἓ.
941 1089 1202 1135 Πηίῑένείίας
1240 1090 1550 1133 «studiorum»
1590 1088 1651 1132 vel
1683 1087 1764 1131 Fa·
1814 1087 1816 1089 ’

141 1166 289 1218 cullas,
324 1168 360 1207 in
395 1164 440 1222 {⁰
468 1165 509 1206 la
533 1163 742 1207 declarata
776 1167 966 1220 utraque,
989 1160 1198 1204 calholica
1231 1175 1302 1204 seu
1328 1160 1537 1204 Ecclesiae
1571 1164 1613 1203 ut
1635 1162 1765 1203 socie-

141 1239 211 1281 tati
238 1238 416 1293 propria,
440 1235 565 1278 eliam
589 1233 805 1291 ‘religiosis
835 1232 1018 1290 sarniliis
1051 1232 1184 1289 quoad
1221 1233 1504 1288 magisterium
1534 1230 1595 1273 vel
1631 1230 1767 1274 mode-

144 1310 341 1352 rationem
376 1304 625 1364 quibuslibet
657 1307 779 1348 etiam
815 1302 1044 1349 Ordinibus
1077 1294 1330 1353 concredita,
1361 1315 1455 1346 cum
1489 1314 1568 1358 qua
1602 1300 1766 1345 scholae

144 1379 332 1436 publicae
365 1382 459 1421 sunt
491 1376 772 1434 dependentes
814 1375 866 1419 ab
910 1375 1197 1419 Ecclesiastica
1241 1376 1499 1425 auctoritate,
1531 1386 1609 1415 sua
1651 1371 1767 1415 (lebet

144 1450 294 1492 scabere
324 1454 501 1502 statuta,
533 1461 605 1491 seu
637 1459 805 1490 normas
838 1448 1164 1505 uniuscuiusque
1198 1444 1442 1501 peculiares,
1476 1458 1500 1486 a
1535 1442 1638 1487 Sede
1658 1447 1766 1501 Apo-

143 1520 293 1564 stoliea
337 1533 506 1576 nempe:
547 1531 568 1561 a
612 1518 650 1561 S.
685 1516 834 1574 Congr.
880 1517 930 1560 de
973 1517 1213 1560 Seminariis
1256 1521 1295 1558 et
1336 1513 1683 1559 Universitalibus
1715 1514 1765 1557 ad

144 1604 330 1635 normam
380 1592 549 1634 canonis
591 1594 630 1632 et
661 1589 701 1646 ξ
736 1590 803 1631 cit.
849 1588 912 1631 vel
956 1599 976 1630 a
1020 1587 1058 1630 S.
1092 1585 1422 1643 Congregatione
1467 1599 1539 1642 pro
1582 1584 1765 1628 Ecclesia

144 1661 331 1705 orientali
367 1663 478 1704 iuxta
512 1661 833 1716 competentiam
867 1660 996 1712 istius,
1013 1657 1210 1715 probata,
1234 1659 1394 1700 etiamsi
1429 1658 1564 1699 forsan
1599 1655 1650 1699 ah
1678 1654 1769 1698 aliis

147 1732 455 1776 elucubreniiw.

263 1804 360 1846 261.
393 1804 620 1848 Facultas
663 1803 968 1847 concedendi
1011 1802 1198 1857 gradus
1240 1801 1567 1845 academicos.
1600 1797 1657 1841 De
1691 1798 1766 1841 hac

145 1874 269 1918 edicit
292 1887 381 1915 ean.
409 1873 538 1916 1377.
568 1871 737 1916 Gradus
761 1875 927 1928 propter
950 1872 1229 1914 successivam
1264 1882 1405 1912 eorum
1431 1870 1767 1911 consecutionem

145 1947 258 1987 iuxta
292 1944 520 2000 profectum
556 1945 593 1985 in
628 1942 775 1985 studiis
818 1955 890 1998 per
932 1943 1123 1984 examina
1163 1944 1437 1996 compertum,
1471 1938 1567 1982 hinc
1604 1943 1769 1982 vocatos

146 2013 418 2061 academicos,
462 2026 633 2069 nempe:
670 2012 1025 2067 Baccalaureatus,
1059 2011 1266 2054 Licentiae
1315 2023 1361 2053 ac
1404 2009 1663 2063 Doctoratus‚
1697 2008 1769 2066 qui

146 2085 312 2143 effectas
355 2084 589 2138 canonicos,
627 2097 662 2125 v.
697 2097 757 2139 gr.
793 2087 1056 2126 enumeratos
1105 2084 1142 2124 in
1187 2094 1276 2125 can.
1317 2082 1518 2138 sequenti,
1553 2084 1592 2123 et
1623 2079 1767 2122 saltem

147 2156 195 2199 ad
233 2157 515 2211 magisterium
550 2153 862 2210 disciplinarum
895 2153 946 2196 de
970 2152 1120 2210 quibus
1154 2151 1209 2194 illi
1245 2151 1399 2207 gradus
1422 2149 1558 2193 collati
1592 2150 1770 2203 fuerunt,

150 2227 191 2268 in
223 2225 414 2270 Ecclesia
448 2227 503 2268 uti
540 2225 721 2281 perfecta
754 2226 949 2268 societate
993 2222 1184 2278 habeant,
1223 2221 1436 2265 videlicet:
1472 2219 1769 2277 philosophiae,

149 2297 394 2353 theologiae,
428 2298 528 2339 iuris
561 2297 762 2349 canonici,
800 2295 862 2337 vel
910 2296 1139 2351 utriusque,
1173 2305 1220 2336 ac
1254 2292 1398 2335 ultimo
1433 2293 1470 2334 in
1505 2291 1629 2334 Sacra
1662 2290 1768 2333 Scri-

149 2372 265 2424 ptura
300 2367 454 2424 gradus
478 2366 664 2423 prolytae
688 2371 727 2408 et
749 2365 938 2408 Doctoris
972 2366 1143 2407 instituti
1169 2376 1190 2407 a
1217 2363 1284 2406 Pio
1308 2362 1341 2405 Χ
1365 2356 1437 2419 p'er
1470 2361 1578 2404 Litt.s
1600 2360 1771 2417 Aposto-
1827 2418 1829 2420 v

148 2438 246 2481 licas
283 2438 560 2494 «Scripturae
593 2437 805 2480 Sanctae»
830 2437 856 2476 1.
883 2435 967 2478 Hos
999 2433 1183 2490 singulos
1211 2447 1328 2476 nemo
1361 2433 1496 2475 officio
1529 2433 1669 2475 stricto
1703 2430 1767 2473 vel

149 2509 227 2552 lato
261 2522 395 2564 sensu,
431 2513 500 2551 aut
533 2508 733 2564 dignitate
768 2509 919 2563 potitus
947 2504 1140 2564 conferre
1160 2509 1296 2562 potest
1332 2503 1481 2557 valide⁷
1505 2502 1590 2545 nisi
1622 2516 1673 2544 em
1703 2500 1768 2558 fa-

149 2578 304 2621 culture
336 2578 572 2621 huiusmodi
621 2577 669 2620 ab
702 2575 943 2634 Apostoliea
989 2574 1093 2618 Sede
1125 2588 1344 2624 coneessu;
1379 2567 1631 2629 proindeque
1666 2574 1770 2614 intra

150 2662 384 2693 mensuram
436 2662 483 2693 ac
526 2649 783 2692 conditmnes
816 2649 1104 2691 concessionis.
1138 2646 1262 2689 Sacra
1314 2645 1507 2688 videlicet
1538 2643 1686 2699 Congr.
1720 2642 1770 2685 de

150 2721 390 2765 Seminariis
408 2718 807 2764 etUniversitatibus
835 2733 854 2758 «
875 2717 1109 2761 facultatem
1130 2715 1322 2760 concedit
1339 2715 1599 2759 academicos
1615 2712 1771 2769 gradus

272 2874 281 2895 ¹
308 2873 353 2906 23
380 2872 468 2907 Feb.
500 2872 600 2907 1904.
