1965 3240
541 135 626 169 Trr.
655 135 746 170 XII.
776 155 788 162 -
814 135 871 170 De
895 138 1100 181 sepultura
1126 140 1379 173 ecclesiastica
1706 143 1772 175 121

263 253 498 299 Clausulam
535 255 699 298 tinalem
734 257 840 299 cit.⁸⁰
871 256 1044 301 declar.S
1076 258 1114 299 S.
1139 256 1287 313 Congr.
1313 260 1350 301 S.
1376 256 1511 303 (slllicii
1541 261 1549 281 ¹
1586 261 1770 303 extendit

145 325 194 369 ad
229 338 373 369 omnes
405 328 575 369 canonis
607 338 727 369 casus
759 326 987 369 secundum
1026 328 1342 383 praecedentem
1378 330 1637 386 disciplinam
1674 337 1697 379 ξ
1730 339 1771 374 3.

149 394 404 439 Occurrente
442 396 677 454 praedietis
720 397 764 439 111
807 396 971 439 ectsilms
1005 397 1148 455 aliquo
1182 401 1290 442 circa
1338 403 1495 455 praxim
1542 401 1664 444 (lubio
1698 405 1770 445 elsi

145 469 322 523 positivo
357 469 457 510 iuris
494 467 556 511 vel
592 468 704 522 sacti,
737 467 986 510 consulatur
1017 482 1066 511 ex
1104 474 1339 525 praecepto,
1374 471 1411 511 si
1451 477 1609 528 tenipus
1642 473 1767 517 sinat.

148 536 428 589 0rdinarius;
456 552 476 579 c<
499 540 569 595 qui
592 543 787 581 accurate
813 541 1025 595 perpensis
1043 539 1236 583 omnibus
1254 541 1474 593 adiunctis,
1501 542 1536 583 id
1563 543 1774 593 decernet,

143 608 251 663 quod
288 611 419 664 magis
452 608 651 665 expedire
670 611 708 651 in
730 608 904 651 Domino
925 609 1231 652 iudicaverit».
1254 637 1304 641 -
1325 613 1520 668 Sequitur
1545 616 1770 670 praescrip-

143 683 254 723 tum:
285 684 560 736 permanente
590 679 801 723 declarato
824 679 965 733 dubio,
987 679 1168 723 cadaver
1190 681 1436 738 sepulturae
1464 682 1773 725 ecclesiastieae

145 749 345 793 tradatur
367 754 647 806 congruenter
669 750 775 794 can.i
801 751 877 793 15:
907 766 927 792 ((
950 751 1136 807 Leges...
1162 753 1200 794 in
1224 752 1351 795 dubio
1376 755 1476 795 iuris
1500 767 1578 796 non
1606 760 1771 810 urgent:

143 823 182 864 in
217 819 343 864 dubio
391 825 528 864 autem
580 821 690 876 sacti,
725 825 857 878 potest
900 818 1150 865 Ordinarius
1198 824 1236 864 in
1272 824 1330 865 eis
1363 823 1602 879 dispensare
1630 841 1669 878 »,
1702 825 1770 868 sed

144 896 283 935 monet
324 890 462 935 Codex
509 891 586 935 hoc
620 894 658 934 in
704 891 817 936 loco:
863 892 925 935 ila
961 897 1096 935 laniem
1133 898 1177 935 ul
1209 899 1475 936 removeatur
1512 895 1779 948 ,s-eamlalam,

143 963 250 1020 quod
287 976 366 1006 non
411 965 463 1006 sit
506 962 802 1019 pharisaicum,
844 964 1038 1020 equidem
1073 963 1124 1007 ob
1157 964 1344 1008 divinam
1390 964 1522 1021 legem
1570 966 1667 1009 illud
1707 981 1771 1009 xo-

142 1038 311 1079 tantem.

263 1107 516 1158 Quaenam
556 1107 821 1152 secumfert
843 1108 1058 1164 privatio
1083 1109 1367 1164 sepulturae
1391 1109 1779 1156 ecclesiasticae,

142 1176 301 1220 Horum
342 1176 564 1220 verborum
609 1177 748 1220 datam
790 1179 1173 1234 interpretationem
1215 1181 1555 1235 praeaccepimus
1593 1194 1640 1222 ex
1682 1195 1773 1224 earn.

144 1250 270 1292 1941.
303 1247 488 1291 Eoecluso
522 1247 570 1290 ab
594 1247 880 1291 ecelesiastica
919 1248 1141 1306 sepultura
1167 1251 1409 1305 praesertim
1435 1251 1674 1306 accipienda
1702 1265 1773 1307 pro

148 1334 168 1360 (t
191 1319 410 1363 cadaveris
442 1318 700 1375 depositione
734 1321 772 1361 in
809 1318 898 1362 loco
933 1319 1116 1376 legitime
1140 1320 1336 1376 deputato
1361 1320 1780 1365 tidelibusdefunctis

142 1390 412 1434 condendis»
451 1389 560 1448 (can.
594 1390 739 1446 1204),
772 1389 1020 1447 deneyawda
1054 1404 1215 1449 quoque
1246 1397 1344 1434 sum
1377 1391 1524 1447 eidem,
1547 1397 1684 1449 utpote
1704 1395 1773 1435 im-

144 1461 282 1518 plicite
318 1464 457 1516 vetita,
492 1464 533 1518 a)
574 1466 660 1504 tum
693 1461 902 1519 quaelibet
945 1461 1078 1505 Missa
1122 1461 1372 1520 ezrequiali's,
1420 1476 1490 1506 seu
1536 1464 1586 1506 (10
1632 1467 1772 1520 requie

141 1534 335 1590 quamvis
369 1532 472 1576 lecta
497 1537 536 1576 et
559 1546 734 1589 corpore
767 1546 845 1576 non
880 1538 1112 1590 praesente,
1148 1533 1189 1590 1))
1213 1533 1341 1576 eliam
1366 1534 1677 1587 αη1111ψ1κςιινία,
1698 1534 1772 1578 lioc

142 1608 202 1646 est
236 1608 476 1647 recurrente
512 1617 584 1659 per
616 1604 802 1660 singulos
834 1616 963 1647 annos
999 1606 1141 1647 mortis
1174 1605 1253 1659 (110,
1289 1608 1326 1660 0)
1361 1610 1446 1647 lum
1475 1604 1564 1647 alia
1604 1605 1772 1663 publicu

141 1674 290 1732 officia,
323 1687 393 1717 seu
430 1673 636 1730 liturgica,
671 1687 964 1733 quaecumque
988 1675 1105 1718 solita
1130 1677 1169 1718 in
1196 1676 1354 1724 sunere,
1379 1675 1456 1719 hoc
1480 1681 1538 1719 est
1562 1675 1770 1733 funebria.

262 1745 360 1788 102.
394 1745 653 1791 Servanda
696 1748 827 1792 circa
870 1749 1280 1792 excommunicati
1320 1749 1507 1793 vitandi
1542 1749 1773 1793 cadaver.

142 1815 445 1872 praescriptum
491 1829 580 1873 cap.
618 1816 670 1858 12
710 1817 804 1859 «de
837 1816 1106 1873 sepulturis»
1145 1816 1231 1874 (Ill,
1266 1817 1335 1870 28)
1373 1817 1547 1860 relatum
1572 1831 1693 1872 supra
1720 1819 1768 1861 ad

141 1897 231 1929 can.
268 1885 379 1928 1214
415 1887 542 1930 refert
574 1898 621 1930 ac
654 1888 712 1930 sic
747 1887 989 1930 moderatur
1022 1901 1112 1929 can.
1149 1890 1279 1930 1219.
1316 1887 1361 1930 Si
1394 1888 1487 1943 fieri
1524 1888 1614 1930 sine
1648 1889 1772 1945 [ΙΙ-((11

141 1956 399 2000 incommodo
430 1962 567 2015 queat,
606 1970 713 2015 quae
731 1957 913 2001 conditio
939 1957 1147 2001 multoties
1170 1957 1303 2001 aberit
1328 1961 1476 2001 nostris
1500 1959 1769 2015 temporibus,

142 2028 335 2082 cadaver,
359 2027 621 2072 solummodo
644 2028 995 2072 eoeeommzmieali
1017 2030 1058 2086 a)
1082 2029 1247 2072 01101011
1282 2029 1552 2085 dignoscendi
1578 2044 1625 2073 ex
1652 2031 1772 2073 can.“

143 2099 256 2142 2258
288 2099 329 2157 §³
364 2099 426 2142 23ε
458 2099 750 2155 applicatione,
794 2099 837 2157 b)
883 2100 967 2157 qui,
1011 2105 1157 2143 contra
1200 2114 1403 2143 eanommt
1445 2106 1621 2149 statuta,
1660 2115 1772 2157 «per

146 2169 383 2213 violentiam
418 2170 668 2227 aliquorum,
706 2170 768 2214 vel
804 2170 884 2213 alio
917 2184 1060 2214 casu»
1113 2171 1375 2228 sepulturam
1421 2172 1547 2214 idest:
1598 2172 1771 2215 tumula-

143 2243 294 2284 tionem
330 2239 370 2298 0)
404 2241 446 2283 in
491 2240 579 2285 loco
622 2255 743 2284 sacro
787 2241 983 2295 0011111111,
1022 2241 1332 2285 efflmrnmzdum
1372 2247 1430 2284 est
1470 2248 1770 2299 consequenter

143 2314 220 2355 iuri
256 2312 536 2368 praecedenti,
571 2312 614 2369 d)
647 2318 813 2356 servato
841 2313 1109 2370 praeseriplo
1143 2327 1232 2358 ean.
1273 2316 1399 2368 1311,
1431 2314 1458 2371 3³
1492 2316 1525 2365 1,
1555 2313 1768 2357 videlicet:

148 2397 167 2423 (ι
191 2382 242 2425 (10
276 2381 441 2425 licentia
474 2380 752 2435 0101110111»,
785 2385 854 2440 qui
891 2388 1027 2426 utrum
1063 2396 1193 2440 grave
1225 2383 1329 2426 adsit
1366 2383 1676 2426 incommodum
1705 2383 1767 2425 vel

142 2465 221 2495 non
255 2453 439 2496 iudicare
475 2453 621 2496 melius
656 2456 816 2510 poterit,
850 2454 890 2510 e)
922 2459 961 2497 et
994 2454 1036 2497 in
1073 2453 1159 2496 loeo
1190 2452 1374 2511 prosumo
1407 2453 1457 2495 (le
1490 2467 1567 2510 quo
1602 2453 1642 2495 1))
1678 2468 1767 2495 ran.

143 2525 270 2576 1212,
302 2523 482 2567 scilicet:
523 2540 543 2565 ((
566 2527 617 2567 511
652 2524 779 2580 10005,
813 2524 978 2568 clausus
1012 2527 1106 2568 item
1143 2529 1183 2567 et
1215 2525 1502 2578 custoditus»,
1537 2538 1615 2566 non
1653 2524 1771 2567 benc-

141 2593 289 2648 dictus,
328 2609 348 2635 «
374 2593 442 2637 ubi
477 2596 502 2636 ii
537 2593 762 2637 liumentur
794 2594 946 2652 quibus
987 2595 1200 2652 sepultura
1243 2595 1523 2638 ecclesiastica
1560 2608 1636 2637 non
1671 2608 1765 2637 con-

141 2664 365 2719 ceditur»,
401 2664 540 2722 ibique
572 2665 854 2722 reponendum
889 2666 1072 2710 cadaver
1105 2666 1402 2723 supradictum.

261 2820 274 2839 ⁴
303 2819 347 2852 15
373 2818 466 2852 Dec.
497 2818 602 2852 1886.
