1965 3240
491 145 575 179 TiT.
605 144 730 178 XXV.
758 165 769 169 -
796 144 852 179 De
877 144 1067 188 beneficiis·
1093 145 1362 178 ecclesiasticis
1670 142 1741 177 473

232 264 312 306 387
348 265 539 309 Solutio
573 265 764 309 mediae
787 265 1003 308 annatae
1025 261 1101 305 sub
1126 261 1439 305 limitationibus
1466 265 1741 305 conservatur

113 337 150 378 in
185 333 349 389 Codice,
385 347 477 377 cum
516 336 628 377 iuxta
663 333 885 377 Doctorum
923 334 1305 388 interpretationem
1332 345 1410 375 non
1430 336 1740 388 opponerentur

111 407 187 448 iuri
225 407 517 462 praeexistenti
553 417 600 448 ac
636 408 793 447 retento
826 402 902 447 sub
936 415 1026 447 can.
1061 402 1173 446 1440
1208 408 1245 446 et
1284 403 1409 445 1441.

229 476 241 498 ¹
281 474 502 518 «Nomine
536 475 699 518 mediae
733 479 907 519 annatae
944 475 1057 517 venit
1090 486 1185 530 pars
1232 475 1438 517 fructuum
1475 475 1593 529 primi
1629 476 1740 528 anni,

115 560 217 605 quos
270 560 318 590 ex
367 545 579 590 beneticiis
622 546 716 590 Sedi
772 544 1034 602 Apostolicae
1079 547 1301 587 reservatis
1350 546 1523 600 percipit
1566 544 1739 587 Camera

111 617 347 675 Apostolica
382 619 419 660 in
455 617 719 674 expeditione
757 616 895 659 Bullae
936 615 1168 659 collationis
1209 615 1398 659 beneficii
1424 631 1462 655 )).
1498 615 1566 657 1113
1601 615 1740 658 defen-

112 689 223 733 ditur
256 690 453 731 immunis
486 701 506 731 a
543 687 633 731 labe
666 689 908 741 simoniaca,
943 700 990 730 eo
1023 686 1133 744 quod
1175 688 1379 729 «sincera
1428 688 1539 728 notio
1571 690 1739 728 annata-

114 774 202 803 rum
237 764 311 814 est,
347 763 389 802 ut
421 772 469 802 ex
507 758 689 815 legitima
724 770 847 802 causa
881 757 1037 814 absque
1071 762 1190 814 pacto
1224 756 1378 814 aliquid
1405 758 1609 812 exigatur.
1646 756 1741 798 Pro-

114 836 202 888 pter
233 830 387 874 abusus
421 832 459 872 in
494 831 711 873 exactione
761 834 950 872 taxarum
1002 828 1363 871 beneficiariorum
1410 831 1590 881 exortos,
1634 840 1741 885 quae

112 906 287 946 statutae
330 902 497 944 fuerunt
530 913 551 943 a
587 900 782 944 Romanis
832 898 1115 952 Pontificibus,
1157 903 1200 941 ut
1233 911 1310 953 ope
1344 897 1488 941 borum
1532 900 1740 941 t'ructuuin

114 973 230 1017 Rom.
266 972 378 1015 Pont.
412 984 511 1015 suae
545 971 740 1015 honestae
773 971 1059 1014 sustentationi
1094 983 1169 1012 nec
1204 982 1281 1011 non
1322 970 1360 1013 S.
1395 968 1440 1012 R.
1466 968 1509 1014 E.
1545 968 1740 1013 (jardina—

114 1043 211 1087 lium
247 1043 385 1087 decori
422 1042 672 1093 consuleret,
707 1046 745 1084 et
779 1055 827 1085 ex
854 1041 966 1084 bisce
999 1040 1201 1084 fructibus
1223 1044 1388 1083 erueret
1422 1039 1530 1083 unde
1564 1042 1740 1083 necessi-

112 1113 264 1158 tatibus
297 1113 577 1157 Ecclesiarum
613 1117 652 1155 et
685 1111 995 1168 emergentibus
1027 1110 1247 1154 eventibus
1290 1111 1543 1167 provideret,
1583 1110 1741 1152 Bonifa-

112 1188 200 1234 cius
234 1184 287 1228 IX
324 1186 412 1239 fuit,
445 1186 514 1241 qui
550 1183 682 1240 legem
718 1185 872 1237 statuit,
907 1187 950 1225 ut
983 1186 1157 1225 annatae
1181 1183 1401 1238 anticipata
1431 1180 1635 1224 solutione
1668 1181 1743 1223 sol-

115 1261 336 1310 verentur,
361 1254 541 1299 scilicet:
576 1256 885 1311 computatione
909 1254 1013 1297 facta
1038 1254 1246 1296 fructuum
1272 1252 1461 1296 beneficii
1487 1255 1525 1295 in
1550 1254 1635 1309 ipsa
1660 1252 1742 1296 col-

113 1327 278 1380 latione,
313 1339 445 1384 aequa
480 1328 612 1383 portio
646 1327 854 1369 fructuum
889 1323 1090 1368 Gamerae
1123 1323 1386 1381 Apostolicae
1419 1323 1710 1367 solveretur».

229 1397 413 1441 Tandem
447 1397 596 1440 Bened.
635 1396 723 1439 Xlll
760 1398 797 1438 in
832 1400 961 1440 const.
1001 1395 1141 1438 «Pius
1164 1400 1204 1438 et
1228 1397 1509 1438 misericors»
1539 1394 1553 1415 '³
1590 1397 1743 1450 praeci-

116 1471 185 1525 pit,
216 1484 235 1509 «
260 1473 303 1512 ut
327 1468 517 1525 Episcopi
539 1470 578 1510 13
598 1466 888 1511 collationibus
912 1467 1209 1510 beneficiorum
1234 1468 1446 1522 imponant
1468 1465 1632 1509 clericis
1656 1479 1743 1522 pro-

115 1541 212 1582 visis
244 1544 416 1583 3333133
449 1538 718 1595 applicandas
750 1538 932 1581 fabricae
967 1537 1177 1581 Ecclesiae
1210 1536 1525 1580 cathedralis».

228 1609 345 1653 Hanc
377 1610 636 1666 disciplinam
671 1611 865 1665 supponit
907 1623 998 1651 can.
1036 1610 1168 1659 1482,
1202 1608 1300 1651 dum
1341 1607 1494 1650 edicit:
1534 1605 1654 1660 Quod
1687 1606 1744 1649 acl

111 1679 289 1723 mediam
323 1685 542 1733 czmzatam,
578 1693 701 1737 qzmm.
745 1684 905 1735 vocam,
942 1679 1115 1736 proinde
1150 1683 1192 1722 ut
1225 1678 1430 1734 explicata
1464 1682 1536 1733 est,
1572 1677 1740 1729 attinet,

111 1751 362 1807 retineatur,
399 1756 481 1794 tam
516 1763 614 1808 erga
648 1750 796 1794 Sedem
832 1750 1127 1807 Apostolicam,
1153 1762 1277 1807 quam
1303 1752 1341 1792 in
1368 1749 1629 1793 dioecesibus
1651 1762 1742 1805 pcr-

111 1822 315 1879 cipienda,
349 1825 447 1880 quin
482 1822 636 1879 aliquid
674 1824 769 1865 novi
813 1821 1134 1878 praescribatur.
1184 1820 1453 1864 Solummodo
1486 1825 1524 1863 et
1555 1819 1741 1878 peculia-

113 1893 180 1936 ria·
212 1898 375 1936 statuta
418 1895 507 1936 sive
550 1893 811 1949 dioecesana,
854 1894 942 1936 sive
986 1892 1249 1945 fundationis,
1294 1896 1364 1935 aut
1402 1891 1660 1947 capitularia,
1695 1905 1743 1933 ac

112 1963 349 2007 laudabiles
383 1963 718 2018 consuetudines,
754 1963 917 2021 (quales
950 1977 1029 2006 303
1065 1967 1214 2017 essent,
1247 1962 1413 2019 quando
1438 1962 1599 2005 mediae
1618 1974 1742 2005 3333-

111 2039 175 2078 tae
214 2037 297 2083 «in
333 2049 431 2078 usus
466 2037 553 2091 pios
587 2048 665 2078 non
701 2038 1066 2089 convertuntur»,
1101 2039 1170 2077 aut
1201 2044 1317 2091 ‘quae
1355 2035 1652 2076 «simoniacae
1687 2033 1739 2076 la-

113 2105 173 2150 bis
191 2111 261 2149 aut
283 2106 478 2149 sordidae
500 2108 702 2149 avaritiae
720 2107 999 2162 suspicionem
1020 2104 1173 2149 liabent
1191 2121 1232 2159 >›,
1250 2104 1479 2147 secundum
1501 2104 1610 2161 quod
1630 2103 1740 2146 Trid.

109 2176 233 2221 Cone.
258 2177 465 2234 decrevit)
490 2177 519 2230 ³,
544 2176 588 2219 in
614 2190 865 2234 unaquaque
886 2176 1071 2233 16910116-
1090 2176 1202 2218 eirea
1227 2190 1318 2217 eam
1343 2175 1520 2218 inediam
1547 2179 1738 2217 annatam

110 2247 291 2305 viqentes
309 2253 541 2292 seruentur.
566 2247 654 2291 Hoc
673 2252 808 2290 tamen
835 2260 913 2290 non
939 2247 1126 2303 impedit,
1146 2248 1368 2300 quominus
1393 2245 1460 2289 illa
1486 2247 1650 2299 mutari,
1672 2245 1734 2288 vel

110 2319 430 2362 consuetudines
463 2318 633 2372 aboleri,
669 2320 707 2360 in
748 2319 932 2361 futurum
956 2323 1110 2375 queant
1142 2318 1192 2360 ad
1233 2329 1400 2359 normas
1432 2330 1484 2359 ss.
1519 2329 1738 2360 canonum.

230 2389 328 2433 388.
364 2391 436 2436 De
469 2392 614 2436 bonis
646 2391 877 2436 beneficii
911 2391 1211 2446 episcopalis
1245 2387 1481 2444 specialiter
1505 2393 1625 2431 cavet
1649 2401 1739 2430 ean.

109 2461 228 2503 1483
261 2473 334 2516 per
367 2465 450 2504 tres
483 2459 780 2517 paragraphos,
817 2462 949 2516 primo
994 2460 1164 2517 quidem
1210 2461 1247 2501 in
1297 2471 1464 2515 genere,
1499 2463 1639 2513 postca
1690 2458 1741 2501 de

109 2530 333 2587 episcopali
367 2531 504 2585 domo,
529 2544 576 2575 ac
600 2531 767 2574 demum
793 2530 844 2574 de
878 2533 1124 2574 inventario.

225 2603 249 2655 ἓ
283 2604 317 2643 1.
364 2600 483 2644 Bona
528 2607 613 2645 tum
654 2601 823 2645 mobilia
868 2606 953 2644 tum
994 2601 1223 2645 immobilia
1268 2614 1433 2642 mensae
1474 2598 1738 2657 episcopalis,

107 2684 214 2730 qnae
249 2684 398 2724 nempe
431 2672 676 2729 temporalia
710 2672 759 2715 ad
794 2674 857 2715 ius
890 2671 1081 2717 beneticii
1117 2673 1300 2728 episcopi
1327 2673 1544 2727 pertinent,
1571 2669 1620 2711 ab
1642 2668 1739 2727 Epi-

228 2802 238 2822 1
266 2799 365 2834 Vide
392 2812 429 2834 v.
455 2811 510 2845 gr.
538 2799 666 2834 Santi.
695 2800 990 2835 Praelectiones
1016 2800 1120 2834 Iuris
1146 2799 1338 2834 canonici.
1359 2798 1445 2832 Lib.
1466 2797 1538 2832 ΙΙΙ.
1561 2797 1625 2830 tit.
1647 2796 1739 2840 XII,

106 2859 156 2929 1ῗᾷ
174 2847 370 2929 {e—Rffefffi
396 2848 490 2892 Apr.
516 2847 618 2881 1725.
646 2847 856 2892 Appendix
877 2847 1029 2893 Synodi
1048 2848 1259 2882 Romanae.
1283 2866 1326 2871 ——
1352 2846 1366 2867 ³3
1387 2845 1489 2879 Sess.
1511 2843 1646 2878 XXIV
1660 2855 1740 2889 cap.
