1965 3240
176 245 341 288 vitanda
374 246 426 288 sit
458 246 661 288 correctio
696 246 862 298 iurium,
894 249 979 287 tum
1014 257 1062 287 eo
1097 246 1228 299 magis
1266 243 1375 287 dicta
1420 246 1702 301 interpretatio
1734 249 1795 288 est

171 315 426 368 sustinenda,
460 317 555 372 quia
589 314 640 358 de
672 315 756 358 sola
791 315 1028 358 fundatione
1063 315 1245 372 loquitur
1286 314 1396 358 aliud
1437 315 1621 358 eiusdem
1655 306 1793 359 Conc.¹

172 384 395 446 Decretum
421 385 433 408 ¹
471 385 532 429 his
568 385 728 429 verbis:
768 401 789 427 «
811 385 995 429 decernit
1029 386 1068 428 S.
1102 385 1306 442 Synodus,
1343 390 1381 428 ut
1417 385 1560 429 titulus
1591 388 1692 429 iuris
1726 398 1793 442 pa-

173 460 358 500 tronatus
391 458 442 499 sit
476 469 525 499 ex
561 457 799 500 fundatione
835 456 897 500 vel
932 456 1203 499 dotatione».

293 526 462 582 Proprie
498 526 642 570 fundat
674 526 907 583 ecclesiam,
941 528 1010 583 qui
1054 526 1125 569 dat
1164 526 1350 581 fundum,
1387 527 1511 571 idest:
1546 540 1692 583 agrum
1732 527 1792 570 vel

171 595 320 650 solum,
341 600 383 639 ut
406 595 557 640 ibidem
584 597 758 641 ecclesia
781 597 993 640 aedificari
1021 599 1164 653 possit;
1189 597 1408 640 ecclesiam
1435 611 1533 640 vero
1556 602 1796 642 construere

173 667 326 711 dicitur
358 669 404 722 is,
439 670 558 711 cuius
590 667 824 724 sumptibus
856 668 1031 711 ecclesia
1065 667 1116 711 de
1149 666 1361 712 Ordinarii
1400 680 1569 712 assensu
1607 670 1794 724 erigitur,

172 739 352 794 denique
376 738 489 782 dotat
511 739 745 792 ecclesiam,
767 739 995 795 cappellam
1020 743 1091 781 aut
1114 737 1461 796 beneficium,qui
1479 738 1679 783 ecclesiae
1701 739 1796 783 dote

173 812 330 854 carenti
365 809 522 853 reditus
565 812 748 866 assignat
790 810 998 867 donatque
1039 809 1090 852 ad
1135 812 1494 852 conservationem
1531 812 1658 866 ipsius
1689 811 1797 854 suffi-

173 882 329 923 cientes
377 893 537 924 necnon
572 880 621 923 ad
656 880 846 923 divinum
880 879 1036 923 cultum
1074 893 1144 936 per
1179 882 1399 935 ministros,
1429 884 1499 923 aut
1533 880 1797 925 beneficiario

173 962 402 1007 congruam
438 953 475 993 in
512 956 756 1007 perpetuum
791 950 961 1007 praebet
993 953 1347 993 sustentationem.

291 1020 331 1064 Si
367 1034 472 1064 uuus
505 1021 699 1078 idemque
734 1021 970 1065 benefactor
1005 1021 1094 1063 illas
1128 1026 1209 1063 tres
1241 1033 1387 1064 causas
1423 1021 1611 1077 praebuit
1643 1021 1799 1079 absque

175 1091 301 1135 dubio
336 1094 397 1135 ius
433 1096 672 1148 patronatus
704 1094 942 1150 acquisivit,
975 1091 1201 1135 dummodo
1245 1091 1340 1135 buic
1385 1105 1580 1148 expresse
1625 1105 1701 1135 non
1736 1106 1797 1136 re-

174 1164 441 1217 nuntiaverit,
479 1168 599 1219 prout
632 1165 822 1219 arguitur
853 1176 904 1206 ex
938 1176 1027 1219 cap.
1053 1163 1122 1217 41,
1146 1165 1204 1208 tit.
1233 1161 1320 1219 XX,
1346 1162 1430 1206 Lib.
1457 1162 1502 1205 ll.
1538 1162 1623 1206 lmo
1655 1176 1706 1207 ss.
1732 1175 1797 1207 ca-

174 1246 302 1277 nones
334 1234 585 1278 disiunctive
620 1233 842 1292 loquuntur
876 1234 927 1277 de
961 1233 1040 1277 illis
1072 1236 1208 1277 causis
1240 1233 1414 1288 singulis
1451 1233 1563 1277 velut
1594 1233 1797 1278 sufficien-

175 1303 283 1348 tibus
316 1304 365 1348 ad
401 1307 463 1348 ius
498 1309 736 1361 patronatus
767 1305 1084 1362 acquirendum,
1107 1307 1206 1362 quin
1237 1304 1319 1347 ullo
1354 1304 1476 1347 modo
1509 1306 1676 1361 exigant
1699 1305 1800 1349 alias

173 1374 358 1418 eiusdem
393 1388 540 1419 causas
573 1378 750 1419 inveniri
784 1375 937 1419 debere
971 1377 1009 1418 in
1044 1375 1135 1418 aliis
1171 1374 1234 1418 vel
1268 1375 1424 1418 eisdem
1462 1377 1658 1431 personis.
1693 1375 1799 1420 Hinc

177 1443 374 1489 Doctores
406 1448 659 1490 contrarium
695 1451 927 1490 asserentes
960 1446 1069 1504 loqui
1108 1446 1301 1489 videntur
1332 1445 1581 1489 adversante
1622 1446 1682 1489 vel
1718 1459 1796 1490 uon

174 1515 428 1573 suffragante
462 1519 563 1561 iure.

294 1586 390 1629 354.
426 1588 698 1645 Derogatio
731 1590 841 1633 huic
872 1589 962 1633 iuri
995 1601 1083 1644 per
1126 1588 1353 1633 Codicem
1398 1587 1503 1629 facta
1546 1590 1605 1629 est
1649 1588 1687 1628 in
1731 1600 1797 1628 ca-

175 1669 282 1699 none
316 1659 448 1701 1450.
482 1657 510 1714 ἓ
543 1661 577 1701 1.
612 1657 784 1703 Nullum
810 1663 1069 1716 patronatus
1103 1660 1267 1715 proprie
1301 1657 1398 1700 dicti
1433 1657 1512 1710 iux,
1545 1656 1596 1699 de
1639 1669 1719 1713 quo
1758 1659 1797 1700 in

175 1729 264 1770 iure
297 1730 466 1785 antiquo
498 1733 537 1772 et
570 1730 674 1772 infra
705 1729 781 1772 sub
815 1728 905 1772 aliis
937 1729 1165 1772 canonibus
1201 1731 1244 1771 tit
1285 1741 1434 1781 sermo,
1469 1726 1555 1770 ullo
1591 1726 1714 1771 titulo
1747 1741 1796 1771 ex

175 1797 296 1841 dictis
329 1803 398 1842 aut
441 1802 807 1843 recoustruetionis
843 1799 904 1843 vel
940 1800 1220 1850 redotationis,
1254 1798 1455 1841 constitui
1491 1812 1639 1855 nempe
1673 1800 1797 1855 origi-

177 1871 291 1912 narie
324 1869 368 1912 in
399 1876 628 1927 posterum,
663 1873 829 1926 vigente
864 1869 1030 1921 Codice,
1066 1869 1206 1912 valide
1235 1874 1386 1927 potest.

296 1940 335 1983 ln
373 1941 600 1985 Pontitieali
634 1941 818 1985 Romano
851 1941 928 1985 sub
952 1940 1069 1984 titulo
1098 1941 1187 1984 «de
1211 1940 1411 1984 ecclesiae
1444 1940 1704 1984 dedicatione
1726 1953 1797 1984 seu

176 2014 533 2055 consecratione»
574 2012 745 2068 legitur:
783 2012 1010 2055 «Pontifex
1055 2011 1105 2055 ad
1150 2011 1408 2054 fundatorem
1449 2011 1560 2055 dicat
1592 2010 1686 2068 (sub
1717 2023 1799 2068 quo

178 2085 343 2125 nomine
382 2083 528 2126 dotans
576 2082 794 2126 ecclesiam
843 2096 893 2126 ex
942 2086 1137 2126 contextu
1175 2081 1374 2139 venit)...:
1407 2080 1469 2127 Et.
1505 2086 1547 2124 ut
1580 2080 1798 2137 inteiligas,

176 2153 340 2210 qualem
378 2153 446 2197 tibi
482 2158 604 2211 atque
639 2153 888 2197 haeredibus
922 2155 1000 2196 tuis
1032 2153 1231 2196 honorem
1256 2158 1297 2196 et
1318 2152 1655 2197 commoditatem
1688 2151 1799 2195 exhi-

179 2223 246 2267 bet
278 2224 476 2278 Ecclesia,
510 2228 628 2280 scias,
666 2229 707 2267 ut
739 2224 1033 2281 gratitudinem
1071 2226 1201 2280 ipsam
1237 2224 1286 2267 ad
1322 2224 1561 2267 fundatores
1597 2223 1799 2278 ostendat,

177 2295 286 2352 quod
321 2308 342 2338 a
376 2296 536 2339 Sanctis
571 2295 758 2339 Patribus
790 2300 988 2338 statutum
1022 2300 1096 2341 est.
1123 2297 1160 2338 in
1185 2294 1266 2338 diei
1300 2294 1574 2338 dedicationis
1605 2296 1798 2337 anniver-

177 2368 286 2409 sario
319 2366 506 2419 solemni,
543 2366 781 2409 fundatores
813 2370 851 2408 et
885 2379 1028 2409 eorum
1064 2365 1266 2408 haeredes
1290 2367 1328 2407 in
1355 2363 1687 2421 processionibus
1719 2366 1798 2420 pri-

180 2449 266 2479 mos
299 2449 388 2479 esse
421 2436 595 2489 debere3
632 2436 755 2494 (quae
793 2436 1026 2493 «liturgica
1060 2436 1122 2479 lex
1151 2438 1232 2478 vim
1267 2447 1383 2478 suam
1418 2436 1607 2478 retinet»
1646 2446 1734 2477 ean.
1761 2434 1798 2486 ⁶2,

178 2512 220 2550 ut
257 2506 452 2563 videtur),
487 2511 525 2550 et
558 2510 588 2550 si
625 2520 722 2550 casu
769 2507 818 2550 ad
869 2512 1093 2563 egestatem
1139 2508 1420 2563 pervenerint,
1454 2509 1569 2561 grata
1608 2504 1798 2548 recorda-

179 2579 301 2631 tione,
335 2577 394 2632 (et
427 2577 503 2621 boc
537 2591 587 2620 ex
625 2580 793 2630 motivo,
828 2590 907 2620 non
941 2591 991 2620 ex
1026 2576 1165 2620 debito
1197 2578 1354 2629 strict0,
1379 2574 1515 2619 adhuc
1549 2577 1588 2617 in
1630 2576 1802 2617 veritate

178 2647 435 2704 dicendum),
472 2647 651 2691 Ecclesia
686 2647 913 2691 fundatoris
948 2650 1055 2704 piam
1089 2646 1379 2691 liberalitatem
1418 2647 1740 2702 recognoscit».

298 2719 464 2762 Praeter
496 2731 541 2761 ea
578 2720 702 2774 igitur
735 2723 858 2775 atque
897 2723 984 2761 «ut
1017 2718 1311 2774 gratitudinem
1337 2730 1453 2760 suam
1477 2716 1526 2759 ad
1563 2716 1801 2759 fundatores

298 2873 306 2894 ¹
337 2872 426 2916 Cap.
457 2872 478 2906 9
505 2883 598 2906 sess.
628 2871 740 2905 XXV
768 2870 813 2905 de
839 2870 924 2904 Rei.
