1965 3240
199 153 285 187 Tl'r.
313 152 467 187 XXIII.
493 173 504 179 -
531 153 588 188 De
608 156 773 198 praevia
798 164 964 189 censura
990 155 1181 189 librorum
1208 166 1418 201 cortinulae
1440 159 1589 201 prohib.
1639 159 1710 195 345

200 271 297 316 280.
332 274 721 329 Approbationis
754 275 962 319 limitata
1000 276 1239 320 extensio.
1272 275 1502 319 (lonsormis
1541 280 1709 321 onmino

81 348 142 388 est
175 342 309 386 num.⁰
343 343 395 385 44
432 343 592 387 Decret.
627 350 798 401 gener.m
832 358 922 386 can.
948 346 1077 388 1:599.
1115 360 1133 385 «
1154 344 1350 389 Nox-erint
1387 349 1633 404 typographi
1668 355 1710 393 et

80 413 270 457 Editores
304 413 545 457 librorum»
585 414 679 472 (loc.
708 414 797 471 cit.)
830 419 954 472 atque
988 414 1070 467 alii,
1105 428 1280 468 quorum
1318 419 1498 466 interest,
1522 420 1548 476 ,ξ
1570 423 1602 462 J.
1626 421 1707 478 Ap-

78 484 286 535 probatio,
321 486 435 540 prius
468 485 576 528 dicta
614 499 686 541 pro
719 498 923 529 canonum
959 485 1201 529 diversitate
1236 486 1356 530 liuius
1389 487 1532 531 Tituli:
1574 504 1706 534 «ecn-

78 567 174 599 sura
208 554 504 606 ecclesiastica,
532 555 712 608 licentia,
736 558 956 608 attestatio3
983 555 1193 612 vigilantia
1214 574 1253 603 υ,
1279 571 1325 601 ac
1360 561 1395 601 in
1431 560 1622 603 omnibus
1646 561 1709 604 liis

80 625 298 682 implicita,
321 630 460 668 testas
494 626 726 683 oriyinalis
759 626 893 684 quoad
930 626 1111 683 linguam
1150 629 1186 669 in
1222 640 1300 685 qua
1337 630 1407 671 t'uit
1442 633 1706 686 compositus.

78 696 262 739 aliem'ns
295 696 450 754 operis7
484 695 535 740 ab
578 697 761 741 Auctore
793 700 883 740 sive
926 697 1155 751 adinventi,
1188 700 1277 741 sive
1321 713 1367 742 ex
1410 700 1499 743 aliis
1533 701 1708 752 collecti,

77 769 166 810 sive
199 771 357 810 tantum
403 767 516 822 editi,
550 768 590 823 a)
626 781 757 826 neque
789 767 972 811 eiusdem
1014 771 1226 824 «operis»
1268 769 1308 811 in
1344 769 1472 811 aliam
1519 770 1705 825 linquam.

79 837 431 880 translationibus
474 838 661 893 edendis,
701 838 739 893 b)
774 852 904 896 neque
946 838 1048 881 aliis
1089 838 1343 881 editionilms
1385 843 1506 883 etiam
1552 841 1706 899 absque

78 912 304 952 mutatione
330 913 467 951 textus
490 909 756 967 saffrayatnr
778 910 827 952 ad
854 922 996 953 earum
1021 910 1279 966 singularum
1307 911 1551 957 liceitatem:
1577 927 1708 970 (μίση)

77 978 153 1023 hac
189 983 344 1022 tantum
390 979 440 1023 de
484 992 607 1023 causa
641 979 682 1037 a)
717 984 756 1024 et
799 979 1104 1023 translationes
1141 994 1264 1037 supra
1309 982 1543 1026 declaratae
1585 986 1704 1028 sicuti

77 1050 116 1100 b>
150 1056 189 1093 et
222 1064 353 1094 noi-ae
383 1050 590 1094 editiones
624 1051 779 1109 operis,
815 1056 857 1094 ut
896 1051 973 1095 hoc
1007 1051 1262 1095 declaratum
1299 1058 1371 1107 est,
1409 1056 1520 1110 prius
1554 1069 1704 1112 appro-

75 1121 161 1164 bati
204 1125 249 1164 ut
294 1134 434 1178 supra,
469 1135 574 1165 nova
617 1122 922 1180 approbatione
964 1122 1013 1165 ad
1064 1135 1249 1166 normam
1301 1131 1465 1180 praec.m
1500 1138 1703 1169 canonum

73 1191 210 1245 Tituli,
234 1192 485 1235 communiri
517 1193 566 1235 ad
603 1206 789 1237 normam
830 1206 919 1237 can.
946 1193 1057 1236 1394
1082 1192 1227 1236 debent
1251 1194 1373 1237 huius
1396 1198 1565 1239 canonis
1589 1210 1703 1253 prae-

73 1265 240 1320 scriptO.
274 1263 391 1307 Ratio
425 1263 632 1320 generalis
665 1276 834 1307 normae
870 1266 1072 1321 positivae
1106 1269 1229 1321 patet,
1256 1270 1421 1322 propter
1459 1269 1706 1312 xariationes

73 1339 111 1378 et
145 1334 355 1390 adiuncta,
386 1348 494 1392 quae
527 1337 565 1378 in
601 1348 708 1379 nova
743 1335 923 1378 editione
961 1335 1023 1379 vel
1060 1338 1097 1378 in
1138 1338 1327 1380 versione
1362 1338 1499 1381 induci
1535 1344 1703 1395 queunt,

75 1405 138 1449 vet
176 1408 333 1463 requiri
369 1419 417 1449 ex
453 1408 776 1449 circumstantiis
808 1419 915 1464 quae
950 1411 1131 1450 mutatae
1164 1409 1257 1450 sint.

190 1475 485 1533 Exceptionem
522 1476 759 1521 authentice
784 1479 899 1533 prius
922 1477 1175 1521 declaratam
1202 1478 1253 1521 de
1277 1478 1410 1521 num.⁰
1434 1479 1486 1522 44
1514 1479 1703 1523 Decretm

72 1554 242 1604 gener.¹¹³
264 1561 336 1603 per
357 1548 396 1592 S.
420 1547 568 1604 Congr.
595 1548 746 1591 indicis
768 1550 778 1570 ¹
815 1548 983 1592 exhibet
1017 1549 1163 1592 iisdem
1201 1549 1338 1593 verbis
1359 1550 1387 1608 ξ
1408 1552 1450 1592 2.
1475 1549 1700 1608 Eoeeerpla,

73 1618 244 1674 proinde
277 1618 434 1676 absque
469 1631 617 1675 magna
652 1622 878 1662 mutatione
914 1619 1075 1663 formali
1111 1634 1132 1662 e
1161 1619 1409 1677 periodieis,
1434 1623 1522 1664 sive
1546 1622 1702 1671 diariis,

70 1691 160 1732 sive
193 1688 354 1737 libellis,
387 1691 477 1732 sive
526 1689 645 1743 toliis,
680 1689 823 1747 capita
867 1690 1040 1733 seorsim
1087 1689 1201 1733 edita
1242 1708 1262 1731 α
1282 1690 1450 1747 gallice:
1488 1694 1637 1748 tirages
1680 1693 1700 1735 a

71 1764 200 1816 part»
237 1773 368 1803 novae
400 1759 606 1804 editiones
640 1760 689 1804 ad
730 1773 917 1804 normam
952 1764 977 1815 ἓ
1003 1761 1038 1804 1i
1065 1775 1143 1804 non
1179 1767 1402 1805 censentur
1431 1776 1504 1806 usu
1528 1776 1575 1806 ac
1600 1766 1699 1819 iure,

69 1833 263 1887 quamvis
282 1844 430 1874 revera
453 1834 548 1885 sint,
568 1845 641 1873 nec
660 1831 842 1889 proinde
864 1845 969 1875 noea
995 1837 1037 1875 ut
1061 1846 1187 1889 supra
1211 1833 1515 1891 approbatione
1538 1839 1702 1890 praeter

68 1913 173 1955 eam,
199 1914 307 1958 quae
339 1902 434 1945 data
468 1904 729 1959 supponitur,
763 1901 967 1960 indigent,
994 1908 1035 1946 ut
1070 1903 1137 1946 illa
1160 1903 1282 1947 simul
1319 1906 1355 1946 in
1383 1904 1487 1948 libro
1514 1905 1574 1948 vel
1600 1919 1698 1961 opu-

67 1971 183 2016 sculo
219 1972 408 2018 edantur.

187 2042 283 2086 281.
318 2045 532 2089 Normae
575 2045 638 2089 de
682 2046 984 2090 censoribus.
1020 2043 1078 2087 Ex
1128 2044 1202 2087 litt.
1241 2045 1370 2101 apicis
1407 2061 1427 2085 «
1454 2045 1648 2088 t'aseemli
1675 2062 1694 2086 »

69 2111 125 2154 Pii
166 2111 199 2154 X
224 2113 237 2134 ²
271 2125 310 2155 n.
344 2111 396 2155 IV
433 2112 687 2157 verbotenus
720 2118 780 2157 est
814 2117 1090 2171 transcriptus
1123 2129 1214 2157 ean.
1249 2118 1379 2159 1393.
1415 2121 1438 2169 ᾗ
1472 2119 1505 2158 1.
1527 2114 1572 2158 ln
1609 2116 1698 2158 nni-

70 2182 200 2225 rersis
237 2182 379 2225 Curiis
422 2183 744 2241 episcopalibus,
778 2198 885 2241 quae
924 2185 1252 2229 «diocesariae»
1294 2191 1494 2229 vocantur
1527 2200 1573 2229 ac
1608 2187 1698 2230 des-

67 2251 284 2296 cribuntur
319 2255 355 2296 in
389 2259 497 2309 cap.e
531 2253 596 2297 lv.
629 2254 719 2298 Tit.i
758 2254 843 2298 Vlll
885 2255 969 2299 Lib.
1005 2256 1051 2309 ll,
1086 2259 1208 2300 etiam
1244 2256 1463 2300 cuiuslibet
1496 2256 1697 2301 Abbatiae

70 2323 132 2367 vel
168 2323 429 2368 Praelaturae
462 2324 628 2380 nullius,
653 2339 844 2369 censores
877 2340 928 2369 ex
960 2326 1115 2384 officio,
1148 2330 1256 2384 «qui
1282 2328 1330 2370 ad
1356 2341 1425 2371 eas
1450 2330 1691 2384 pertinent»

66 2394 174 2452 (can.
209 2394 307 2450 363,
329 2395 357 2453 ξ
391 2395 434 2452 2)
467 2395 611 2439 adsint
643 2396 695 2440 ob
719 2396 841 2440 buius
864 2404 971 2441 can.⁵
995 2403 1262 2455 praeceptum
1289 2399 1360 2456 qai
1382 2398 1541 2441 edenda
1571 2412 1695 2456 quae—

66 2464 163 2508 libet
195 2465 244 2508 ad
280 2479 465 2509 normam
501 2480 591 2510 can.
618 2467 729 2511 1384
764 2467 792 2525 ξ
826 2468 849 2510 Ξ)
884 2475 1149 2525 coqnoscant,
1172 2474 1375 2527 quatenus
1409 2470 1459 2512 ‹le
1495 2472 1582 2512 iure
1608 2471 1692 2512 liei-i

64 2534 226 2580 debeat.
259 2535 377 2579 Ratio
412 2536 564 2580 ibidem
601 2537 808 2590 descripta
853 2544 936 2582 est:
972 2541 1067 2596 quia
1106 2542 1232 2596 «ipse
1277 2553 1348 2595 per
1390 2553 1432 2583 se
1466 2539 1692 2596 Episcopus

65 2618 419 2663 praecognoscere
454 2610 649 2651 universa
686 2621 763 2651 non
801 2613 945 2665 potest,
979 2623 1086 2667 quae
1130 2613 1217 2653 eius
1250 2609 1590 2666 approbationem
1628 2624 1691 2666 po-

63 2676 274 2720 stulant».

185 2764 206 2788 «
226 2747 283 2791 De
315 2761 535 2792 censorum
560 2750 695 2793 officio
730 2752 767 2793 in
793 2754 964 2807 praevio
997 2764 1196 2795 censurae
1232 2751 1428 2795 librorum
1456 2753 1684 2794 examine»

181 2904 189 2922 ¹
217 2901 263 2936 23
290 2900 383 2935 Maii
413 2901 516 2936 1898.
545 2923 590 2928 —
616 2903 630 2925 '2
654 2904 677 2938 8
703 2903 813 2948 Sept.
843 2905 946 2940 1907.
