1965 3240
167 154 236 188 ‘246
428 154 511 188 Lm.
538 153 609 188 III.
636 174 648 179 -
676 154 786 188 PARS
811 154 879 188 IV.
909 174 921 180 ·
946 154 1004 189 De
1029 157 1253 199 mayisterio
1278 156 1530 190 ecclesiastico

175 273 399 329 «idipsum
435 273 583 316 dicatis
615 285 771 327 omnes,
805 278 845 316 et
877 286 956 316 non
990 275 1070 317 sint
1110 275 1147 316 in
1194 273 1311 317 vobis
1351 274 1573 318 schismata
1597 289 1646 329 »3
1679 275 1789 333 quod

167 346 326 387 servari
362 357 440 386 non
477 347 621 400 potest,
654 345 731 386 nisi
764 346 950 401 quaestio
983 344 1079 388 fidei
1113 349 1255 387 exorta
1280 345 1578 389 determinetur
1602 359 1674 402 per
1696 359 1789 389 eum

168 414 238 470 qui
272 415 343 456 toti
376 412 587 456 Ecclesiae
622 418 806 469 praeest:
842 418 885 456 ut
917 415 975 457 sic
1008 416 1097 457 eius
1127 416 1329 457 sententia
1353 427 1375 457 a
1399 419 1481 458 tota
1515 414 1698 458 Ecclesia
1723 416 1789 458 fir-

170 486 290 526 miter
323 488 523 528 teneatur.
556 483 673 528 Unde
708 486 884 540 pertinet
917 484 965 527 ad
991 485 1208 527 Summum
1235 485 1488 538 Pontificem,
1512 488 1630 529 cuius
1652 490 1790 530 aucto·

168 557 288 598 ritate
321 554 504 611 synodus
542 554 732 611 (nempe:
777 557 909 612 ipsum
954 553 1281 599 Oecumenicum
1326 554 1575 609 Concilium)
1620 569 1792 613 congre-

168 629 303 681 gatur,
337 629 377 668 et
409 627 497 668 eius
529 628 731 669 sententia
765 627 1079 669 confirmatur»
1109 626 1137 670 ¹.
1170 651 1227 656 —
1269 625 1357 670 Hac
1391 640 1469 670 non
1504 626 1692 670 obstante
1726 627 1792 670 do-

167 697 298 739 ctrina
333 708 405 752 per
437 708 636 739 canonem
672 697 929 750 confirmata,
963 695 1227 753 subiungitur
1262 699 1299 739 in
1334 710 1405 741 eo:
1440 696 1625 753 fidelium
1656 703 1790 741 tamen

168 765 257 808 suis
290 765 403 807 curis
436 766 765 820 commissorum,
784 779 856 808 seu
890 779 939 808 ex
976 771 1175 822 potestate
1208 781 1301 811 cum
1337 768 1471 811 officio
1505 770 1726 811 coniuncta
1749 772 1787 811 et

169 835 220 879 ob
254 836 531 892 episcopalem
566 839 919 880 consecrationem
955 836 1120 880 auxiliis
1153 838 1306 882 divinis
1329 840 1600 890 communita,
1622 838 1695 881 sub
1718 852 1791 881 au-

168 907 366 950 ctoritate
398 906 578 950 Romani
614 905 842 963 Pontifici&
877 909 981 950 sicut
1026 910 1114 951 eius
1159 911 1449 965 praerogativa
1496 908 1794 952 infallibilitatis

167 980 413 1034 expostulat,
448 990 470 1020 a
504 991 585 1034 quo
617 983 712 1020 sunt
744 978 1017 1021 conlirmandi
1045 980 1194 1022 fratres
1218 981 1345 1036 ipsius
1367 980 1596 1023 secundum
1630 984 1791 1023 senten-

167 1050 264 1091 tiam
299 1047 463 1091 Domini
496 1048 735 1104 Salvatoris,
771 1049 858 1091 reri
891 1048 1080 1092 doctores
1113 1064 1185 1092 seu
1218 1050 1414 1107 magistri
1441 1056 1551 1095 sztovt.
1589 1048 1795 1095 Omnibus

166 1121 316 1161 etenim
353 1118 560 1174 Apostolis
596 1118 708 1162 lesus
741 1119 867 1162 dixit:
908 1135 926 1159 (ι
947 1119 1101 1162 Euntes
1125 1133 1224 1177 ergo
1247 1120 1392 1176 docete
1426 1134 1569 1164 omnes
1592 1125 1790 1177 gentes».

170 1188 259 1233 Hoc
291 1194 427 1232 autem
463 1191 521 1232 sic
556 1189 847 1232 intellexerunt
881 1190 1079 1246 Apostoli,
1112 1191 1220 1248 quod
1256 1194 1491 1234 testimonio
1522 1192 1643 1235 Marci
1669 1190 1794 1249 (xvi,

168 1260 264 1316 G20):
305 1275 323 1300 (ι
347 1259 407 1302 Illi
444 1261 613 1316 profecti
658 1260 868 1318 (equidem
915 1261 1085 1318 singuli)
1130 1262 1478 1318 praedicaverunt
1513 1263 1678 1319 ubique,
1713 1262 1791 1305 Do-

167 1333 278 1373 mino
311 1335 559 1387 cooperante
593 1336 631 1374 et
664 1345 899 1375 sermonem
933 1334 1222 1388 confirmante,
1246 1333 1516 1391 sequentibus
1549 1335 1734 1390 signis».

795 1518 1027 1556 TITULUS
1073 1519 1161 1556 XX.

572 1616 637 1659 De
671 1617 803 1660 verbi
834 1618 984 1660 divini
1016 1618 1380 1672 praedicatione.

214 1754 297 1790 CAN.
329 1752 430 1790 1327.
459 1775 475 1778 -
505 1758 523 1796 ᾗ
553 1753 583 1788 l.
629 1754 755 1789 Munus
785 1754 860 1789 fidei
889 1766 943 1790 ca·
1015 1766 1152 1801 quoque
1179 1755 1269 1790 viros
1297 1755 1437 1791 idoneos
1457 1755 1492 1790 in
1511 1755 1679 1791 auxiliuni
1699 1767 1793 1791 assu-

165 1802 312 1838 tholicae
332 1801 584 1847 praedicandae
602 1802 826 1836 commissum
848 1813 944 1847 prae·
1016 1813 1108 1838 mere
1133 1803 1176 1838 ad
1204 1802 1402 1838 huiusmodi
1425 1803 1690 1848 praedicationis
1721 1815 1795 1838 mu-

165 1850 265 1895 cipue
290 1854 341 1885 est
362 1849 515 1884 Romano
532 1848 686 1883 Pontifici
705 1861 764 1894 pro
783 1849 945 1885 universa
1016 1862 1083 1885 nus
1109 1850 1294 1885 salubriter
1319 1850 1590 1895 exsequendum.

166 1896 331 1937 Ecclesia,
369 1895 546 1942 Episcopis
581 1907 640 1941 pro
675 1896 746 1931 suis
781 1896 943 1932 dioecesi·
1064 1897 1148 1932 cxx.
1197 1895 1297 1932 1328.
1334 1918 1350 1922 -
1383 1896 1519 1932 Nemini
1560 1897 1794 1933 ministerium

166 1944 243 1979 bus.
1018 1945 1286 1990 praedicationis
1312 1944 1390 1980 licet
1416 1955 1585 1985 exercere,
1615 1944 1680 1978 nisi
1703 1956 1724 1980 a
1750 1944 1795 1980 le-

212 1995 231 2033 5
259 1990 290 2027 2.
318 1990 473 2036 Episcopi
510 1995 674 2026 tenentur
709 1990 819 2025 officio
847 2002 942 2037 prac-
1016 1992 1138 2037 gitimo
1164 1991 1348 2038 Superiore
1383 1992 1586 2026 missionem
1613 1992 1792 2038 receperit,

165 2038 303 2073 dicandi
322 2049 380 2083 per
407 2049 442 2072 se
461 2037 524 2083 ipsi
548 2037 868 2082 Evangelium‚nisi
899 2039 943 2073 le·
1019 2039 1182 2074 facultate
1217 2039 1438 2085 peculiariter
1476 2040 1566 2079 data,
1601 2039 1653 2074 vel
1686 2038 1796 2074 officio

164 2085 286 2129 gitimo
322 2085 572 2130 prohibeantur
608 2085 882 2130 impediment0;
912 2091 944 2121 et
1016 2086 1153 2129 collato,
1181 2087 1235 2122 cui
1263 2097 1301 2121 ex
1329 2086 1436 2121 saeris
1474 2086 1669 2122 canonibus
1698 2097 1796 2132 prae-

166 2133 318 2178 insuper,
349 2137 481 2178 praeter
509 2132 687 2178 parochos,
717 2132 943 2168 debentalios
1017 2134 1156 2169 dicandi
1186 2145 1316 2169 munus
1343 2133 1531 2170 inhaereat.

284 2249 380 2292 ⁶201.
408 2251 697 2296 Distributio
724 2252 885 2296 Partis
918 2253 964 2296 in
999 2254 1183 2298 titulos.
1212 2252 1275 2296 Uti
1303 2252 1483 2296 vidimus
1509 2254 1791 2308 magisterium

165 2319 493 2376 ecclesiasticum
528 2323 638 2363 circa
674 2321 767 2364 fidei
808 2324 1001 2365 veritates
1037 2327 1241 2379 versatur,
1265 2326 1354 2366 sive
1389 2323 1482 2366 illae
1514 2323 1794 2379 speculativae

165 2392 257 2443 sint,
292 2392 381 2433 sive
417 2393 635 2446 practicae,
670 2404 717 2433 ac
751 2393 862 2434 circa
900 2395 1094 2436 veritates
1126 2407 1221 2436 cum
1257 2395 1315 2436 eis
1348 2405 1570 2437 connexas.
1607 2392 1665 2435 De
1698 2392 1792 2436 fidei

168 2460 410 2503 veritatibus
443 2461 707 2517 intelligenda
745 2461 810 2505 illa
847 2465 1015 2505 monitio
1051 2463 1233 2519 Apostoli
1270 2464 1319 2507 ad
1345 2463 1630 2507 Timotheum:
1662 2463 1706 2519 (l,
1732 2461 1792 2517 Vt,

170 2530 242 2587 620)
280 2546 300 2571 ((
322 2530 558 2587 Depositum
594 2532 818 2576 custodi».
852 2532 924 2576 Cui
962 2536 1175 2577 monitioni
1211 2534 1454 2577 deserviunt
1477 2536 1583 2578 sacri
1617 2546 1796 2577 canones

169 2604 279 2644 circa
313 2602 379 2645 SS.
415 2603 649 2658 Scripturas
681 2603 881 2646 divinitus
916 2606 1134 2656 inspiratas
1157 2610 1196 2648 et
1219 2607 1328 2648 circa
1364 2605 1530 2648 divinae
1565 2604 1796 2647 traditionis

174 2676 463 2720 monumenta;
499 2674 567 2729 qui
592 2677 870 2729 opportunum
897 2673 1031 2717 locum
1058 2677 1354 2718 nanciscuntur
1376 2677 1415 2717 in
1440 2674 1515 2718 Tit.
1542 2673 1670 2717 XXlll
1700 2689 1720 2714 ((
1739 2673 1796 2716 De

171 2744 340 2798 praevia
362 2755 536 2785 censura
558 2742 755 2786 librorum
777 2757 1003 2801 eorumque
1024 2745 1352 2802 prohibitione»,
1369 2745 1435 2789 ubi
1460 2745 1588 2788 multa
1606 2744 1682 2788 alia
1703 2748 1795 2787 sunt

293 2893 303 2914 ¹
332 2892 379 2926 D.
409 2893 481 2927 Th.
510 2894 606 2928 11-11
631 2907 666 2940 q.
696 2896 714 2929 Ι
738 2906 771 2930 a.
800 2896 843 2929 10
869 2907 900 2930 c.
930 2900 969 2930 et
995 2895 1043 2929 ad
1069 2897 1132 2937 ΩΨ,
