1965 3240
136 127 209 162 272
399 126 483 161 Lm.
510 126 582 160 III.
611 146 624 152 ·
650 126 761 161 PARS
786 126 854 161 IV.
883 146 895 151 -
922 125 979 161 De
1004 128 1229 170 mayisterio
1255 126 1507 160 ecclesiastico

138 246 297 303 pituli»
351 247 465 288 iuxta
513 244 625 289 Decl.
684 244 722 288 S.
772 244 819 288 R.
867 243 908 290 C.
955 246 993 286 in
1040 242 1269 296 Callienf:
1319 258 1340 284 ‹(
1371 241 1600 287 Canonicos
1634 245 1763 286 teneri

136 319 330 360 assistere
353 329 446 359 cum
472 315 614 359 habitu
648 314 878 359 canonicali
901 330 941 371 >›,
975 314 1015 371 c)
1035 313 1232 357 continuo
1248 318 1344 371 post
1366 312 1538 357 choram
1561 312 1766 356 habeatur

137 388 298 441 concio,
330 385 480 442 singuli
516 387 689 442 praefati
722 386 925 429 interesse
958 389 1168 438 tenentur,
1213 383 1298 426 wisi
1341 383 1450 427 iusto
1487 397 1560 427 seu
1594 397 1764 440 propor-

138 460 292 501 tionato
325 455 619 511 impedimento
652 456 824 514 physico
858 455 923 499 vel
958 454 1102 498 morali
1136 453 1408 497 detineantur
1439 453 1491 498 ab
1520 454 1765 512 exequendo

141 529 417 585 praescripto,
453 532 492 569 et
519 526 617 570 illos
640 526 824 583 singulos
845 539 893 570 ac
917 539 1060 569 omnes
1087 524 1359 581 Ordiiiarius,
1384 527 1449 568 cui
1474 524 1766 576 subiiciuntur,

136 598 283 656 poenis
316 611 476 655 qaoque
508 596 726 650 adhibitis,
768 596 823 640 ad
854 595 898 640 id
932 597 1231 652 praescrIptum
1266 595 1559 652 exequendum
1595 594 1767 652 asliqere

136 674 287 727 potest.
320 668 407 712 Non
442 668 561 711 aliter
599 668 680 712 «S.
715 667 762 711 R.
795 666 837 711 C.
873 667 1131 710 mandavit»
1175 668 1215 709 in
1259 665 1559 710 Castellaneten
1595 665 1633 708 ²:
1674 680 1694 706 (c
1716 664 1766 709 Ut

140 743 179 783 in
214 740 395 783 futurum
430 740 617 782 canonici
652 742 690 782 et
725 737 997 781 Praebendati
1058 735 1205 794 reliqui
1255 735 1513 780 Cathedralis
1556 735 1766 779 Ecclesiae

142 810 207 854 vel
240 809 504 866 Collegiatae,
539 811 572 852 si
606 808 705 853 inibi
739 810 959 852 conciones
992 807 1236 862 habeantur,
1280 808 1516 850 interfuturi
1562 809 1766 861 assistant,

140 882 286 925 ordine
318 881 521 932 sedentes,
555 882 594 922 in
630 881 795 936 proprio
829 891 876 923 ac
909 878 1069 922 decenti
1104 890 1273 921 scamno
1307 891 1399 921 cum
1437 877 1578 921 habitu
1611 876 1767 921 chorali

141 951 217 995 sub
252 953 393 1007 poenis
424 950 627 1007 Episcopo
661 949 870 994 benevisis
892 965 930 992 )).

260 1022 355 1064 227.
392 1022 517 1073 Quid
559 1023 607 1066 in
649 1034 795 1066 saera
837 1021 1207 1076 praedicatione
1251 1021 1546 1065 servandum
1591 1020 1656 1064 sit
1690 1019 1767 1063 vel

139 1095 407 1139 vitandum.
439 1091 536 1135 Sub.
569 1091 598 1149 g
631 1090 674 1134 1Ο
707 1104 745 1133 n.
782 1091 848 1145 20,
885 1090 953 1145 21,
988 1089 1078 1133 sul).
1113 1088 1156 1132 2ο
1190 1089 1303 1132 numi
1347 1088 1554 1132 distributi
1596 1089 1663 1140 22,
1699 1088 1767 1141 23,

143 1164 209 1218 24,
246 1164 314 1215 25,
349 1163 417 1219 26,
452 1163 520 1218 27,
554 1162 621 1205 28.
658 1161 969 1205 Praedicatores
1006 1176 1026 1202 ε(
1051 1164 1221 1217 possunt
1252 1172 1300 1203 ac
1333 1159 1485 1203 debent
1508 1159 1558 1203 de
1575 1173 1619 1202 se
1643 1159 1766 1212 idem,

139 1234 249 1292 quod
287 1233 449 1288 Paulus,
483 1234 714 1276 affirmare:
752 1231 832 1275 Pro
869 1230 1040 1275 Christo
1075 1230 1287 1288 legatione
1308 1230 1541 1287 sanyimm'.
1567 1231 1606 1274 Si
1631 1235 1767 1273 autem

142 1305 263 1362 legati
297 1309 392 1347 sunt
424 1302 588 1356 Christi,
624 1302 722 1346 illud
758 1304 891 1359 ipsum
935 1301 1040 1345 velle
1063 1300 1215 1345 debent
1239 1303 1276 1343 in
1302 1300 1507 1357 legatione
1533 1300 1768 1357 peragenda

139 1375 250 1433 quod
285 1373 471 1419 Christus
517 1373 646 1416 voluit
689 1375 727 1415 in
773 1373 932 1428 danda;
979 1374 1118 1427 immo,
1162 1371 1270 1428 quod
1316 1373 1414 1427 ipse,
1460 1371 1558 1414 dum
1595 1372 1697 1413 vixit
1730 1372 1766 1413 in

142 1447 279 1499 terris,
312 1445 387 1488 sibi
423 1446 649 1501 proposuit.
682 1442 826 1500 Neque
858 1445 967 1486 enim
1014 1441 1216 1498 Apostoli,
1258 1446 1298 1485 et
1341 1441 1649 1498 praedicatores
1683 1445 1769 1497 post

143 1515 374 1572 Apostolos,
409 1514 489 1558 alio
524 1516 635 1558 missi
669 1518 777 1569 sunt,
811 1518 935 1570 atque
968 1511 1168 1556 Christus.
1202 1511 1319 1554 Siout
1337 1511 1452 1554 misit
1483 1525 1547 1568 me
1568 1509 1709 1562 Pater,
1731 1515 1770 1553 et

141 1600 216 1643 eqo
250 1585 369 1629 mitto
417 1599 499 1628 vos.
549 1586 711 1629 Scimus
759 1589 895 1627 autem
945 1585 1063 1626 cuius
1097 1584 1153 1626 rei
1188 1584 1320 1638 gratia
1353 1580 1539 1625 Christus
1572 1581 1623 1625 de
1656 1580 1770 1624 coelo

142 1656 428 1700 descenderit:
463 1660 605 1712 aperte
638 1657 747 1698 enim
782 1654 1025 1698 declaravit.
1059 1652 1149 1711 Eyo
1183 1652 1238 1696 ad
1272 1651 1346 1696 hoc
1377 1652 1529 1695 veitiiii
1554 1650 1768 1695 iniciatam.

144 1733 188 1770 at
223 1727 505 1770 testimonium
536 1725 775 1784 perhibeam
811 1724 996 1775 veritati,
1030 1723 1119 1780 Eyo
1153 1723 1260 1775 veni,
1293 1729 1337 1765 ul
1370 1723 1498 1765 ‘citam
1532 1721 1768 1765 habeant».

143 1798 255 1842 Haec
282 1797 431 1841 Bened.
460 1797 530 1840 PP.
558 1795 628 1839 XV
653 1799 691 1839 in
716 1801 844 1840 const.
886 1797 1103 1839 «Humani
1137 1796 1302 1851 generis
1334 1793 1675 1850 Redemptionem
1697 1808 1717 1833 ))
1741 1791 1768 1832 ³.

142 1869 381 1913 Secundum
416 1867 516 1911 illud
552 1870 608 1911 ait
641 1882 732 1910 caii.
765 1869 898 1911 1347.
932 1872 958 1922 g
992 1869 1028 1910 1.
1065 1865 1109 1909 In
1153 1865 1289 1908 saeris
1333 1863 1599 1908 concionibus
1632 1863 1768 1907 decla-

145 1942 243 1983 ratis
274 1939 324 1983 ad
357 1938 512 1996 Capitis
560 1941 872 1995 inscriptionem
921 1936 1168 1996 eoeponeiida
1215 1935 1259 1978 iii
1302 1935 1458 1994 primis
1500 1940 1598 1977 sant
1631 1939 1770 1990 utpote

144 2012 360 2053 ministerii
395 2009 630 2053 essentialia
663 2009 839 2064 obiecta,
873 2022 980 2066 qaae
1012 2007 1155 2064 fideles
1201 2006 1242 2063 a)
1276 2005 1446 2049 eredere
1479 2005 1521 2062 b)
1555 2010 1593 2048 et
1629 2003 1771 2062 facere

143 2079 200 2123 ad
231 2079 410 2128 salutem
451 2082 683 2123 animarum
729 2084 906 2136 oportet,
951 2083 993 2121 ut
1035 2090 1126 2121 eam
1164 2076 1461 2134 «quaerendo,
1500 2075 1573 2118 Dei
1608 2087 1769 2131 promo-

149 2155 270 2194 veant
301 2150 474 2206 gloriam
499 2166 540 2204 J),
573 2163 692 2193 secus
724 2154 914 2205 agentem
955 2147 1316 2192 «declamatorem
1344 2146 1612 2203 vaniloquum
1637 2144 1772 2202 appel-

146 2220 220 2264 lari
255 2220 361 2271 licet,
397 2220 726 2277 praedicatorem
759 2218 1050 2276 evangelicum
1086 2231 1165 2261 non
1199 2218 1294 2261 licet
1315 2233 1354 2262 )),
1391 2215 1544 2274 (Coust.
1579 2215 1681 2272 cit).

264 2290 369 2334 Huic
404 2292 658 2347 praescripto
696 2291 920 2333 concinunt
942 2288 1121 2331 Normae
1143 2288 1181 2331 S.
1206 2286 1371 2344 Congu*
1392 2285 1580 2341 Consist,
1606 2285 1770 2342 quando

145 2361 235 2405 sub.
285 2361 342 2403 n.0
398 2361 451 2404 20
509 2360 681 2404 dicitur:
736 2359 1037 2415 «Argumenta
1085 2360 1331 2402 concionum
1370 2359 1450 2400 sint
1498 2355 1771 2399 essentialiter

145 2444 323 2475 sacra».
357 2431 435 2475 Sed
472 2430 672 2487 particula
720 2445 740 2471 ((
765 2433 803 2473 in
838 2431 1024 2486 primis»
1068 2428 1253 2473 adhibita
1294 2430 1333 2470 in
1368 2439 1526 2471 canone
1558 2429 1618 2470 sic
1654 2425 1769 2468 intel-

147 2502 312 2558 ligatur.
368 2499 530 2554 «Quod
580 2503 612 2544 si
656 2502 923 2544 concionator
965 2498 1043 2542 alia
1077 2502 1322 2555 argumenta
1371 2501 1548 2540 tractare
1592 2495 1771 2549 voluerit

146 2585 225 2615 non
260 2574 401 2615 stricto
433 2584 565 2625 sacra,
600 2584 764 2627 semper
796 2574 933 2613 tamen
968 2570 1108 2613 domui
1141 2568 1213 2612 Dei
1257 2569 1563 2621 convenientia,
1606 2565 1770 2610 faculta-

148 2647 231 2685 tem
270 2655 292 2686 a
340 2642 418 2685 loci
469 2639 691 2686 Ordinario
746 2645 884 2697 petere
938 2644 977 2683 et
1020 2639 1206 2683 obtinere
1253 2637 1444 2692 debebit,
1486 2639 1556 2695 qui
1602 2636 1769 2694 quidem

148 2710 397 2757 Ordinarius
439 2725 531 2756 eam
575 2723 800 2768 numquam
846 2710 1059 2764 concedet,
1101 2712 1177 2752 nisi
1223 2722 1265 2752 re
1310 2713 1469 2752 mature
1512 2706 1770 2751 considerata

265 2819 276 2840 1
303 2820 349 2851 22
376 2818 511 2852 Martii
540 2817 641 2851 1653.
684 2837 726 2841 --
764 2817 778 2839 2
818 2817 834 2850 1
871 2815 956 2850 oct.
989 2816 1092 2856 1661,
1121 2827 1160 2849 n.
1191 2815 1294 2849 1217.
1344 2834 1380 2839 -
1418 2815 1432 2835 ³
1473 2813 1516 2846 15
1546 2812 1635 2846 Iun.
1665 2810 1768 2855 1917,

149 2864 225 2899 CO.
254 2865 326 2907 IX,
353 2865 436 2900 310.
1579 2859 1583 2865 “
