1965 3240
196 163 279 197 Tl'r.
305 161 457 197 XXIII.
484 183 496 188 -
522 163 579 198 De
599 167 762 208 praecia
789 176 955 200 censura
981 167 1174 200 librorum
1201 178 1410 212 eorumque
1431 171 1582 212 prohib.
1632 171 1700 205 347

77 283 297 339 exigentiis
328 279 573 334 abstineant,
609 281 706 325 dum
745 285 986 339 opinionum
1031 283 1256 336 laxitatem,
1290 291 1506 344 certosque
1539 302 1702 332 errores

78 365 125 397 ac
153 351 368 396 evidentes
402 354 775 408 praescriptionum
799 354 838 397 S.
863 353 982 397 Sedis
1005 357 1352 410 transgressiones
1377 370 1425 399 ne
1450 360 1700 413 permittant.

194 424 389 479 Sequitur
421 422 472 465 de
505 427 597 465 actu
644 426 854 480 potestatis
887 424 1192 468 ecclesiasticae
1224 426 1252 483 ξ
1285 429 1325 469 1.
1363 425 1521 469 Censor
1553 442 1602 471 ex
1637 430 1702 472 de-

75 494 242 539 claratis
275 495 313 535 in
349 504 484 548 praec.
509 492 552 546 {0
577 493 817 550 designatus
851 497 888 537 in
923 507 1021 538 casu
1054 496 1302 538 senteutiam
1339 497 1388 540 de
1421 501 1573 554 scripto
1606 513 1700 543 exa-

77 567 231 608 minato
264 563 314 607 ad
349 576 536 606 normam
570 564 598 621 ξ
630 564 692 606 '2⁸⁶
724 565 880 622 scripio
917 567 955 607 vi
1005 564 1126 608 huius
1159 572 1265 609 can.⁵
1301 566 1404 609 dare
1437 567 1551 610 debet
1587 569 1700 623 (Dec.

75 648 168 692 gen.
203 648 241 677 n.
277 633 362 691 40).
402 633 640 677 «Absoluto
673 638 904 678 examine»
942 635 1091 692 triplex
1124 635 1362 693 hypothesis
1397 640 1601 681 veritiiari
1638 653 1703 695 po-

75 710 165 749 test.
201 705 369 749 Relictis
401 704 562 747 duahus
597 705 902 761 perpendendis
936 709 974 748 in
1009 712 1110 764 seq.⁸
1134 713 1240 750 can.³
1262 708 1290 764 ξ
1325 708 1361 759 2,
1387 711 1517 764 prima
1553 715 1609 752 est
1644 713 1701 753 sic

74 778 285 820 enuntiata
321 777 358 817 in
393 787 564 818 canone.
603 773 721 828 Quae
768 779 970 820 sententia
1005 779 1191 820 censoris
1234 778 1271 819 si
1318 778 1491 835 fleverit,
1523 780 1700 823 scilicet:

79 862 101 887 ((
120 846 218 889 nihil
241 845 508 902 publicationi
535 845 625 889 libri
651 845 815 889 obstare
849 846 1060 890 videbitur
1078 863 1116 902 n,
1147 846 1410 890 Ordimirius
1431 849 1505 892 loci
1532 864 1579 893 cx
1606 864 1700 892 con-

75 922 189 961 textu
221 922 468 974 poteslalem
504 915 655 959 edendi
689 917 798 960 licite
832 918 966 974 quoad
1003 920 1065 961 ius
1098 918 1424 962 ecclesiasticum
1453 920 1602 977 juvius,
1631 934 1703 977 per

76 988 282 1032 licentiam
334 989 422 1030 iure
472 989 726 1044 requisitam,
772 988 839 1030 cui
889 994 1023 1031 tamen
1064 991 1380 1046 «inscriptis»
1423 994 1531 1042 (can.
1579 991 1701 1034 1:394.

72 1058 101 1117 ξ
135 1057 197 1115 1²)
229 1057 522 1101 concedendae
564 1064 857 1115 praeponatur
899 1059 1084 1102 censoris
1117 1059 1318 1102 {euticium
1365 1062 1547 1103 fortassis
1584 1063 1701 1104 «l'or-

76 1128 186 1172 mula
220 1127 319 1171 nihil
355 1127 487 1171 obstat
508 1144 528 1168 »
567 1141 616 1170 ex
653 1128 744 1170 litt.S
767 1128 883 1184 aplis.
913 1145 934 1169 «
955 1129 1192 1173 Pascendi»
1231 1132 1395 1181 omissa,
1432 1130 1632 1188 inscripto
1663 1134 1700 1174 in

73 1199 196 1242 sidem
232 1199 322 1241 eius
370 1198 548 1241 uoun'ue.
584 1198 695 1242 Haec
728 1204 786 1252 ,ξω
819 1200 868 1242 ad
913 1199 1085 1243 verbum
1131 1214 1181 1243 ex
1216 1203 1301 1243 cit.⁵
1335 1201 1424 1244 litt.s
1456 1204 1700 1259 transcripta

72 1272 131 1313 sic
165 1271 450 1326 prosequitur:
485 1267 869 1312 Emi-aerumariis
903 1275 1065 1312 tautum
1098 1270 1140 1313 in
1176 1270 1531 1328 (tdt'mieli's,‹1ttae
1567 1277 1700 1328 postu-

74 1338 157 1383 tent
189 1341 493 1395 exceptionem.
527 1353 577 1381 ae
615 1352 817 1396 perquam
866 1353 982 1390 raro,
1012 1339 1215 1398 prudenti
1263 1340 1489 1383 Ordiuurii
1522 1341 1701 1384 arbim-io

73 1423 166 1454 cum
205 1409 282 1459 illis
316 1410 560 1453 dimittendo
594 1423 641 1453 ae
676 1413 923 1463 necessario,
958 1411 1144 1454 censoris
1188 1412 1341 1455 mentio
1384 1413 1518 1469 quoad
1554 1426 1699 1455 nomen

73 1481 212 1524 catilli
240 1481 397 1538 polerit
431 1494 480 1524 ex
515 1483 686 1524 canonis
719 1484 999 1525 conniventia.

128 1561 133 1569 “
190 1549 256 1596 Ob
304 1556 492 1595 naturam
528 1552 650 1595 ollicii
699 1554 884 1595 censoris
934 1555 1146 1609 provisum
1197 1558 1341 1597 estex
1386 1557 1470 1598 cit.S
1505 1554 1594 1597 litt.S
1630 1568 1702 1611 per

71 1622 99 1680 g
130 1625 173 1665 5.
207 1621 470 1676 Auctori'buS,
506 1636 609 1680 quos
643 1625 807 1679 petiisse
843 1622 1051 1666 licentiam
1085 1627 1344 1681 supponitur,
1376 1625 1562 1668 censoris
1595 1626 1699 1668 desi-

70 1695 182 1749 gnati
217 1693 267 1735 ad
304 1695 516 1749 proprium
567 1695 767 1749 scriptum
814 1708 957 1736 nomen
990 1700 1138 1752 puteal
1183 1709 1421 1753 numquam,
1456 1695 1532 1739 hoc
1577 1698 1702 1751 igitur

71 1766 372 1821 praescriptum
409 1769 518 1807 tenet
552 1777 695 1807 omnes
745 1764 844 1807 illud
880 1770 1178 1821 cognoscentes
1213 1768 1370 1809 ratione
1414 1767 1552 1823 officii,
1586 1772 1699 1809 mele-

69 1849 192 1893 quum
229 1834 309 1889 lzv‘e,
331 1849 490 1884 censor,
515 1835 722 1892 faventem
758 1835 1006 1878 seutentiam
1033 1835 1228 1881 ediderit.
1252 1836 1361 1893 Ergo
1394 1850 1514 1880 secus
1543 1853 1562 1877 ((
1582 1851 1699 1880 num-

70 1917 236 1961 quam»
275 1906 544 1950 noscendum.
579 1906 714 1963 Atque
759 1905 836 1949 hoc
874 1921 895 1947 (ε
913 1919 964 1949 ne
998 1907 1094 1963 quid
1145 1907 1357 1950 molestiae
1390 1910 1549 1951 censori
1585 1908 1699 1951 exhi—

69 1975 216 2020 beatur
251 1976 314 2019 vet
348 1977 447 2020 dum
481 1979 633 2032 scripta
667 1979 894 2033 cognoscit,
927 1977 988 2020 vel
1025 1980 1056 2020 si
1085 1977 1307 2021 editionem
1344 1991 1421 2020 non
1459 1978 1697 2034 probarit».

188 2047 340 2090 Norma
375 2047 441 2091 illa
475 2050 592 2104 praxi
617 2047 728 2090 utilis
761 2044 1028 2092 memoranda
1062 2062 1112 2092 ex
1146 2049 1300 2092 eisdem
1336 2048 1426 2092 litt.⁸
1459 2049 1699 2105 «Epheme-

71 2117 181 2161 rides
214 2123 251 2161 et
285 2120 597 2171 commentaria,
635 2131 741 2175 quae
774 2131 794 2161 a
829 2118 1044 2163 catholicis
1076 2119 1328 2173 scribuntur,
1354 2120 1572 2176 [qnatenus
1605 2133 1697 2163 cen-

70 2201 192 2231 surae
224 2188 442 2246 subieeta)‚
477 2189 610 2246 quoad
647 2191 734 2232 lieri
781 2192 919 2245 possit,
953 2203 1169 2234 censorem
1210 2190 1471 2246 designatum
1508 2190 1695 2234 habeant.

71 2257 204 2302 Huius
237 2260 417 2303 officium
452 2262 529 2303 erit
564 2260 659 2303 folia
693 2260 855 2317 singula
891 2261 954 2304 vel
1006 2261 1178 2313 libellos,
1213 2266 1428 2319 postquam
1462 2264 1539 2304 sint
1575 2263 1697 2310 edita,

71 2334 302 2386 opportune
338 2330 573 2388 perlegere:
598 2333 629 2374 si
665 2331 764 2389 quid
798 2332 953 2375 dietum
989 2332 1219 2389 periculose
1255 2334 1389 2386 suerit,
1415 2332 1452 2375 id
1488 2336 1697 2390 quampri-

73 2413 186 2443 mum
219 2402 512 2458 corrigendum
549 2404 748 2458 iniungat.
786 2402 940 2446 Eadem
990 2417 1113 2460 porro
1148 2403 1362 2459 Episcopis
1395 2403 1566 2446 facultas
1598 2409 1695 2451 esto,

71 2473 144 2514 etsi
179 2484 326 2515 censor
359 2473 461 2516 forte
496 2474 644 2516 laverit
667 2489 706 2514 ».

191 2542 287 2587 ⁶282.
323 2544 396 2589 De
428 2546 655 2590 licentiae
687 2546 1074 2592 formalitatibus
1109 2548 1186 2592 vel
1221 2547 1566 2601 denegatione.
1597 2544 1697 2587 Can.

72 2612 204 2655 1394.
239 2615 264 2666 g
297 2616 331 2657 1.
367 2612 572 2664 Licentia,
590 2627 661 2657 seu
686 2619 801 2658 actus
829 2615 1056 2671 spiritualis
1088 2616 1469 2666 administrationis,
1501 2629 1581 2671 qun
1621 2616 1696 2656 ()r-

71 2681 270 2725 dinarius
305 2683 379 2727 loci
413 2696 461 2727 ex
495 2684 542 2742 §⁰
575 2684 619 2726 4³
655 2691 807 2741 praec}¹
839 2692 946 2730 can.⁸
975 2692 1225 2744 potestatem
1259 2684 1409 2728 edendi
1440 2684 1560 2741 furit,
1590 2685 1630 2741 a)
1656 2685 1695 2727 iu

70 2753 245 2811 scriptis
277 2753 543 2807 concedatur,
577 2757 859 2813 omissumque
903 2762 961 2800 est
1000 2762 1076 2800 «et
1111 2759 1278 2799 omnino
1312 2757 1477 2812 gratis»
1515 2754 1694 2811 (Decret.

71 2830 229 2880 gener.³
252 2838 289 2869 n.
315 2825 515 2883 40),quia
550 2825 627 2869 hoc
664 2839 760 2870 vere
792 2828 1046 2871 servandum
1081 2828 1214 2885 quoad
1251 2827 1440 2870 licentiae
1473 2828 1698 2867 concessio-

71 2907 184 2950 nem,
219 2900 353 2952 posset
397 2896 551 2954 aliquid
585 2899 694 2953 exigi
741 2910 814 2953 pro
862 2900 1046 2942 censoris
1090 2897 1229 2941 lahore
1273 2895 1592 2948 remunerando,
1625 2897 1694 2939 sed
