<?xml version="1.0" encoding="UTF-8"?>
<!DOCTYPE html PUBLIC "-//W3C//DTD XHTML 1.0 Transitional//EN"
    "http://www.w3.org/TR/xhtml1/DTD/xhtml1-transitional.dtd">
<html xmlns="http://www.w3.org/1999/xhtml" xml:lang="en" lang="en">
 <head>
  <title>
</title>
<meta http-equiv="Content-Type" content="text/html;charset=utf-8" />
  <meta name='ocr-system' content='tesseract 3.04.00' />
  <meta name='ocr-capabilities' content='ocr_page ocr_carea ocr_par ocr_line ocrx_word'/>
</head>
<body>
  <div class='ocr_page' id='page_1' title='image "./commentariumtext03blatuoft_0519.png"; bbox 0 0 1965 3240; ppageno 0'>
   <div class='ocr_carea' id='block_1_1' title="bbox 357 141 1721 186">
    <p class='ocr_par' dir='ltr' id='par_1_1' title="bbox 357 141 1721 186">
     <span class='ocr_line' id='line_1_1' title="bbox 357 141 1721 186; baseline -0.001 -10"><span class='ocrx_word' id='word_1_1' title='bbox 357 142 440 176; x_wconf 73' lang='grc' dir='ltr'>Τιτ.</span> <span class='ocrx_word' id='word_1_2' title='bbox 468 142 636 177; x_wconf 82' lang='lat' dir='ltr'>XXVII.</span> <span class='ocrx_word' id='word_1_3' title='bbox 667 162 678 168; x_wconf 95' lang='lat'>-</span> <span class='ocrx_word' id='word_1_4' title='bbox 707 142 763 176; x_wconf 84' lang='lat' dir='ltr'>Dc</span> <span class='ocrx_word' id='word_1_5' title='bbox 788 143 897 176; x_wconf 73' lang='lat' dir='ltr'>bonis</span> <span class='ocrx_word' id='word_1_6' title='bbox 924 143 1188 176; x_wconf 71' lang='lat' dir='ltr'>ecclesiasticis</span> <span class='ocrx_word' id='word_1_7' title='bbox 1215 143 1462 186; x_wconf 67' lang='lat' dir='ltr'>acquirendis</span> <span class='ocrx_word' id='word_1_8' title='bbox 1654 141 1721 176; x_wconf 71' lang='lat'>507</span> 
     </span>
    </p>
   </div>
   <div class='ocr_carea' id='block_1_2' title="bbox 104 205 280 213">
    <p class='ocr_par' dir='ltr' id='par_1_2' title="bbox 104 205 280 213">
     <span class='ocr_line' id='line_1_2' title="bbox 104 205 280 213; baseline 0 3027"><span class='ocrx_word' id='word_1_9' title='bbox 104 205 280 213; x_wconf 95' lang='lat' dir='ltr'> </span> 
     </span>
    </p>
   </div>
   <div class='ocr_carea' id='block_1_3' title="bbox 91 260 1729 2298">
    <p class='ocr_par' dir='ltr' id='par_1_3' title="bbox 91 260 1721 800">
     <span class='ocr_line' id='line_1_3' title="bbox 95 260 1720 318; baseline -0.002 -12"><span class='ocrx_word' id='word_1_10' title='bbox 95 263 145 307; x_wconf 89' lang='lat' dir='ltr'>ab</span> <span class='ocrx_word' id='word_1_11' title='bbox 179 262 469 318; x_wconf 77' lang='lat' dir='ltr'>Apostolorum</span> <span class='ocrx_word' id='word_1_12' title='bbox 506 267 689 318; x_wconf 88' lang='lat' dir='ltr'>tempore</span> <span class='ocrx_word' id='word_1_13' title='bbox 725 263 889 304; x_wconf 83' lang='lat' dir='ltr'>luerunt</span> <span class='ocrx_word' id='word_1_14' title='bbox 921 260 1018 302; x_wconf 80' lang='lat' dir='ltr'>solis</span> <span class='ocrx_word' id='word_1_15' title='bbox 1055 260 1321 304; x_wconf 81' lang='lat' dir='ltr'>l&#39;ontiticibus</span> <span class='ocrx_word' id='word_1_16' title='bbox 1345 266 1568 305; x_wconf 62' lang='lat' dir='ltr'>reservata.</span> <span class='ocrx_word' id='word_1_17' title='bbox 1596 266 1635 304; x_wconf 90' lang='lat' dir='ltr'>nt</span> <span class='ocrx_word' id='word_1_18' title='bbox 1662 266 1720 303; x_wconf 80' lang='lat' dir='ltr'>est</span> 
     </span>
     <span class='ocr_line' id='line_1_4' title="bbox 93 330 1720 389; baseline -0.002 -12"><span class='ocrx_word' id='word_1_19' title='bbox 93 337 399 377; x_wconf 86' lang='lat' dir='ltr'>sacramentum</span> <span class='ocrx_word' id='word_1_20' title='bbox 435 334 775 386; x_wconf 76' lang='lat' dir='ltr'>confirmationis,</span> <span class='ocrx_word' id='word_1_21' title='bbox 809 331 916 389; x_wconf 83' lang='lat' dir='ltr'>quod</span> <span class='ocrx_word' id='word_1_22' title='bbox 953 330 1217 374; x_wconf 89' lang='lat' dir='ltr'>chrismando</span> <span class='ocrx_word' id='word_1_23' title='bbox 1253 337 1429 385; x_wconf 83' lang='lat' dir='ltr'>renatos,</span> <span class='ocrx_word' id='word_1_24' title='bbox 1462 332 1534 374; x_wconf 84' lang='lat' dir='ltr'>soli</span> <span class='ocrx_word' id='word_1_25' title='bbox 1571 331 1720 375; x_wconf 79' lang='lat' dir='ltr'>debent</span> 
     </span>
     <span class='ocr_line' id='line_1_5' title="bbox 91 402 1720 460; baseline -0.001 -14"><span class='ocrx_word' id='word_1_26' title='bbox 91 405 271 460; x_wconf 72' lang='lat' dir='ltr'>episcopi</span> <span class='ocrx_word' id='word_1_27' title='bbox 308 416 380 459; x_wconf 90' lang='lat' dir='ltr'>per</span> <span class='ocrx_word' id='word_1_28' title='bbox 415 416 559 445; x_wconf 85' lang='lat' dir='ltr'>manus</span> <span class='ocrx_word' id='word_1_29' title='bbox 605 404 907 458; x_wconf 78' lang='lat' dir='ltr'>impositionem</span> <span class='ocrx_word' id='word_1_30' title='bbox 952 402 1167 445; x_wconf 82' lang='lat' dir='ltr'>conferre:</span> <span class='ocrx_word' id='word_1_31' title='bbox 1213 402 1261 444; x_wconf 88' lang='lat' dir='ltr'>ad</span> <span class='ocrx_word' id='word_1_32' title='bbox 1299 403 1558 445; x_wconf 78' lang='lat' dir='ltr'>excusandas</span> <span class='ocrx_word' id='word_1_33' title='bbox 1595 416 1720 445; x_wconf 76' lang='lat' dir='ltr'>excu-</span> 
     </span>
     <span class='ocr_line' id='line_1_6' title="bbox 92 472 1721 529; baseline -0.002 -11"><span class='ocrx_word' id='word_1_34' title='bbox 92 476 271 518; x_wconf 88' lang='lat' dir='ltr'>sationes</span> <span class='ocrx_word' id='word_1_35' title='bbox 305 475 341 515; x_wconf 94' lang='lat' dir='ltr'>in</span> <span class='ocrx_word' id='word_1_36' title='bbox 380 475 574 529; x_wconf 85' lang='lat' dir='ltr'>peccatis,</span> <span class='ocrx_word' id='word_1_37' title='bbox 609 473 737 516; x_wconf 84' lang='lat' dir='ltr'>solam</span> <span class='ocrx_word' id='word_1_38' title='bbox 773 472 1116 515; x_wconf 84' lang='lat' dir='ltr'>consuetudinem</span> <span class='ocrx_word' id='word_1_39' title='bbox 1154 473 1492 528; x_wconf 83' lang='lat' dir='ltr'>praetendentes:</span> <span class='ocrx_word' id='word_1_40' title='bbox 1530 478 1566 515; x_wconf 86' lang='lat' dir='ltr'>et</span> <span class='ocrx_word' id='word_1_41' title='bbox 1604 474 1721 515; x_wconf 88' lang='lat' dir='ltr'>int&#39;ra.</span> 
     </span>
     <span class='ocr_line' id='line_1_7' title="bbox 101 542 1721 599; baseline -0.001 -12"><span class='ocrx_word' id='word_1_42' title='bbox 101 544 343 587; x_wconf 86' lang='lat' dir='ltr'>Discretioni</span> <span class='ocrx_word' id='word_1_43' title='bbox 378 548 471 586; x_wconf 87' lang='lat' dir='ltr'>tuae</span> <span class='ocrx_word' id='word_1_44' title='bbox 507 544 766 597; x_wconf 87' lang='lat' dir='ltr'>mandamus,</span> <span class='ocrx_word' id='word_1_45' title='bbox 798 547 1002 598; x_wconf 82' lang='lat' dir='ltr'>quatenus</span> <span class='ocrx_word' id='word_1_46' title='bbox 1033 542 1225 585; x_wconf 85' lang='lat' dir='ltr'>omnibus</span> <span class='ocrx_word' id='word_1_47' title='bbox 1261 543 1513 599; x_wconf 57' lang='lat' dir='ltr'>presbyteris</span> <span class='ocrx_word' id='word_1_48' title='bbox 1537 544 1721 586; x_wconf 79' lang='lat' dir='ltr'>districte</span> 
     </span>
     <span class='ocr_line' id='line_1_8' title="bbox 96 614 1719 672; baseline -0.002 -13"><span class='ocrx_word' id='word_1_49' title='bbox 96 614 328 672; x_wconf 76' lang='lat' dir='ltr'>prohibeas,</span> <span class='ocrx_word' id='word_1_50' title='bbox 363 627 412 657; x_wconf 89' lang='lat' dir='ltr'>ne</span> <span class='ocrx_word' id='word_1_51' title='bbox 447 614 539 657; x_wconf 81' lang='lat' dir='ltr'>talia</span> <span class='ocrx_word' id='word_1_52' title='bbox 575 615 625 657; x_wconf 77' lang='lat' dir='ltr'>dc</span> <span class='ocrx_word' id='word_1_53' title='bbox 659 618 823 658; x_wconf 86' lang='lat' dir='ltr'>caetero</span> <span class='ocrx_word' id='word_1_54' title='bbox 855 626 928 656; x_wconf 89' lang='lat' dir='ltr'>sua</span> <span class='ocrx_word' id='word_1_55' title='bbox 963 615 1193 656; x_wconf 84' lang='lat' dir='ltr'>temeritate</span> <span class='ocrx_word' id='word_1_56' title='bbox 1243 618 1590 669; x_wconf 88' lang='lat' dir='ltr'>praesumant,...:</span> <span class='ocrx_word' id='word_1_57' title='bbox 1626 627 1719 656; x_wconf 83' lang='lat' dir='ltr'>cum</span> 
     </span>
     <span class='ocr_line' id='line_1_9' title="bbox 98 684 1720 742; baseline -0.001 -13"><span class='ocrx_word' id='word_1_58' title='bbox 98 686 244 729; x_wconf 88' lang='lat' dir='ltr'>umbra</span> <span class='ocrx_word' id='word_1_59' title='bbox 277 685 480 742; x_wconf 83' lang='lat' dir='ltr'>quaedam</span> <span class='ocrx_word' id='word_1_60' title='bbox 516 686 757 728; x_wconf 72' lang='lat' dir='ltr'>ostendatur</span> <span class='ocrx_word' id='word_1_61' title='bbox 791 687 828 727; x_wconf 94' lang='lat' dir='ltr'>in</span> <span class='ocrx_word' id='word_1_62' title='bbox 865 696 1003 740; x_wconf 84' lang='lat' dir='ltr'>opere,</span> <span class='ocrx_word' id='word_1_63' title='bbox 1042 686 1193 727; x_wconf 90' lang='lat' dir='ltr'>veritas</span> <span class='ocrx_word' id='word_1_64' title='bbox 1226 689 1363 727; x_wconf 87' lang='lat' dir='ltr'>autem</span> <span class='ocrx_word' id='word_1_65' title='bbox 1402 698 1478 726; x_wconf 92' lang='lat' dir='ltr'>non</span> <span class='ocrx_word' id='word_1_66' title='bbox 1514 684 1658 727; x_wconf 72' lang='lat' dir='ltr'>subeat</span> <span class='ocrx_word' id='word_1_67' title='bbox 1684 687 1720 727; x_wconf 92' lang='lat' dir='ltr'>in</span> 
     </span>
     <span class='ocr_line' id='line_1_10' title="bbox 95 757 308 800; baseline 0 0"><span class='ocrx_word' id='word_1_68' title='bbox 95 757 245 800; x_wconf 76' lang='lat' dir='ltr'>effectu</span> <span class='ocrx_word' id='word_1_69' title='bbox 268 771 308 800; x_wconf 67' lang='grc' dir='ltr'>υ.</span> 
     </span>
    </p>

    <p class='ocr_par' dir='ltr' id='par_1_4' title="bbox 95 825 1728 1510">
     <span class='ocr_line' id='line_1_11' title="bbox 209 825 1723 884; baseline -0.003 -14"><span class='ocrx_word' id='word_1_70' title='bbox 209 827 273 870; x_wconf 73' lang='lat'>.-‘›&#39;.⁰</span> <span class='ocrx_word' id='word_1_71' title='bbox 311 826 407 870; x_wconf 78' lang='lat' dir='ltr'>Iura</span> <span class='ocrx_word' id='word_1_72' title='bbox 444 827 708 884; x_wconf 71' lang='lat' dir='ltr'>spiritualia,</span> <span class='ocrx_word' id='word_1_73' title='bbox 742 841 812 870; x_wconf 86' lang='lat' dir='ltr'>seu</span> <span class='ocrx_word' id='word_1_74' title='bbox 849 826 1061 870; x_wconf 85' lang='lat' dir='ltr'>lacultates</span> <span class='ocrx_word' id='word_1_75' title='bbox 1106 826 1282 869; x_wconf 87' lang='lat' dir='ltr'>morales</span> <span class='ocrx_word' id='word_1_76' title='bbox 1319 828 1428 869; x_wconf 79' lang='lat' dir='ltr'>circa</span> <span class='ocrx_word' id='word_1_77' title='bbox 1464 839 1509 869; x_wconf 82' lang='lat' dir='ltr'>ca</span> <span class='ocrx_word' id='word_1_78' title='bbox 1548 825 1609 868; x_wconf 70' lang='lat' dir='ltr'>vel</span> <span class='ocrx_word' id='word_1_79' title='bbox 1643 828 1723 881; x_wconf 84' lang='lat' dir='ltr'>spi-</span> 
     </span>
     <span class='ocr_line' id='line_1_12' title="bbox 95 896 1725 955; baseline -0.002 -13"><span class='ocrx_word' id='word_1_80' title='bbox 95 898 312 942; x_wconf 87' lang='lat' dir='ltr'>ritualibus</span> <span class='ocrx_word' id='word_1_81' title='bbox 359 903 662 955; x_wconf 84' lang='lat' dir='ltr'>consequenter</span> <span class='ocrx_word' id='word_1_82' title='bbox 705 903 773 940; x_wconf 91' lang='lat' dir='ltr'>aut</span> <span class='ocrx_word' id='word_1_83' title='bbox 817 896 1147 953; x_wconf 83' lang='lat' dir='ltr'>inseparabiliter</span> <span class='ocrx_word' id='word_1_84' title='bbox 1190 897 1368 949; x_wconf 81' lang='lat' dir='ltr'>adnexa,</span> <span class='ocrx_word' id='word_1_85' title='bbox 1413 910 1588 953; x_wconf 70' lang='lat' dir='ltr'>(siceram</span> <span class='ocrx_word' id='word_1_86' title='bbox 1624 896 1725 938; x_wconf 70' lang='lat' dir='ltr'>laici</span> 
     </span>
     <span class='ocr_line' id='line_1_13' title="bbox 96 967 1721 1026; baseline -0.001 -15"><span class='ocrx_word' id='word_1_87' title='bbox 96 983 174 1013; x_wconf 76' lang='lat' dir='ltr'>non</span> <span class='ocrx_word' id='word_1_88' title='bbox 209 975 306 1012; x_wconf 71' lang='lat' dir='ltr'>sun!</span> <span class='ocrx_word' id='word_1_89' title='bbox 338 983 527 1026; x_wconf 74' lang='lat' dir='ltr'>capaces,</span> <span class='ocrx_word' id='word_1_90' title='bbox 563 982 599 1012; x_wconf 76' lang='lat' dir='ltr'>v.</span> <span class='ocrx_word' id='word_1_91' title='bbox 635 982 694 1024; x_wconf 79' lang='lat' dir='ltr'>gr.</span> <span class='ocrx_word' id='word_1_92' title='bbox 730 981 836 1026; x_wconf 83' lang='lat' dir='ltr'>quae</span> <span class='ocrx_word' id='word_1_93' title='bbox 875 967 991 1011; x_wconf 79' lang='lat' dir='ltr'>«soli</span> <span class='ocrx_word' id='word_1_94' title='bbox 1025 967 1165 1011; x_wconf 81' lang='lat' dir='ltr'>clerici</span> <span class='ocrx_word' id='word_1_95' title='bbox 1204 971 1371 1024; x_wconf 80' lang='lat' dir='ltr'>possunt</span> <span class='ocrx_word' id='word_1_96' title='bbox 1405 967 1634 1010; x_wconf 79' lang='lat' dir='ltr'>obtinere»</span> <span class='ocrx_word' id='word_1_97' title='bbox 1673 967 1721 1009; x_wconf 85' lang='lat' dir='ltr'>ad</span> 
     </span>
     <span class='ocr_line' id='line_1_14' title="bbox 96 1038 1725 1088; baseline -0.002 -4"><span class='ocrx_word' id='word_1_98' title='bbox 96 1053 285 1084; x_wconf 90' lang='lat' dir='ltr'>normam</span> <span class='ocrx_word' id='word_1_99' title='bbox 319 1053 408 1084; x_wconf 88' lang='lat' dir='ltr'>can.</span> <span class='ocrx_word' id='word_1_100' title='bbox 446 1041 528 1082; x_wconf 77' lang='grc'>’118</span> <span class='ocrx_word' id='word_1_101' title='bbox 564 1042 600 1082; x_wconf 93' lang='lat' dir='ltr'>in</span> <span class='ocrx_word' id='word_1_102' title='bbox 638 1040 944 1082; x_wconf 76' lang='lat' dir='ltr'>Commentario</span> <span class='ocrx_word' id='word_1_103' title='bbox 977 1038 1130 1081; x_wconf 81' lang='lat' dir='ltr'>Textus</span> <span class='ocrx_word' id='word_1_104' title='bbox 1164 1038 1217 1081; x_wconf 90' lang='lat' dir='ltr'>ibi</span> <span class='ocrx_word' id='word_1_105' title='bbox 1253 1038 1520 1088; x_wconf 70' lang='lat' dir='ltr'>declaratam,</span> <span class='ocrx_word' id='word_1_106' title='bbox 1553 1038 1621 1081; x_wconf 86' lang='lat' dir='ltr'>scd</span> <span class='ocrx_word' id='word_1_107' title='bbox 1650 1038 1725 1081; x_wconf 87' lang='lat' dir='ltr'>hac</span> 
     </span>
     <span class='ocr_line' id='line_1_15' title="bbox 97 1108 1728 1168; baseline -0.002 -13"><span class='ocrx_word' id='word_1_108' title='bbox 97 1112 150 1155; x_wconf 87' lang='lat' dir='ltr'>de</span> <span class='ocrx_word' id='word_1_109' title='bbox 183 1123 306 1155; x_wconf 88' lang='lat' dir='ltr'>causa</span> <span class='ocrx_word' id='word_1_110' title='bbox 339 1111 553 1155; x_wconf 83' lang='lat' dir='ltr'>subditur:</span> <span class='ocrx_word' id='word_1_111' title='bbox 588 1110 625 1152; x_wconf 77' lang='lat' dir='ltr'>si</span> <span class='ocrx_word' id='word_1_112' title='bbox 659 1115 816 1165; x_wconf 64' lang='lat' dir='ltr'>(alatur</span> <span class='ocrx_word' id='word_1_113' title='bbox 833 1109 883 1152; x_wconf 81' lang='lat' dir='ltr'>de</span> <span class='ocrx_word' id='word_1_114' title='bbox 902 1109 1244 1168; x_wconf 75' lang='lat' dir='ltr'>praescriptione</span> <span class='ocrx_word' id='word_1_115' title='bbox 1262 1109 1303 1151; x_wconf 70' lang='lat' dir='ltr'>in</span> <span class='ocrx_word' id='word_1_116' title='bbox 1325 1108 1577 1152; x_wconf 69' lang='lat' dir='ltr'>commodant</span> <span class='ocrx_word' id='word_1_117' title='bbox 1599 1108 1728 1151; x_wconf 67' lang='lat' dir='ltr'>laieo-</span> 
     </span>
     <span class='ocr_line' id='line_1_16' title="bbox 96 1179 1724 1239; baseline -0.002 -14"><span class='ocrx_word' id='word_1_118' title='bbox 96 1196 188 1225; x_wconf 74' lang='lat' dir='ltr'>rum</span> <span class='ocrx_word' id='word_1_119' title='bbox 224 1182 358 1239; x_wconf 81' lang='lat' dir='ltr'>quoad</span> <span class='ocrx_word' id='word_1_120' title='bbox 396 1184 733 1239; x_wconf 75' lang='lat' dir='ltr'>praescriptionis</span> <span class='ocrx_word' id='word_1_121' title='bbox 766 1182 974 1234; x_wconf 75' lang='lat' dir='ltr'>effectum,</span> <span class='ocrx_word' id='word_1_122' title='bbox 1018 1180 1200 1223; x_wconf 87' lang='lat' dir='ltr'>scilicet:</span> <span class='ocrx_word' id='word_1_123' title='bbox 1247 1185 1289 1222; x_wconf 86' lang='lat' dir='ltr'>ut</span> <span class='ocrx_word' id='word_1_124' title='bbox 1322 1179 1360 1222; x_wconf 93' lang='lat' dir='ltr'>hi</span> <span class='ocrx_word' id='word_1_125' title='bbox 1395 1180 1617 1236; x_wconf 82' lang='lat' dir='ltr'>adquirant</span> <span class='ocrx_word' id='word_1_126' title='bbox 1648 1179 1724 1223; x_wconf 91' lang='lat' dir='ltr'>sibi</span> 
     </span>
     <span class='ocr_line' id='line_1_17' title="bbox 97 1250 1726 1307; baseline -0.001 -11"><span class='ocrx_word' id='word_1_127' title='bbox 97 1256 195 1307; x_wconf 87' lang='lat' dir='ltr'>ipsis</span> <span class='ocrx_word' id='word_1_128' title='bbox 229 1253 322 1296; x_wconf 90' lang='lat' dir='ltr'>talia</span> <span class='ocrx_word' id='word_1_129' title='bbox 359 1255 460 1295; x_wconf 90' lang='lat' dir='ltr'>iura.</span> <span class='ocrx_word' id='word_1_130' title='bbox 514 1252 646 1295; x_wconf 90' lang='lat' dir='ltr'>Etiam</span> <span class='ocrx_word' id='word_1_131' title='bbox 698 1252 808 1295; x_wconf 89' lang='lat' dir='ltr'>aliud</span> <span class='ocrx_word' id='word_1_132' title='bbox 859 1251 1096 1307; x_wconf 86' lang='lat' dir='ltr'>exemplum</span> <span class='ocrx_word' id='word_1_133' title='bbox 1134 1250 1251 1294; x_wconf 88' lang='lat' dir='ltr'>nobis</span> <span class='ocrx_word' id='word_1_134' title='bbox 1283 1252 1401 1294; x_wconf 78' lang='lat' dir='ltr'>oti&#39;ert</span> <span class='ocrx_word' id='word_1_135' title='bbox 1435 1264 1524 1307; x_wconf 89' lang='lat' dir='ltr'>cap.</span> <span class='ocrx_word' id='word_1_136' title='bbox 1558 1251 1581 1293; x_wconf 79' lang='lat'><em>7</em></span> <span class='ocrx_word' id='word_1_137' title='bbox 1623 1266 1641 1290; x_wconf 74' lang='grc' dir='ltr'>ι(</span> <span class='ocrx_word' id='word_1_138' title='bbox 1675 1251 1726 1294; x_wconf 86' lang='lat' dir='ltr'>de</span> 
     </span>
     <span class='ocr_line' id='line_1_18' title="bbox 98 1321 1724 1381; baseline -0.002 -14"><span class='ocrx_word' id='word_1_139' title='bbox 98 1323 494 1381; x_wconf 76' lang='lat' dir='ltr'>praescriptionibus</span> <span class='ocrx_word' id='word_1_140' title='bbox 516 1339 536 1364; x_wconf 82' lang='grc'>))</span> <span class='ocrx_word' id='word_1_141' title='bbox 576 1323 644 1378; x_wconf 91' lang='lat' dir='ltr'>(ll,</span> <span class='ocrx_word' id='word_1_142' title='bbox 679 1323 750 1377; x_wconf 65' lang='lat'>25}</span> <span class='ocrx_word' id='word_1_143' title='bbox 782 1321 815 1364; x_wconf 77' lang='lat' dir='ltr'>X</span> <span class='ocrx_word' id='word_1_144' title='bbox 852 1321 919 1365; x_wconf 89' lang='lat' dir='ltr'>ubi</span> <span class='ocrx_word' id='word_1_145' title='bbox 956 1324 1057 1364; x_wconf 89' lang='lat' dir='ltr'>ratio</span> <span class='ocrx_word' id='word_1_146' title='bbox 1093 1321 1311 1365; x_wconf 90' lang='lat' dir='ltr'>decidendi</span> <span class='ocrx_word' id='word_1_147' title='bbox 1347 1326 1427 1364; x_wconf 92' lang='lat' dir='ltr'>est:</span> <span class='ocrx_word' id='word_1_148' title='bbox 1467 1337 1489 1361; x_wconf 86' lang='lat'>«</span> <span class='ocrx_word' id='word_1_149' title='bbox 1511 1323 1605 1378; x_wconf 85' lang='lat' dir='ltr'>quia</span> <span class='ocrx_word' id='word_1_150' title='bbox 1631 1334 1724 1363; x_wconf 86' lang='lat' dir='ltr'>cum</span> 
     </span>
     <span class='ocr_line' id='line_1_19' title="bbox 98 1392 1727 1449; baseline -0.002 -11"><span class='ocrx_word' id='word_1_151' title='bbox 98 1395 189 1438; x_wconf 90' lang='lat' dir='ltr'>laici</span> <span class='ocrx_word' id='word_1_152' title='bbox 224 1395 407 1438; x_wconf 87' lang='lat' dir='ltr'>decimas</span> <span class='ocrx_word' id='word_1_153' title='bbox 441 1394 627 1438; x_wconf 86' lang='lat' dir='ltr'>detinere</span> <span class='ocrx_word' id='word_1_154' title='bbox 661 1407 738 1436; x_wconf 92' lang='lat' dir='ltr'>non</span> <span class='ocrx_word' id='word_1_155' title='bbox 777 1395 944 1449; x_wconf 81' lang='lat' dir='ltr'>possint,</span> <span class='ocrx_word' id='word_1_156' title='bbox 993 1405 1062 1435; x_wconf 89' lang='lat' dir='ltr'>eas</span> <span class='ocrx_word' id='word_1_157' title='bbox 1110 1392 1220 1435; x_wconf 90' lang='lat' dir='ltr'>nulla</span> <span class='ocrx_word' id='word_1_158' title='bbox 1273 1395 1410 1435; x_wconf 80' lang='lat' dir='ltr'>valent</span> <span class='ocrx_word' id='word_1_159' title='bbox 1444 1394 1727 1448; x_wconf 77' lang='lat' dir='ltr'>praescribere</span> 
     </span>
     <span class='ocr_line' id='line_1_20' title="bbox 99 1469 316 1510; baseline 0.009 -2"><span class='ocrx_word' id='word_1_160' title='bbox 99 1469 254 1509; x_wconf 85' lang='lat' dir='ltr'>ratione</span> <span class='ocrx_word' id='word_1_161' title='bbox 279 1482 316 1510; x_wconf 65' lang='lat'>³).</span> 
     </span>
    </p>

    <p class='ocr_par' dir='ltr' id='par_1_5' title="bbox 95 1535 1729 2298">
     <span class='ocr_line' id='line_1_21' title="bbox 215 1535 1724 1592; baseline -0.002 -12"><span class='ocrx_word' id='word_1_162' title='bbox 215 1537 336 1580; x_wconf 88' lang='lat' dir='ltr'>Aliud</span> <span class='ocrx_word' id='word_1_163' title='bbox 373 1539 410 1579; x_wconf 91' lang='lat' dir='ltr'>in</span> <span class='ocrx_word' id='word_1_164' title='bbox 446 1538 508 1579; x_wconf 53' lang='lat'>40</span> <span class='ocrx_word' id='word_1_165' title='bbox 545 1538 858 1592; x_wconf 68' lang='lat' dir='ltr'>praescriptioni</span> <span class='ocrx_word' id='word_1_166' title='bbox 881 1536 1128 1578; x_wconf 81' lang='lat' dir='ltr'>subducitur</span> <span class='ocrx_word' id='word_1_167' title='bbox 1150 1535 1378 1578; x_wconf 88' lang='lat' dir='ltr'>secundum</span> <span class='ocrx_word' id='word_1_168' title='bbox 1405 1535 1724 1590; x_wconf 77' lang='lat' dir='ltr'>praecedentem</span> 
     </span>
     <span class='ocr_line' id='line_1_22' title="bbox 95 1605 1725 1663; baseline -0.002 -13"><span class='ocrx_word' id='word_1_169' title='bbox 95 1621 142 1651; x_wconf 87' lang='lat' dir='ltr'>ac</span> <span class='ocrx_word' id='word_1_170' title='bbox 183 1613 364 1651; x_wconf 63' lang='lat' dir='ltr'>veterem</span> <span class='ocrx_word' id='word_1_171' title='bbox 400 1607 660 1663; x_wconf 83' lang='lat' dir='ltr'>disciplinam</span> <span class='ocrx_word' id='word_1_172' title='bbox 698 1609 734 1649; x_wconf 91' lang='lat' dir='ltr'>in</span> <span class='ocrx_word' id='word_1_173' title='bbox 770 1620 858 1663; x_wconf 85' lang='lat' dir='ltr'>cap.</span> <span class='ocrx_word' id='word_1_174' title='bbox 894 1607 912 1649; x_wconf 76' lang='lat'>4</span> <span class='ocrx_word' id='word_1_175' title='bbox 959 1606 1052 1649; x_wconf 90' lang='lat' dir='ltr'>«de</span> <span class='ocrx_word' id='word_1_176' title='bbox 1100 1605 1290 1661; x_wconf 88' lang='lat' dir='ltr'>parochis</span> <span class='ocrx_word' id='word_1_177' title='bbox 1333 1611 1371 1648; x_wconf 90' lang='lat' dir='ltr'>et</span> <span class='ocrx_word' id='word_1_178' title='bbox 1413 1605 1558 1648; x_wconf 89' lang='lat' dir='ltr'>alienis</span> <span class='ocrx_word' id='word_1_179' title='bbox 1608 1619 1725 1662; x_wconf 91' lang='lat' dir='ltr'>paro-</span> 
     </span>
     <span class='ocr_line' id='line_1_23' title="bbox 96 1676 1728 1734; baseline -0.001 -13"><span class='ocrx_word' id='word_1_180' title='bbox 96 1678 256 1721; x_wconf 80' lang='lat' dir='ltr'>chianis</span> <span class='ocrx_word' id='word_1_181' title='bbox 280 1694 298 1719; x_wconf 87' lang='grc'>))</span> <span class='ocrx_word' id='word_1_182' title='bbox 339 1678 421 1734; x_wconf 84' lang='grc' dir='ltr'>(ΙΙΙ,</span> <span class='ocrx_word' id='word_1_183' title='bbox 459 1678 529 1728; x_wconf 63' lang='grc' dir='ltr'>ἓθ)</span> <span class='ocrx_word' id='word_1_184' title='bbox 563 1677 598 1720; x_wconf 79' lang='lat' dir='ltr'>X</span> <span class='ocrx_word' id='word_1_185' title='bbox 635 1677 819 1720; x_wconf 86' lang='lat' dir='ltr'>relatam.</span> <span class='ocrx_word' id='word_1_186' title='bbox 855 1678 921 1720; x_wconf 85' lang='lat' dir='ltr'>Sic</span> <span class='ocrx_word' id='word_1_187' title='bbox 953 1676 1145 1721; x_wconf 73' lang='lat' dir='ltr'>Urbanus</span> <span class='ocrx_word' id='word_1_188' title='bbox 1179 1676 1226 1718; x_wconf 91' lang='grc' dir='ltr'>ΙΙΙ</span> <span class='ocrx_word' id='word_1_189' title='bbox 1262 1676 1510 1720; x_wconf 83' lang='lat' dir='ltr'>declararit:</span> <span class='ocrx_word' id='word_1_190' title='bbox 1551 1677 1728 1733; x_wconf 78' lang='lat' dir='ltr'>«Super</span> 
     </span>
     <span class='ocr_line' id='line_1_24' title="bbox 96 1747 1728 1805; baseline -0.001 -13"><span class='ocrx_word' id='word_1_191' title='bbox 96 1763 144 1792; x_wconf 90' lang='lat' dir='ltr'>eo</span> <span class='ocrx_word' id='word_1_192' title='bbox 181 1762 278 1792; x_wconf 69' lang='lat' dir='ltr'>vero</span> <span class='ocrx_word' id='word_1_193' title='bbox 312 1749 420 1805; x_wconf 87' lang='lat' dir='ltr'>quod</span> <span class='ocrx_word' id='word_1_194' title='bbox 457 1749 564 1804; x_wconf 90' lang='lat' dir='ltr'>apud</span> <span class='ocrx_word' id='word_1_195' title='bbox 603 1762 675 1791; x_wconf 74' lang='lat' dir='ltr'>vos</span> <span class='ocrx_word' id='word_1_196' title='bbox 709 1748 990 1791; x_wconf 85' lang='lat' dir='ltr'>intelleximus</span> <span class='ocrx_word' id='word_1_197' title='bbox 1023 1747 1270 1800; x_wconf 88' lang='lat' dir='ltr'>dubitatum,</span> <span class='ocrx_word' id='word_1_198' title='bbox 1295 1759 1344 1790; x_wconf 94' lang='lat' dir='ltr'>an</span> <span class='ocrx_word' id='word_1_199' title='bbox 1369 1747 1476 1804; x_wconf 81' lang='lat' dir='ltr'>quod</span> <span class='ocrx_word' id='word_1_200' title='bbox 1503 1747 1553 1790; x_wconf 90' lang='lat' dir='ltr'>de</span> <span class='ocrx_word' id='word_1_201' title='bbox 1577 1749 1728 1791; x_wconf 85' lang='lat' dir='ltr'>tinibus</span> 
     </span>
     <span class='ocr_line' id='line_1_25' title="bbox 97 1817 1729 1877; baseline -0.001 -14"><span class='ocrx_word' id='word_1_202' title='bbox 97 1825 133 1863; x_wconf 87' lang='lat' dir='ltr'>et</span> <span class='ocrx_word' id='word_1_203' title='bbox 171 1820 246 1870; x_wconf 75' lang='lat' dir='ltr'>his,</span> <span class='ocrx_word' id='word_1_204' title='bbox 281 1832 388 1877; x_wconf 85' lang='lat' dir='ltr'>quae</span> <span class='ocrx_word' id='word_1_205' title='bbox 415 1819 573 1862; x_wconf 82' lang='lat' dir='ltr'>tinibus</span> <span class='ocrx_word' id='word_1_206' title='bbox 606 1818 844 1876; x_wconf 82' lang='lat' dir='ltr'>cohaerent,</span> <span class='ocrx_word' id='word_1_207' title='bbox 894 1832 971 1862; x_wconf 90' lang='lat' dir='ltr'>non</span> <span class='ocrx_word' id='word_1_208' title='bbox 1025 1817 1370 1874; x_wconf 72' lang='lat' dir='ltr'>praescribendis,</span> <span class='ocrx_word' id='word_1_209' title='bbox 1421 1823 1619 1861; x_wconf 86' lang='lat' dir='ltr'>statutum</span> <span class='ocrx_word' id='word_1_210' title='bbox 1657 1832 1729 1874; x_wconf 90' lang='lat' dir='ltr'>per</span> 
     </span>
     <span class='ocr_line' id='line_1_26' title="bbox 96 1888 1729 1946; baseline -0.002 -12"><span class='ocrx_word' id='word_1_211' title='bbox 96 1902 276 1934; x_wconf 87' lang='lat' dir='ltr'>canones</span> <span class='ocrx_word' id='word_1_212' title='bbox 308 1903 397 1933; x_wconf 91' lang='lat' dir='ltr'>esse</span> <span class='ocrx_word' id='word_1_213' title='bbox 430 1890 703 1946; x_wconf 83' lang='lat' dir='ltr'>dignoscitur,</span> <span class='ocrx_word' id='word_1_214' title='bbox 735 1892 787 1932; x_wconf 88' lang='lat' dir='ltr'>sit</span> <span class='ocrx_word' id='word_1_215' title='bbox 821 1891 859 1932; x_wconf 91' lang='lat' dir='ltr'>in</span> <span class='ocrx_word' id='word_1_216' title='bbox 897 1889 1186 1946; x_wconf 85' lang='lat' dir='ltr'>parochiarum</span> <span class='ocrx_word' id='word_1_217' title='bbox 1224 1888 1425 1932; x_wconf 87' lang='lat' dir='ltr'>limitibus</span> <span class='ocrx_word' id='word_1_218' title='bbox 1447 1891 1550 1932; x_wconf 88' lang='lat' dir='ltr'>sicut</span> <span class='ocrx_word' id='word_1_219' title='bbox 1576 1891 1613 1931; x_wconf 93' lang='lat' dir='ltr'>in</span> <span class='ocrx_word' id='word_1_220' title='bbox 1642 1903 1729 1945; x_wconf 93' lang='lat' dir='ltr'>pro-</span> 
     </span>
     <span class='ocr_line' id='line_1_27' title="bbox 102 1959 1728 2017; baseline 0.001 -16"><span class='ocrx_word' id='word_1_221' title='bbox 102 1960 348 2004; x_wconf 79' lang='lat' dir='ltr'>vincialibus</span> <span class='ocrx_word' id='word_1_222' title='bbox 380 1961 707 2005; x_wconf 87' lang='lat' dir='ltr'>admittendum:</span> <span class='ocrx_word' id='word_1_223' title='bbox 742 1960 1070 2016; x_wconf 85' lang='lat' dir='ltr'>Respondemus,</span> <span class='ocrx_word' id='word_1_224' title='bbox 1106 1960 1214 2017; x_wconf 83' lang='lat' dir='ltr'>quod</span> <span class='ocrx_word' id='word_1_225' title='bbox 1242 1959 1344 2003; x_wconf 92' lang='lat' dir='ltr'>bene</span> <span class='ocrx_word' id='word_1_226' title='bbox 1370 1959 1534 2002; x_wconf 80' lang='lat' dir='ltr'>videtur</span> <span class='ocrx_word' id='word_1_227' title='bbox 1557 1962 1594 2002; x_wconf 93' lang='lat' dir='ltr'>in</span> <span class='ocrx_word' id='word_1_228' title='bbox 1622 1965 1728 2003; x_wconf 91' lang='lat' dir='ltr'>utro·</span> 
     </span>
     <span class='ocr_line' id='line_1_28' title="bbox 98 2030 1725 2087; baseline 0.001 -16"><span class='ocrx_word' id='word_1_229' title='bbox 98 2044 178 2087; x_wconf 79' lang='lat' dir='ltr'>que</span> <span class='ocrx_word' id='word_1_230' title='bbox 210 2031 478 2085; x_wconf 82' lang='lat' dir='ltr'>servandum,</span> <span class='ocrx_word' id='word_1_231' title='bbox 512 2033 543 2074; x_wconf 90' lang='lat' dir='ltr'>si</span> <span class='ocrx_word' id='word_1_232' title='bbox 580 2032 682 2074; x_wconf 83' lang='lat' dir='ltr'>lines</span> <span class='ocrx_word' id='word_1_233' title='bbox 717 2031 898 2087; x_wconf 81' lang='lat' dir='ltr'>legitima</span> <span class='ocrx_word' id='word_1_234' title='bbox 950 2030 1203 2087; x_wconf 88' lang='lat' dir='ltr'>probatione.</span> <span class='ocrx_word' id='word_1_235' title='bbox 1253 2030 1317 2073; x_wconf 84' lang='lat' dir='ltr'>vel</span> <span class='ocrx_word' id='word_1_236' title='bbox 1360 2030 1460 2073; x_wconf 85' lang='lat' dir='ltr'>alias</span> <span class='ocrx_word' id='word_1_237' title='bbox 1497 2030 1725 2074; x_wconf 89' lang='lat' dir='ltr'>indubitata</span> 
     </span>
     <span class='ocr_line' id='line_1_29' title="bbox 99 2099 1727 2159; baseline 0 -15"><span class='ocrx_word' id='word_1_238' title='bbox 99 2102 181 2145; x_wconf 88' lang='lat' dir='ltr'>tide</span> <span class='ocrx_word' id='word_1_239' title='bbox 225 2099 456 2145; x_wconf 87' lang='lat' dir='ltr'>constiterit</span> <span class='ocrx_word' id='word_1_240' title='bbox 503 2101 782 2145; x_wconf 85' lang='lat' dir='ltr'>ecclesiastica</span> <span class='ocrx_word' id='word_1_241' title='bbox 833 2102 1092 2146; x_wconf 89' lang='lat' dir='ltr'>ordinatione</span> <span class='ocrx_word' id='word_1_242' title='bbox 1139 2106 1373 2144; x_wconf 84' lang='lat' dir='ltr'>statutos».</span> <span class='ocrx_word' id='word_1_243' title='bbox 1424 2101 1511 2145; x_wconf 88' lang='lat' dir='ltr'>Hoc</span> <span class='ocrx_word' id='word_1_244' title='bbox 1555 2104 1727 2159; x_wconf 80' lang='lat' dir='ltr'>requirit</span> 
     </span>
     <span class='ocr_line' id='line_1_30' title="bbox 101 2172 1727 2230; baseline 0 -15"><span class='ocrx_word' id='word_1_245' title='bbox 101 2172 377 2230; x_wconf 82' lang='lat' dir='ltr'>tranquillitas</span> <span class='ocrx_word' id='word_1_246' title='bbox 410 2172 461 2216; x_wconf 89' lang='lat' dir='ltr'>ab</span> <span class='ocrx_word' id='word_1_247' title='bbox 493 2172 762 2216; x_wconf 86' lang='lat' dir='ltr'>ecclesiastici</span> <span class='ocrx_word' id='word_1_248' title='bbox 812 2175 1008 2216; x_wconf 88' lang='lat' dir='ltr'>territorii</span> <span class='ocrx_word' id='word_1_249' title='bbox 1059 2173 1264 2215; x_wconf 70' lang='lat' dir='ltr'>divisione</span> <span class='ocrx_word' id='word_1_250' title='bbox 1309 2174 1571 2229; x_wconf 72' lang='lat' dir='ltr'>proveniens,</span> <span class='ocrx_word' id='word_1_251' title='bbox 1605 2177 1727 2230; x_wconf 88' lang='lat' dir='ltr'>atque</span> 
     </span>
     <span class='ocr_line' id='line_1_31' title="bbox 104 2242 1726 2298; baseline 0 -12"><span class='ocrx_word' id='word_1_252' title='bbox 104 2245 205 2286; x_wconf 89' lang='lat' dir='ltr'>ratio</span> <span class='ocrx_word' id='word_1_253' title='bbox 238 2247 368 2286; x_wconf 88' lang='lat' dir='ltr'>cessat</span> <span class='ocrx_word' id='word_1_254' title='bbox 405 2242 513 2285; x_wconf 92' lang='lat' dir='ltr'>illius</span> <span class='ocrx_word' id='word_1_255' title='bbox 547 2245 719 2286; x_wconf 87' lang='lat' dir='ltr'>instituti</span> <span class='ocrx_word' id='word_1_256' title='bbox 756 2242 912 2298; x_wconf 81' lang='lat' dir='ltr'>legalis,</span> <span class='ocrx_word' id='word_1_257' title='bbox 948 2256 1119 2298; x_wconf 89' lang='lat' dir='ltr'>nempe:</span> <span class='ocrx_word' id='word_1_258' title='bbox 1160 2245 1365 2285; x_wconf 85' lang='lat' dir='ltr'>certitudo</span> <span class='ocrx_word' id='word_1_259' title='bbox 1390 2245 1517 2298; x_wconf 91' lang='lat' dir='ltr'>ipsius</span> <span class='ocrx_word' id='word_1_260' title='bbox 1540 2243 1726 2287; x_wconf 91' lang='lat' dir='ltr'>dominii.</span> 
     </span>
    </p>
   </div>
   <div class='ocr_carea' id='block_1_4' title="bbox 102 2311 1792 2368">
    <p class='ocr_par' dir='ltr' id='par_1_6' title="bbox 102 2311 1792 2368">
     <span class='ocr_line' id='line_1_32' title="bbox 102 2311 1792 2368; baseline -0.001 -12"><span class='ocrx_word' id='word_1_261' title='bbox 102 2313 348 2368; x_wconf 86' lang='lat' dir='ltr'>Propterea:</span> <span class='ocrx_word' id='word_1_262' title='bbox 385 2311 509 2355; x_wconf 75' lang='lat' dir='ltr'>Fines</span> <span class='ocrx_word' id='word_1_263' title='bbox 547 2313 652 2356; x_wconf 76' lang='lat' dir='ltr'>certi</span> <span class='ocrx_word' id='word_1_264' title='bbox 684 2327 755 2356; x_wconf 88' lang='lat' dir='ltr'>seu</span> <span class='ocrx_word' id='word_1_265' title='bbox 791 2314 942 2357; x_wconf 91' lang='lat' dir='ltr'>limites</span> <span class='ocrx_word' id='word_1_266' title='bbox 967 2316 1160 2357; x_wconf 89' lang='lat' dir='ltr'>territorii</span> <span class='ocrx_word' id='word_1_267' title='bbox 1188 2313 1292 2356; x_wconf 91' lang='lat' dir='ltr'>bene</span> <span class='ocrx_word' id='word_1_268' title='bbox 1315 2313 1577 2356; x_wconf 87' lang='lat' dir='ltr'>determinati</span> <span class='ocrx_word' id='word_1_269' title='bbox 1602 2319 1640 2355; x_wconf 79' lang='lat' dir='ltr'>el</span> <span class='ocrx_word' id='word_1_270' title='bbox 1665 2313 1724 2355; x_wconf 78' lang='grc' dir='ltr'>ιἠ-</span> <span class='ocrx_word' id='word_1_271' title='bbox 1789 2311 1792 2313; x_wconf 65' lang='grc'><strong><em>’</em></strong></span> 
     </span>
    </p>
   </div>
   <div class='ocr_carea' id='block_1_5' title="bbox 99 2382 1730 2935">
    <p class='ocr_par' dir='ltr' id='par_1_7' title="bbox 99 2382 1730 2935">
     <span class='ocr_line' id='line_1_33' title="bbox 99 2382 1726 2443; baseline 0.001 -18"><span class='ocrx_word' id='word_1_272' title='bbox 99 2382 215 2426; x_wconf 72' lang='lat' dir='ltr'>dubii</span> <span class='ocrx_word' id='word_1_273' title='bbox 247 2384 380 2441; x_wconf 84' lang='lat' dir='ltr'>quoad</span> <span class='ocrx_word' id='word_1_274' title='bbox 419 2386 707 2441; x_wconf 84' lang='lat' dir='ltr'>pertinentiam</span> <span class='ocrx_word' id='word_1_275' title='bbox 752 2385 794 2441; x_wconf 90' lang='lat' dir='ltr'>a)</span> <span class='ocrx_word' id='word_1_276' title='bbox 829 2385 1149 2443; x_wconf 55' lang='lat' dir='ltr'>prouinciarum</span> <span class='ocrx_word' id='word_1_277' title='bbox 1187 2383 1584 2436; x_wconf 70' lang='lat' dir='ltr'>ecclesiasti&#39;eaiwn,</span> <span class='ocrx_word' id='word_1_278' title='bbox 1621 2396 1726 2441; x_wconf 81' lang='lat' dir='ltr'>quae</span> 
     </span>
     <span class='ocr_line' id='line_1_34' title="bbox 99 2446 1725 2512; baseline -0.001 -15"><span class='ocrx_word' id='word_1_279' title='bbox 99 2454 388 2512; x_wconf 81' lang='lat' dir='ltr'>subsequentis</span> <span class='ocrx_word' id='word_1_280' title='bbox 406 2455 623 2498; x_wconf 85' lang='lat' dir='ltr'>divisionis</span> <span class='ocrx_word' id='word_1_281' title='bbox 642 2455 828 2511; x_wconf 91' lang='lat' dir='ltr'>partibus</span> <span class='ocrx_word' id='word_1_282' title='bbox 846 2461 1049 2510; x_wconf 89' lang='lat' dir='ltr'>constant,</span> <span class='ocrx_word' id='word_1_283' title='bbox 1067 2460 1105 2498; x_wconf 93' lang='lat' dir='ltr'>et</span> <span class='ocrx_word' id='word_1_284' title='bbox 1125 2446 1204 2512; x_wconf 79' lang='lat' dir='ltr'>qua</span> <span class='ocrx_word' id='word_1_285' title='bbox 1225 2455 1382 2508; x_wconf 87' lang='lat' dir='ltr'>talium,</span> <span class='ocrx_word' id='word_1_286' title='bbox 1405 2454 1444 2507; x_wconf 84' lang='lat' dir='ltr'>bJ</span> <span class='ocrx_word' id='word_1_287' title='bbox 1461 2453 1725 2508; x_wconf 71' lang='lat' dir='ltr'>dioec-esiam,</span> 
     </span>
     <span class='ocr_line' id='line_1_35' title="bbox 102 2524 1727 2582; baseline 0 -15"><span class='ocrx_word' id='word_1_288' title='bbox 102 2524 253 2582; x_wconf 77' lang='lat' dir='ltr'>quibus</span> <span class='ocrx_word' id='word_1_289' title='bbox 285 2525 476 2582; x_wconf 89' lang='lat' dir='ltr'>Episcopi</span> <span class='ocrx_word' id='word_1_290' title='bbox 512 2530 720 2582; x_wconf 84' lang='lat' dir='ltr'>praesunt,</span> <span class='ocrx_word' id='word_1_291' title='bbox 741 2531 781 2569; x_wconf 87' lang='lat' dir='ltr'>et</span> <span class='ocrx_word' id='word_1_292' title='bbox 803 2539 898 2570; x_wconf 86' lang='lat' dir='ltr'>eum</span> <span class='ocrx_word' id='word_1_293' title='bbox 938 2542 958 2566; x_wconf 73' lang='lat' dir='ltr'>(c</span> <span class='ocrx_word' id='word_1_294' title='bbox 983 2528 1234 2569; x_wconf 88' lang='lat' dir='ltr'>territorium</span> <span class='ocrx_word' id='word_1_295' title='bbox 1281 2524 1503 2568; x_wconf 90' lang='lat' dir='ltr'>cuiuslibet</span> <span class='ocrx_word' id='word_1_296' title='bbox 1526 2525 1727 2568; x_wconf 85' lang='lat' dir='ltr'>dioecesis</span> 
     </span>
     <span class='ocr_line' id='line_1_36' title="bbox 101 2595 1729 2653; baseline -0.001 -14"><span class='ocrx_word' id='word_1_297' title='bbox 101 2596 315 2639; x_wconf 66' lang='lat' dir='ltr'>dividatur</span> <span class='ocrx_word' id='word_1_298' title='bbox 338 2598 376 2639; x_wconf 92' lang='lat' dir='ltr'>in</span> <span class='ocrx_word' id='word_1_299' title='bbox 401 2596 616 2639; x_wconf 88' lang='lat' dir='ltr'>distinctas</span> <span class='ocrx_word' id='word_1_300' title='bbox 640 2601 778 2652; x_wconf 90' lang='lat' dir='ltr'>partes</span> <span class='ocrx_word' id='word_1_301' title='bbox 801 2597 1072 2640; x_wconf 86' lang='lat' dir='ltr'>territoriales</span> <span class='ocrx_word' id='word_1_302' title='bbox 1096 2613 1115 2637; x_wconf 66' lang='lat'>³&gt;</span> <span class='ocrx_word' id='word_1_303' title='bbox 1155 2597 1262 2653; x_wconf 89' lang='lat' dir='ltr'>(can.</span> <span class='ocrx_word' id='word_1_304' title='bbox 1290 2596 1431 2649; x_wconf 57' lang='lat' dir='ltr'>2)th</span> <span class='ocrx_word' id='word_1_305' title='bbox 1459 2595 1512 2652; x_wconf 90' lang='lat' dir='ltr'>l),</span> <span class='ocrx_word' id='word_1_306' title='bbox 1537 2595 1729 2638; x_wconf 85' lang='lat' dir='ltr'>subditur</span> 
     </span>
     <span class='ocr_line' id='line_1_37' title="bbox 101 2665 1727 2724; baseline -0.001 -16"><span class='ocrx_word' id='word_1_307' title='bbox 101 2668 235 2709; x_wconf 86' lang='lat' dir='ltr'>statim</span> <span class='ocrx_word' id='word_1_308' title='bbox 271 2665 311 2723; x_wconf 86' lang='lat' dir='ltr'>c)</span> <span class='ocrx_word' id='word_1_309' title='bbox 341 2666 653 2723; x_wconf 78' lang='lat' dir='ltr'>paroeciarum,</span> <span class='ocrx_word' id='word_1_310' title='bbox 688 2672 727 2711; x_wconf 89' lang='lat' dir='ltr'>et</span> <span class='ocrx_word' id='word_1_311' title='bbox 761 2669 857 2724; x_wconf 85' lang='lat' dir='ltr'>quia</span> <span class='ocrx_word' id='word_1_312' title='bbox 893 2667 961 2711; x_wconf 90' lang='lat' dir='ltr'>ubi</span> <span class='ocrx_word' id='word_1_313' title='bbox 997 2673 1055 2710; x_wconf 90' lang='lat' dir='ltr'>est</span> <span class='ocrx_word' id='word_1_314' title='bbox 1090 2667 1232 2710; x_wconf 87' lang='lat' dir='ltr'>eadem</span> <span class='ocrx_word' id='word_1_315' title='bbox 1271 2669 1388 2717; x_wconf 83' lang='lat' dir='ltr'>ratio,</span> <span class='ocrx_word' id='word_1_316' title='bbox 1414 2665 1466 2709; x_wconf 91' lang='lat' dir='ltr'>ibi</span> <span class='ocrx_word' id='word_1_317' title='bbox 1493 2665 1615 2708; x_wconf 85' lang='lat' dir='ltr'>dehet</span> <span class='ocrx_word' id='word_1_318' title='bbox 1639 2678 1727 2708; x_wconf 88' lang='lat' dir='ltr'>esse</span> 
     </span>
     <span class='ocr_line' id='line_1_38' title="bbox 100 2736 1729 2796; baseline -0.001 -17"><span class='ocrx_word' id='word_1_319' title='bbox 100 2737 285 2780; x_wconf 84' lang='lat' dir='ltr'>eiusdem</span> <span class='ocrx_word' id='word_1_320' title='bbox 323 2736 424 2793; x_wconf 82' lang='lat' dir='ltr'>legis</span> <span class='ocrx_word' id='word_1_321' title='bbox 457 2737 682 2794; x_wconf 82' lang='lat' dir='ltr'>dispositio,</span> <span class='ocrx_word' id='word_1_322' title='bbox 709 2738 964 2794; x_wconf 85' lang='lat' dir='ltr'>intelligatur</span> <span class='ocrx_word' id='word_1_323' title='bbox 981 2751 1147 2796; x_wconf 87' lang='lat' dir='ltr'>quoque</span> <span class='ocrx_word' id='word_1_324' title='bbox 1166 2750 1296 2790; x_wconf 82' lang='lat' dir='ltr'>canon</span> <span class='ocrx_word' id='word_1_325' title='bbox 1317 2737 1367 2779; x_wconf 88' lang='lat' dir='ltr'>de</span> <span class='ocrx_word' id='word_1_326' title='bbox 1386 2738 1729 2793; x_wconf 80' lang='lat' dir='ltr'>quasi—paroeciis</span> 
     </span>
     <span class='ocr_line' id='line_1_39' title="bbox 99 2806 1726 2865; baseline -0.002 -15"><span class='ocrx_word' id='word_1_327' title='bbox 99 2806 166 2851; x_wconf 89' lang='lat' dir='ltr'>hic</span> <span class='ocrx_word' id='word_1_328' title='bbox 200 2809 375 2862; x_wconf 90' lang='lat' dir='ltr'>omissis,</span> <span class='ocrx_word' id='word_1_329' title='bbox 409 2810 505 2865; x_wconf 86' lang='lat' dir='ltr'>quia</span> <span class='ocrx_word' id='word_1_330' title='bbox 540 2810 843 2864; x_wconf 89' lang='lat' dir='ltr'>praescriptum</span> <span class='ocrx_word' id='word_1_331' title='bbox 876 2813 936 2852; x_wconf 88' lang='lat' dir='ltr'>est</span> <span class='ocrx_word' id='word_1_332' title='bbox 971 2811 1009 2851; x_wconf 95' lang='lat' dir='ltr'>in</span> <span class='ocrx_word' id='word_1_333' title='bbox 1044 2820 1132 2851; x_wconf 87' lang='lat' dir='ltr'>can.</span> <span class='ocrx_word' id='word_1_334' title='bbox 1170 2807 1268 2861; x_wconf 69' lang='lat'>216,</span> <span class='ocrx_word' id='word_1_335' title='bbox 1301 2810 1326 2860; x_wconf 61' lang='lat' dir='ltr'>g</span> <span class='ocrx_word' id='word_1_336' title='bbox 1360 2807 1406 2848; x_wconf 62' lang='lat'>⁶2:</span> <span class='ocrx_word' id='word_1_337' title='bbox 1436 2821 1457 2847; x_wconf 82' lang='lat'>‹(</span> <span class='ocrx_word' id='word_1_338' title='bbox 1482 2806 1571 2849; x_wconf 88' lang='lat' dir='ltr'>Pari</span> <span class='ocrx_word' id='word_1_339' title='bbox 1593 2806 1726 2859; x_wconf 91' lang='lat' dir='ltr'>modo,</span> 
     </span>
     <span class='ocr_line' id='line_1_40' title="bbox 100 2876 1730 2935; baseline -0.002 -14"><span class='ocrx_word' id='word_1_340' title='bbox 100 2877 169 2921; x_wconf 89' lang='lat' dir='ltr'>ubi</span> <span class='ocrx_word' id='word_1_341' title='bbox 204 2877 424 2921; x_wconf 87' lang='lat' dir='ltr'>commode</span> <span class='ocrx_word' id='word_1_342' title='bbox 457 2878 544 2920; x_wconf 86' lang='lat' dir='ltr'>tieri</span> <span class='ocrx_word' id='word_1_343' title='bbox 583 2880 720 2934; x_wconf 91' lang='lat' dir='ltr'>possit,</span> <span class='ocrx_word' id='word_1_344' title='bbox 757 2878 1042 2922; x_wconf 83' lang='lat' dir='ltr'>dividantur»</span> <span class='ocrx_word' id='word_1_345' title='bbox 1081 2880 1150 2935; x_wconf 83' lang='lat' dir='ltr'>qui</span> <span class='ocrx_word' id='word_1_346' title='bbox 1183 2879 1319 2920; x_wconf 87' lang='lat' dir='ltr'>statim</span> <span class='ocrx_word' id='word_1_347' title='bbox 1359 2876 1569 2920; x_wconf 87' lang='lat' dir='ltr'>adduntur</span> <span class='ocrx_word' id='word_1_348' title='bbox 1603 2878 1640 2918; x_wconf 92' lang='lat' dir='ltr'>in</span> <span class='ocrx_word' id='word_1_349' title='bbox 1666 2888 1730 2919; x_wconf 86' lang='lat' dir='ltr'>ca·</span> 
     </span>
    </p>
   </div>
  </div>
 </body>
</html>
