1965 3240
591 185 674 220 ΤΙῬ.
704 185 815 219 XXI.
847 205 857 210 -
887 185 941 220 De
967 188 1202 222 Seminariis·
1641 193 1708 227 :307

85 302 604 361 Decessoribus·unquam
648 303 917 360 comprobata
962 309 1021 347 est
1065 306 1344 361 singularibus
1386 322 1477 351 cnm
1520 309 1709 353 laudibus

82 379 205 432 atque
238 376 291 417 ita
326 376 466 428 etiam,
501 379 542 417 nt
575 375 625 417 ad
662 374 804 417 laudes
836 376 973 417 suasio
1018 377 1225 433 iussioqne
1269 378 1491 421 adderetur
1514 382 1601 422 eius
1623 380 1709 423 vul-

80 445 241 502 gandae
274 449 313 488 et
346 445 647 500 defendendae,
682 445 800 489 lacile
835 445 1082 501 intelligitur
1116 452 1283 490 eatenus
1317 450 1595 505 comprobata,
1630 465 1709 508 qna

80 529 174 560 cum
209 517 421 572 principiis
470 516 687 573 Aquinatis
735 516 978 559 cohaereret
1027 522 1095 559 aut
1142 519 1189 559 iis
1234 517 1551 576 haudquaquam
1590 536 1710 577 repu-

83 591 229 643 gnaret
253 602 289 630 τ).

53 657 57 660 ⁴
204 657 216 679 ¹
246 673 268 698 «
290 655 556 715 Consequens
590 663 665 711 est,
704 671 784 701 non
826 657 928 702 bene
961 670 1104 702 sacrae
1139 661 1341 703 iuventuti
1376 662 1602 707 consulere.
1643 666 1710 720 qni

85 741 249 771 omnem
285 728 336 771 de
370 727 577 785 theologia
614 731 926 785 institutionem,
961 728 1207 773 scholastica
1249 733 1404 773 ratione
1438 732 1638 787 neglecta,
1662 734 1709 775 ad

82 798 309 856 positivam
344 798 595 853 methodum,
630 805 670 843 ut
705 800 871 854 (licitur,
906 800 1153 855 exigendam
1191 806 1360 856 putent,
1397 802 1605 860 multoque
1641 806 1714 846 mi-

87 883 162 914 nus
205 883 275 913 eos
314 870 452 914 officio
494 884 567 913 suo
609 872 861 925 satisfacere,
901 873 970 928 qui
1020 870 1142 914 huius
1185 872 1397 915 doctrinae
1433 876 1712 929 magisterium

87 953 165 984 non
200 940 320 984 aliter
353 946 590 995 exerceant,
625 944 701 984 nisi
735 941 921 985 ordinem
956 944 1191 999 seriemque
1215 943 1455 998 dogmatum
1479 949 1601 1001 atque
1626 944 1716 988 hae-

88 1024 224 1055 resum
259 1011 391 1055 doctis
438 1011 798 1069 disquisitionibus
847 1013 1127 1070 exsequendo.
1172 1012 1241 1056 llla
1276 1016 1385 1056 enim
1430 1017 1602 1070 positiva
1638 1029 1717 1058 me-

88 1082 237 1126 thodus
271 1085 505 1126 necessario
539 1083 707 1140 quidem
742 1082 1014 1127 scholasticae
1047 1083 1312 1140 adiungenda
1338 1089 1410 1128 est.
1434 1085 1504 1128 sed
1528 1085 1611 1128 sola
1637 1099 1714 1128 non

86 1152 268 1207 sufficit3
302 1166 398 1197 cum
432 1153 536 1197 bene
570 1156 804 1210 comparari
838 1158 999 1197 nostros
1040 1159 1225 1210 oporteat
1260 1154 1309 1197 ad
1353 1154 1461 1198 Fidei
1502 1158 1715 1198 veritatem

88 1237 166 1267 non
203 1223 324 1267 modo
358 1225 705 1279 convincendam,
741 1224 811 1268 sed
847 1224 1133 1268 illustrandam
1169 1227 1291 1268 etiam
1313 1238 1359 1269 ac
1384 1226 1716 1283 defendendam3

89 1293 199 1338 Fidei
239 1298 377 1337 autem
417 1294 612 1351 dogmata
660 1297 973 1352 contrariosque
1017 1308 1180 1338 errores
1225 1309 1273 1338 ex
1310 1296 1452 1339 ordine
1487 1301 1716 1352 temporum

89 1377 319 1420 recensere,
355 1364 661 1410 ecclesiasticae
695 1366 861 1423 quidem
888 1365 1083 1409 historiae
1109 1370 1182 1420 est,
1209 1380 1285 1409 non
1308 1380 1405 1409 vero
1426 1380 1573 1409 munus
1596 1366 1719 1410 'l'heo—

90 1435 223 1491 logiae
246 1451 286 1476 ».

207 1505 255 1550 Ut
287 1505 550 1549 alumnorum
573 1508 816 1550 institutioni
852 1507 1002 1550 melius
1037 1509 1325 1563 prospiciatur,
1361 1509 1489 1564 inquit
1523 1507 1614 1566 ξπ.
1643 1508 1718 1551 Γη-

89 1576 283 1633 rendunt,
327 1579 423 1635 quia
468 1577 519 1620 de
563 1579 710 1634 potiori
757 1578 906 1632 medio,
942 1583 985 1620 ut
1019 1577 1169 1620 sallem
1201 1577 1242 1634 a>
1277 1592 1424 1620 sacrae
1457 1578 1716 1636 Scriplurae,

90 1661 162 1705 pro
193 1647 464 1705 sequentibus
498 1648 768 1701 fundamenti,
803 1662 850 1692 ac
886 1651 1132 1705 praecipuae
1165 1649 1376 1692 doetrinae
1411 1648 1452 1704 b)
1487 1648 1720 1705 llteeloqz'ae

89 1718 364 1777 doymatieae,
409 1721 542 1775 magis
586 1722 844 1763 necessariae
889 1733 961 1776 pro
1004 1732 1122 1763 sacro
1163 1721 1390 1762 ministerio
1415 1725 1452 1774 c)
1488 1708 1719 1775 tlteel'oqiae

92 1789 266 1833 moralis
299 1791 341 1846 (l)
372 1796 412 1833 et
444 1789 650 1834 historiae
681 1790 1004 1845 ecclesiastieae,
1038 1793 1134 1848 quia
1171 1793 1365 1847 magistra
1394 1793 1500 1834 vitae
1524 1791 1574 1834 ob
1598 1805 1720 1847 expe-

93 1863 298 1916 rientiam,
334 1860 505 1904 tolidem
538 1875 610 1904 seu
645 1866 823 1919 quatuor
847 1860 1082 1904 habeantur
1104 1860 1298 1904 distincti
1320 1862 1367 1903 ad
1394 1861 1576 1917 singulas
1599 1862 1718 1905 ‹lisci-

94 1931 224 1988 plinas
260 1932 470 1989 nzaqislri,
504 1935 623 1989 queis
656 1932 733 1976 alia
769 1946 816 1975 ex
842 1933 1101 1976 secundariis
1124 1932 1308 1975 docenda
1334 1935 1533 1975 committi
1559 1935 1719 1989 poterit.

209 2003 308 2047 0249.
330 2005 578 2049 Exercitia
596 2005 812 2060 pietatis.
830 2002 951 2047 Conc.
973 2002 1083 2047 Trid.
1104 2003 1291 2046 decrevit
1311 2002 1405 2059 (loc.
1426 2003 1534 2059 cit.):
1560 2002 1719 2046 «Curet

92 2072 334 2130 Episcopus,
370 2078 413 2116 ut
445 2073 621 2130 singulis
654 2073 801 2117 diebus
833 2076 983 2117 missae
1014 2075 1219 2117 sacriticio
1254 2075 1462 2121 intersint;
1495 2086 1542 2116 ac
1574 2073 1717 2116 saltem

93 2143 267 2200 singulis
301 2143 512 2187 mensibus
555 2145 832 2188 confiteantur
877 2149 1069 2201 peccata,
1105 2148 1142 2187 et
1178 2146 1288 2186 iuxta
1333 2145 1576 2187 contessoris
1617 2145 1719 2186 indi-

95 2216 203 2257 cium
238 2218 403 2257 sumant
436 2228 588 2271 corpus
622 2214 785 2257 Domini
820 2215 958 2258 Nostri
996 2215 1086 2258 lesu
1107 2214 1283 2265 Christi,
1308 2214 1549 2265 cathedrali,
1573 2219 1609 2257 et
1633 2215 1722 2257 aliis

97 2284 172 2328 loci
197 2284 385 2328 ecclesiis
408 2284 555 2329 diebus
578 2287 691 2329 sestis
715 2288 941 2329 inserviant
967 2302 1004 2329 )).
1039 2286 1211 2329 Servata
1237 2287 1361 2341 igitur
1385 2290 1520 2328 mente
1544 2284 1720 2334 Decreti,

95 2355 163 2398 sed
201 2355 362 2411 plenius
395 2368 442 2399 ac
476 2361 755 2412 congruenter
791 2357 984 2400 inductae
1019 2359 1136 2413 praxi
1172 2356 1278 2412 apud
1316 2358 1425 2411 pium
1462 2355 1654 2411 populum
1683 2357 1722 2397 ti-

95 2425 244 2471 delem,
281 2426 463 2484 loquitur
496 2441 586 2469 ean.
623 2428 755 2470 1367.
805 2426 960 2471 Carent
1003 2426 1216 2484 Episcopi,
1258 2440 1432 2483 quornm
1469 2431 1527 2469 est
1561 2428 1618 2469 sic
1652 2426 1719 2468 de-

95 2510 266 2540 cernere
299 2509 346 2540 ac
381 2496 546 2541 fidelem
581 2497 889 2541 observantiam
917 2511 1066 2553 urgere
1085 2497 1133 2541 ad
1161 2510 1345 2539 normam
1371 2510 1461 2539 can.
1490 2496 1610 2539 1:357.
1636 2502 1657 2549 ᾗ
1688 2497 1720 2547 l,

98 2569 331 2623 respective
369 2583 389 2608 «
413 2567 596 2611 Abbates
631 2568 693 2612 vel
732 2568 906 2612 Praelati
944 2568 1139 2611 nullius»
1180 2567 1287 2624 (can.
1324 2567 1405 2609 2135
1430 2568 1455 2623 ς’
1481 2567 1535 2622 ¹2).
1575 2566 1719 2609 Vtcarii

96 2643 135 2682 et
169 2638 364 2681 Prael'ecti
400 2638 626 2694 Apostolici
661 2639 709 2682 ad
747 2652 933 2683 normam
970 2652 1060 2682 can.
1095 2638 1194 2693 3033,
1230 2637 1452 2680 ulularunt
1476 2637 1722 2686 Senn'narii,

98 2711 320 2766 praecipue
355 2711 460 2752 intra
495 2708 595 2752 illud
621 2709 844 2766 degentes:
877 2735 934 2741 —
968 2709 1009 2752 1⁰
1045 2708 1234 2765 Siassule's
1272 2707 1414 2749 ‹tielms
1451 2708 1722 2749 malmantile]-

97 2779 139 2836 a)
173 2779 406 2822 nzatectz'nas
438 2784 477 2821 et
511 2779 722 2822 serotinas
750 2794 898 2838 preces
930 2780 1120 2830 recitent,
1148 2783 1267 2835 prout
1291 2784 1347 2821 est
1375 2781 1410 2820 in
1438 2792 1563 2822 more,
1589 2777 1630 2834 b)
1647 2791 1723 2835 per

219 2932 228 2953 ¹
255 2930 437 2976 Epistola
463 2931 529 2966 cit.
561 2931 623 2966 Pii
651 2931 727 2965 ΡΡ.
757 2931 826 2966 XI.
856 2931 933 2967 CO.
963 2932 1070 2970 XIV,
1101 2932 1184 2965 455.
