1965 3240
0 2876 12 2925 'i

681 124 764 159 ΤΙΤ.
791 124 860 159 IX.
889 144 899 150 -
928 125 983 159 De
1010 126 1176 161 ecclesiis·
1698 128 1743 163 39

117 245 209 287 sinis
246 259 266 284 c<
290 247 332 287 ut
366 242 557 287 omnibus
588 242 935 287 Cliristitidelibus
970 247 1058 287 usui
1098 248 1146 288 sit
1181 246 1228 288 ad
1256 247 1442 290 divinum
1479 247 1634 291 cultum
1672 262 1743 305 pu-

118 314 222 358 blice
269 315 594 357 exercendum»
646 314 754 370 (can.
804 314 947 371 1161),
988 319 1026 357 et
1070 315 1236 359 aliunde
1285 318 1510 361 «studiosa
1558 318 1746 362 voluntas

116 385 281 429 emendi
319 384 381 428 vel
418 385 624 428 vendendi
660 399 732 441 pro
758 388 888 442 pretio
922 386 1138 442 temporali
1165 401 1250 430 rem
1278 388 1546 443 temporalem
1584 392 1640 433 rei
1665 392 1746 446 spi-

118 455 254 500 rituali
289 456 492 499 adnexam
529 458 578 499 sit
612 458 786 499 simonia
823 458 923 499 iuris
957 457 1132 500 divini»
1171 463 1279 509 (can.
1316 459 1413 505 727,
1449 460 1555 515 ,8,1),
1583 466 1749 517 propter

119 527 239 571 huius
273 527 501 583 periculum
536 532 596 570 est
629 527 820 570 conditus
864 541 953 570 can.
1001 531 1120 572 1181.
1168 528 1386 584 lueremus
1425 530 1466 572 rin
1500 530 1746 582 Ecclesiam,

119 612 195 642 non
231 600 414 654 praecise
447 598 568 641 sedes
602 600 639 641 in
665 611 725 653 ea,
761 598 824 642 vel
860 598 974 642 locus
997 598 1073 642 sibi
1109 605 1358 650 reservatus,
1385 614 1459 643 nec
1486 601 1550 644 ille
1575 616 1623 644 ex
1650 615 1748 659 qua-

120 669 217 713 libet
250 671 478 713 intentione
514 683 550 714 v.
586 683 647 726 gr.
681 670 732 713 ad
768 670 1029 713 invisendam
1075 673 1166 714 eius
1210 677 1493 726 monumenta,
1526 673 1575 715 ad
1611 687 1652 715 se
1689 686 1748 716 re-

119 741 346 798 parandum
381 754 401 784 a
437 754 701 798 quocumque
724 741 891 795 damno,
924 742 994 785 sed
1031 741 1086 784 ad
1118 756 1262 785 saeros
1298 743 1406 785 ritus
1442 744 1750 800 participandos

117 812 263 856 saltem
301 812 443 855 morali
478 814 724 867 assistentia,
755 813 811 855 sit
844 812 1012 856 enuntio
1043 814 1277 869 *qralm'lus
1313 814 1571 872 quantalibet
1600 817 1750 871 exigua

119 882 321 926 solutione
355 883 538 938 exclusa,
572 883 797 941 reprobata
831 883 1015 941 qualibet
1039 885 1258 927 contraria
1279 884 1610 939 consuetudine,-
1644 899 1750 943 quae

120 955 291 1012 proinde
330 957 520 1011 «vigens
554 957 591 997 in
619 967 827 1011 praesens,
863 960 1073 1012 tamquam
1111 958 1210 999 iuris
1244 956 1479 1013 corruptela
1504 959 1750 1013 corrigatur,

122 1026 217 1070 licet
254 1028 305 1069 sit
348 1025 702 1070 immemorabilis.
753 1039 861 1069 neve
907 1029 1066 1069 sinatur
1112 1029 1149 1070 in
1188 1032 1396 1083 posterum
1448 1030 1746 1071 reviviscere»

119 1096 226 1155 (can.
264 1096 323 1153 ὃ).

239 1168 306 1211 33.
343 1170 415 1215 De
448 1171 876 1215 administratione
909 1172 1149 1215 bonorum
1184 1172 1489 1226 singularum
1524 1171 1755 1216 ecclesia-

119 1255 237 1286 rum.
275 1240 443 1297 Propter
476 1241 599 1284 tinem
634 1241 683 1284 ad
719 1254 842 1298 quem
868 1240 1068 1284 ecclesiae
1103 1241 1368 1297 deputantur,
1401 1241 1609 1284 nonnullis
1638 1240 1755 1284 bonis

121 1312 306 1368 indigent
339 1311 389 1355 ad
425 1311 533 1355 illius
551 1312 683 1355 divini
708 1312 843 1355 cultus
867 1314 1111 1355 exercitium
1132 1317 1171 1355 et
1195 1312 1358 1356 illarum
1380 1314 1753 1367 conservationem,

119 1395 199 1441 qua
234 1383 285 1426 (le
320 1395 442 1426 causa
480 1385 541 1425 ius
584 1385 830 1426 canonicum
877 1382 966 1426 illas
1000 1385 1175 1426 instituit
1207 1388 1400 1440 tanquam
1436 1382 1621 1427 subiecta
1657 1385 1757 1426 iuris

122 1454 355 1511 possidendi
379 1453 480 1497 bona
500 1454 759 1510 temporalia,
779 1467 885 1511 quae
907 1459 1123 1510 propterea
1153 1470 1171 1495 (ι
1191 1459 1282 1497 sunt
1305 1453 1409 1497 bona
1429 1454 1710 1497 ecclesiastica
1731 1469 1751 1495 )>

119 1526 228 1583 (can.
266 1525 392 1577 1497,
426 1528 451 1576 ξ
486 1525 542 1582 1),
564 1551 615 1556 ——
635 1524 780 1568 Merito
804 1527 930 1581 igitur
953 1528 1011 1569 sic
1044 1525 1261 1569 exorditur
1285 1540 1375 1567 esne.
1402 1527 1527 1568 1189.
1553 1528 1576 1579 ἓ
1601 1528 1634 1567 1.
1662 1523 1755 1567 Fir-

120 1610 184 1640 mo
213 1596 480 1655 praescripto
515 1611 605 1641 ean.
641 1599 906 1653 1519-1528,
949 1596 1169 1641 videlicet:
1207 1601 1370 1654 praeter
1403 1609 1491 1639 can.
1530 1596 1655 1643 1:318,
1687 1598 1757 1653 qui

119 1668 245 1712 edicit
279 1668 501 1711 iuritlicum
539 1670 801 1725 principium,
839 1670 968 1711 lirmis
1001 1667 1193 1712 omnibus
1227 1668 1318 1711 aliis
1357 1683 1375 1709 <t
1396 1667 1518 1711 Tituli
1544 1666 1752 1710 xxvlll»

127 1755 147 1781 ‹<
172 1739 231 1783 De
265 1739 383 1783 bonis
416 1739 709 1784 ecclesiasticis
741 1739 1144 1793 administrandis»,
1190 1738 1512 1782 ‹nlnn'm'slratio
1546 1738 1761 1791 benorum,

123 1825 230 1869 (μιαί)
261 1810 477 1854 destinata
510 1816 621 1862 sunt,
658 1811 722 1854 vel
757 1813 795 1853 in
831 1813 917 1867 ipsa
952 1810 1154 1854 ecclesiae
1187 1811 1441 1863 fundatione,
1468 1809 1605 1854 velex
1633 1812 1761 1852 inten-

123 1885 233 1926 tione
267 1883 453 1926 dantium
489 1882 690 1937 fidelium,
723 1881 985 1943 aliorumque
1019 1882 1070 1925 de
1095 1884 1273 1939 propriis
1297 1881 1413 1925 bonis
1437 1882 1760 1938 disponentium,

124 1953 188 1997 vel
224 1967 273 1998 ex
308 1955 566 1997 auctoritatis
598 1953 905 2011 ecclesiastieae
939 1956 1050 1996 iussu
1084 1953 1124 2010 a)
1158 1952 1430 2011 reparamlue
1466 1957 1632 2009 propter
1666 1956 1761 1994 tem-

125 2027 235 2082 poris
279 2027 487 2080 iniuriam,
531 2024 696 2082 aliaque
740 2025 978 2076 infortunia,
1024 2024 1066 2082 1))
1101 2023 1447 2081 (leceramls‘teque
1490 2022 1690 2066 eeclesiae
1723 2024 1761 2064 in

122 2099 212 2140 eius
245 2096 423 2140 diversis
457 2095 643 2152 partibus
677 2109 750 2152 per
775 2098 970 2153 picturas,
1007 2108 1230 2144 marmora,
1265 2095 1424 2148 altaria,
1453 2099 1545 2138 etc..
1581 2093 1620 2150 c)
1655 2092 1760 2136 clivi-

121 2181 257 2225 otoque
289 2167 331 2210 in
366 2166 510 2210 eadem
544 2166 678 2209 cultui
720 2165 965 2217 eoeereenclo,
999 2166 1108 2224 quod
1145 2167 1232 2209 lieri
1269 2168 1409 2223 nequit
1447 2167 1534 2207 sine
1569 2165 1763 2220 expensis

125 2251 198 2295 pro
230 2240 376 2294 cereis,
413 2239 521 2292 vino,
567 2237 721 2291 hostiis,
767 2250 927 2281 necnon
964 2236 1167 2280 utensiliis
1199 2249 1246 2280 ac
1277 2237 1545 2287 ornamentis,
1576 2234 1762 2292 pertinet

124 2314 320 2367 tanquam
355 2322 404 2352 ex
439 2309 622 2366 generali
657 2322 800 2352 norma
835 2311 1049 2361 canonica,
1094 2308 1179 2351 nisi
1222 2306 1343 2350 alind
1385 2308 1599 2349 diversum
1635 2307 1676 2362 a)
1713 2319 1764 2347 3]-

125 2379 303 2438 speciali
327 2379 450 2423 titulo
483 2384 554 2423 aut
586 2382 625 2422 in
660 2382 933 2438 acquisitione
967 2379 1186 2434 bonorum,
1220 2383 1287 2421 aut
1311 2376 1548 2434 particulari
1571 2376 1660 2432 lege
1685 2377 1763 2418 rite

125 2453 359 2507 constituta,
385 2456 454 2494 aut
477 2451 557 2494 alio
581 2463 754 2504 canone,
789 2450 832 2508 b)
870 2450 930 2493 rel
964 2450 1155 2508 leyi'lt'ma
1189 2449 1240 2492 ol)
1275 2454 1438 2505 tempus
1472 2448 1762 2504 praescriptio-

63 2565 67 2568 .
127 2525 190 2566 nis
222 2521 408 2579 aliasque
441 2525 775 2566 circumstantias
818 2521 1120 2565 consuetudine
1163 2525 1335 2571 constet,
1369 2532 1440 2562 seu
1476 2517 1674 2575 probetur
1708 2518 1762 2559 sa·

125 2593 336 2647 ciendum,
376 2594 640 2649 «pertinet»
683 2597 725 2635 ut
759 2593 915 2636 dictum
951 2596 1026 2645 est,
1049 2591 1090 2647 3)
1127 2589 1182 2633 ad
1213 2588 1464 2647 Episcopum
1508 2589 1761 2630 «3313530-

130 2666 240 2708 mine
261 2666 371 2707 venit
396 2676 561 2721 quoque
579 2662 719 2707 Abbas
743 2663 808 2707 vel
836 2663 1046 2706 Praelatus
1066 2661 1218 2704 nullius
1242 2676 1260 2701 ))
1302 2660 1410 2717 (can.
1431 2659 1528 2710 215,
1556 2658 1583 2715 g
1607 2657 1649 2714 02)
1675 2671 1761 2699 cum

135 2733 347 2793 Capitale,
374 2734 435 2778 vel
461 2733 743 2778 consultorum
767 2734 1109 2777 dioecesanorum
1131 2736 1249 2775 coetu
1274 2730 1325 2774 ol)
1344 2743 1433 2775 can.
1456 2730 1553 2779 417,
1572 2728 1609 2771 si
1632 2727 1682 2770 de
1704 2741 1763 2769 ee-

131 2804 261 2848 clesia
295 2804 535 2848 cathedrali
557 2810 725 2862 affatur,
761 2806 993 2861 respective
1017 2804 1067 2846 (le
1092 2803 1219 2846 altera
1249 2818 1268 2842 ((
1293 2814 1398 2859 quae
1427 2801 1627 2856 dignitate
1646 2797 1767 2841 abba-

136 2875 221 2919 tiali
255 2876 322 2920 vel
356 2875 586 2933 praelatitia
621 2875 843 2932 gaudeat»
883 2874 991 2932 (can.
1037 2874 1133 2927 319,
1177 2873 1205 2931 ξ
1240 2872 1309 2927 ]);
1347 2871 1388 2928 b)
1423 2870 1478 2914 ad
1525 2868 1767 2927 Capitulum
