1965 3240
161 115 229 149 190
538 113 622 147 L1B.
648 113 718 147 ΠΙ.
751 133 758 138 -
786 113 896 148 PARS
922 114 993 148 111.
1022 134 1033 139 -
1059 114 1116 148 De
1142 115 1253 148 cultu
1278 114 1412 148 divino

278 233 373 275 157.
411 233 662 288 Reliquiae
697 233 772 278 Ss.
815 234 984 279 Crucis
1020 236 1085 278 ab
1127 234 1383 289 Episcopis
1408 247 1688 289 possessae.
1722 234 1780 278 Ex

159 303 305 347 litteris
338 302 511 358 encycl⁵.
551 300 780 345 Vicariatus
814 301 967 346 Urbis1
1002 303 1051 346 ad
1086 316 1230 345 omnes
1262 301 1500 359 Episcopos.
1541 302 1685 348 «Cum
1719 319 1785 348 re-

159 373 311 430 liquiae
344 374 628 415 sanctissimae
662 371 805 416 Crucis
840 375 878 415 in
911 373 999 416 dies
1032 375 1210 416 rariores
1245 373 1356 427 liant,
1391 386 1438 416 ac
1473 376 1620 417 merito
1644 376 1790 418 timen-

159 444 256 486 dum
291 445 342 485 sit
375 456 425 485 ne
460 442 655 498 paulatim
692 456 769 485 non
806 443 925 486 facile
958 448 1178 500 suppetant
1211 445 1439 500 quaeipsis
1463 443 1692 500 Episcopis,
1718 458 1784 488 ve-

161 513 233 556 lnti
270 515 482 569 proprium
516 525 614 556 suae
647 513 860 569 dignitatis
908 518 1136 569 gestamen,
1185 515 1261 556 rite
1304 514 1532 568 tradantur,
1575 528 1625 557 ex
1676 517 1788 558 iussu

160 584 306 627 Leonis
340 583 428 626 Xlll
463 583 679 640 Episcopis
710 586 831 627 enixe
865 584 1201 627 commendatum
1240 584 1406 627 voluit»
1444 582 1565 628 Card.
1589 584 1787 641 Vicarius,

160 655 268 712 quod
304 654 546 698 translatum
582 659 642 697 est
667 657 932 711 praeceptive
958 658 994 697 in
1021 669 1112 699 cau.
1152 657 1285 698 1:288.
1310 654 1618 698 Sanctissimae
1644 655 1791 699 Crucis

157 725 378 783 reliquiae,
415 725 540 768 idest:
582 741 601 765 ‹<
624 739 676 767 ss.
712 724 828 781 Ligni
865 725 1152 781 particulae»,
1186 739 1290 782 qilas
1329 725 1498 769 «thecis
1522 726 1701 769 inclusas
1726 740 1792 783 pe-

157 801 270 840 ctore
306 809 402 853 prae
435 809 479 839 se
512 808 769 851 suspensas»
823 808 994 851 nempe:
1044 795 1088 838 in
1136 809 1257 838 cruce
1301 796 1509 853 pectorali
1551 795 1787 855 Episcopus

159 866 333 924 quilibet
367 866 641 909 residentialis
674 879 723 908 ex
758 870 972 919 contextu,
1005 865 1119 923 forle
1150 865 1302 923 defert,
1336 869 1432 924 quia
1465 866 1564 910 illud
1595 869 1793 923 praescri-

162 943 274 994 ptum
310 950 389 980 non
424 941 497 992 est,
532 936 572 992 a)
606 935 806 979 ecclesiae
839 935 1098 991 callieclrali,
1129 936 1219 994 ipso
1260 937 1471 993 praedicto
1494 937 1698 994 Episcopo
1721 937 1792 981 a'e-

159 1007 318 1067 functo,
352 1021 426 1064 per
460 1007 617 1051 obitum
651 1006 814 1059 cedunt,
850 1009 890 1049 vi
924 1002 1047 1050 liuius
1089 1009 1271 1058 canonis,
1319 1006 1528 1065 Episcopo
1572 1021 1652 1065 qua
1695 1010 1792 1052 resi-

162 1079 333 1122 dentiali
359 1091 406 1122 ac
430 1077 662 1121 successori
687 1077 1053 1132 (raasmittenclae,
1076 1078 1259 1122 scilicet:
1289 1093 1309 1118 ((
1329 1078 1484 1135 (studio
1507 1084 1547 1121 et
1569 1091 1694 1135 opera
1717 1078 1792 1123 Ca-

163 1149 277 1206 pituli
313 1148 578 1203 cathedralis,
614 1148 678 1191 vel
713 1151 814 1194 eius.
849 1150 919 1204 qui
956 1153 1130 1192 vacante
1162 1149 1281 1204 Sede,
1306 1149 1507 1206 Episcopi
1545 1151 1656 1192 vices
1697 1163 1789 1206 ges-

161 1219 278 1276 serit)
298 1220 348 1263 ad
369 1220 479 1263 hunc
508 1232 870 1262 «successorem»
909 1221 1154 1276 perveniant
1179 1219 1363 1276 legitimo
1393 1219 1633 1263 hereditatis
1657 1222 1745 1263 iure
1764 1236 1786 1261 ))

163 1290 273 1347 (Litt.
294 1291 410 1348 cil⁵.).
435 1290 689 1346 Adiungitur
722 1302 844 1345 nova,
874 1290 944 1333 sed
974 1295 1205 1346 opportuna
1239 1290 1488 1334 declaratio:
1523 1295 1561 1333 et
1587 1290 1625 1333 si
1647 1290 1792 1348 desun—

162 1367 251 1404 clus
279 1360 477 1419 pluribus
505 1361 748 1419 praefuerit
795 1363 1034 1404 successive
1081 1365 1152 1404 aut
1197 1361 1333 1416 simul,
1368 1364 1463 1419 quia
1512 1362 1562 1405 ad
1608 1363 1789 1405 invicem

163 1434 300 1476 unitae
338 1432 400 1475 vel
438 1437 574 1475 rectae
607 1432 658 1475 ab
692 1432 839 1475 eodem
874 1431 1075 1488 Episcopo
1105 1446 1152 1475 ex
1180 1433 1499 1489 dispensatione,
1523 1432 1793 1485 dioecesibus,

161 1516 240 1545 non
275 1503 456 1546 dioecesi
481 1515 529 1546 ac
552 1502 673 1545 simul
711 1502 974 1546 Praelaturae
998 1502 1163 1557 nullius,
1188 1507 1286 1546 tnnc
1325 1503 1553 1546 «cedunt»
1595 1502 1636 1560 b)
1670 1503 1791 1545 eccle-

162 1573 252 1616 siae
285 1572 525 1616 cathedrali
557 1572 758 1616 dioecesis
809 1576 999 1630 propriae
1047 1573 1091 1616 iu
1140 1573 1258 1616 cuius
1307 1573 1524 1617 territorio
1566 1576 1640 1617 etsi
1674 1578 1791 1617 extra

162 1644 441 1700 episcopalem
475 1646 703 1695 civitatem,
736 1657 976 1701 supremum
1009 1643 1118 1687 (lieni
1151 1643 1254 1687 obiit
1287 1648 1361 1686 (iul
1394 1646 1431 1700 c)
1465 1644 1502 1686 si
1534 1649 1657 1686 eoelra
1680 1643 1790 1687 dioe-

163 1715 301 1765 cesim,
333 1727 458 1772 quam
493 1717 611 1771 regit,
632 1720 819 1757 mortuus
852 1715 1114 1771 esl,supple:
1155 1714 1394 1758 «ecclesiae
1427 1714 1653 1758 cathedrali
1678 1715 1790 1757 dioe-

163 1788 306 1829 cesis»
345 1800 396 1828 eoe
430 1800 511 1843 qua
543 1799 614 1828 seu
655 1788 782 1829 «eius
816 1788 1062 1829 territorio»
1103 1785 1250 1829 ultimo
1283 1785 1489 1830 discessit.
1545 1783 1702 1838 «Quod
1737 1785 1789 1829 de

161 1855 304 1900 Crucis
337 1857 553 1899 dumtaxat
590 1856 774 1913 reliqniis
808 1856 1121 1913 intelligendum
1157 1860 1229 1899 est.
1265 1855 1366 1900 Nam
1402 1860 1452 1899 de
1475 1856 1606 1900 thecis
1629 1870 1678 1899 ex
1705 1869 1790 1912 pre-

163 1929 265 1970 tioso
299 1926 464 1970 metallo
499 1930 537 1969 in
573 1926 716 1971 Crucis
751 1928 925 1970 formam
970 1927 1125 1970 affabre
1167 1928 1299 1979 factis,
1336 1931 1516 1970 statuent
1559 1926 1789 1984 (Episcopi)

161 1997 270 2055 quod
305 2000 577 2054 opportunius
612 1997 846 2041 videbitur:
895 2010 1002 2055 quae
1045 2011 1141 2041 cum
1175 1997 1368 2054 demptae
1404 1999 1555 2048 fuerint
1587 2011 1639 2040 ss.
1674 1997 1789 2053 Ligni

163 2068 401 2124 particulae,
435 2067 595 2123 donari,
620 2068 748 2124 legari
772 2068 923 2126 quibus
957 2067 1148 2125 placebit,
1182 2081 1229 2111 ac
1263 2082 1336 2124 per
1371 2070 1554 2124 privatos
1590 2068 1791 2111 haeredes

163 2138 350 2192 distrahi,
387 2139 523 2193 vendi,
559 2143 714 2181 remota
748 2141 896 2195 quavis
930 2138 1150 2182 indecorae
1184 2143 1254 2181 aut
1278 2139 1472 2194 profanae
1502 2140 1792 2194 negotiationis

160 2211 311 2264 specie,
347 2208 475 2252 libere
509 2213 717 2265 poterunt,
752 2214 847 2251 sunt
879 2211 989 2252 enim
1026 2211 1155 2265 pretio
1189 2208 1529 2252 aestimabiles».

282 2280 378 2321 158.
412 2281 484 2325 De
516 2282 812 2333 venditione,
844 2282 1224 2326 transmissione
1262 2282 1461 2325 dominii
1484 2294 1544 2325 ac
1566 2281 1790 2325 custodia

162 2352 492 2407 reliquiarum.
525 2348 645 2403 Quod
682 2350 826 2392 ultimo
859 2350 1073 2393 admonuit
1107 2349 1245 2393 Card.s
1267 2349 1389 2394 Urbis
1416 2349 1602 2394 Vicarius
1636 2352 1674 2392 in
1708 2352 1793 2393 οη.Β

165 2420 271 2463 Litt.⁸
293 2421 373 2464 dici
399 2425 560 2477 oportet
591 2420 642 2463 de
676 2423 825 2464 ceteris
848 2420 1058 2477 reliquiis,
1093 2433 1187 2463 nam
1222 2425 1266 2464 ut
1300 2423 1525 2477 praemittit
1547 2422 1789 2463 cau.1‘389.

161 2490 189 2547 ξ
223 2494 256 2533 1.
293 2491 446 2533 Sacras
480 2496 648 2547 propter
679 2491 836 2534 cultum
871 2504 1015 2534 eorum
1051 2491 1101 2534 ad
1135 2504 1237 2548 quos
1271 2493 1475 2547 pertinent
1513 2489 1792 2534 aestimabiles

162 2561 368 2619 reliquias
401 2574 480 2619 qua
516 2561 617 2604 tales
650 2561 840 2615 vendere,
875 2575 946 2617 pro
980 2562 1137 2605 eisdem
1184 2564 1361 2617 pretium
1391 2560 1615 2618 temporale
1654 2560 1790 2603 dando

165 2632 229 2674 vel
255 2632 508 2688 recipiendo,
532 2631 652 2688 nefas
686 2637 762 2684 est,
795 2645 843 2674 eo
876 2632 986 2689 quod
1011 2637 1110 2675 «est
1142 2634 1317 2675 simonia
1353 2634 1452 2675 iuris
1484 2631 1655 2674 divini»
1680 2630 1789 2687 (can.

166 2702 264 2757 727,
289 2703 314 2759 ξ’
340 2702 394 2759 1).
422 2702 504 2745 lmo
542 2704 652 2758 viget
686 2702 883 2758 implicite
916 2703 1025 2759 quod
1062 2702 1139 2746 Leo
1173 2702 1265 2745 Xlll
1293 2715 1551 2746 «sacrorum
1583 2713 1789 2745 canonum

287 2857 297 2877 ¹
325 2856 370 2889 25
396 2855 511 2889 Mart.
543 2855 646 2896 1889,
676 2854 837 2889 Colleot.
868 2854 914 2889 de
941 2855 984 2890 P.
1014 2855 1056 2889 F.
1086 2867 1123 2890 n.
1152 2856 1254 2890 1699.
