1965 3240
159 115 229 149 410
302 114 386 148 Lm.
415 113 486 147 III.
516 133 527 139 -
554 113 666 147 PARS
690 112 736 147 V.
763 133 774 138 -
802 113 859 147 De
883 111 1007 156 benef.
1036 115 1070 147 et
1095 113 1223 146 instit.
1251 112 1379 146 eccles.
1406 122 1487 145 non
1513 112 1643 156 colley.

160 235 250 291 (per
282 232 343 290 se)
367 232 418 276 ad
453 234 592 276 vitam·
617 231 911 275 beneficiarii»
938 230 1147 287 benefieiis
1179 229 1265 273 sive
1296 243 1321 272 a
1355 228 1541 273 Romano
1575 228 1787 285 Pontifiee,

161 306 229 362 qui
263 306 374 347 solus
406 308 466 346 est
498 307 738 359 competens
770 302 820 345 ad
856 301 960 356 illas,
983 300 1069 343 sive
1101 300 1150 343 ab
1174 299 1275 343 aliis
1299 299 1586 355 collatoribus,
1610 301 1684 342 etsi
1709 312 1787 342 non

162 376 314 418 fuerint
336 374 522 418 locorum
544 371 774 424 Ordinarii,
798 372 1021 430 impositae
1045 371 1243 428 legitime,
1266 375 1478 428 tamquam
1513 369 1790 414 correlativae

162 446 212 489 ad
238 447 300 488 ius
323 445 589 501 percipientis
611 456 695 498 eas,
718 448 882 486 cessam
905 455 1071 498 semper
1099 446 1233 484 morte
1263 441 1544 499 peresioaarii,
1578 442 1635 484 uti
1668 439 1791 483 modo

165 514 362 572 peculiari
413 518 577 570 praeter
610 513 711 556 alios
760 513 905 556 modos
937 511 1154 555 amittendi
1205 513 1308 566 iura,
1342 511 1526 569 aliasque
1561 512 1789 567 pensiones.

163 585 399 630 Secundum
434 584 471 639 §i
504 586 806 641 praescriptum
841 587 923 626 est:
963 581 1035 640 qai
1068 587 1207 624 tamea
1240 581 1385 638 supple
1423 582 1788 637 «pensionarius»

164 656 308 715 aequit
343 656 479 700 valide
511 669 583 698 eas
609 657 826 712 pensiones
849 652 1055 711 quaslibet
1078 652 1284 709 alienare,
1309 654 1470 698 etiamsi
1498 668 1520 693 ‹<
1539 653 1660 696 unice
1682 664 1793 694 com·

166 728 342 772 moditas
375 728 584 784 pensionis
608 726 900 783 percipiendae
925 727 963 767 in
999 724 1127 767 alium
1161 725 1497 777 transferatur»,
1524 722 1610 765 nisi
1642 721 1699 774 id,
1722 723 1796 765 sci-

167 799 284 843 licet:
318 802 497 854 potestas
529 796 751 852 alienandi,
785 809 980 854 eoepresse
1013 808 1251 838 concessam
1283 794 1340 837 sic
1385 807 1407 837 a
1451 797 1711 850 competente
1744 791 1794 835 ad

166 869 243 913 hoc
276 870 534 912 auctoritate.
569 866 676 910 Ante
707 865 905 911 Codicem
949 865 1028 909 hoc
1074 865 1264 908 ultimum
1311 866 1615 921 praescriptum
1660 862 1794 920 quoad

167 942 384 996 pensiones
431 951 454 982 a
500 938 605 981 Sede
653 937 890 994 Apostolica
939 948 1158 980 concessas
1209 935 1376 992 vigebat
1409 948 1460 978 ex
1495 933 1612 978 Dec.⁰
1651 932 1795 978 «Cum

96 1040 100 1076 ἶ
169 1011 218 1055 ad
253 1012 417 1054 Ssmum
440 1025 461 1050 ›>
499 1009 537 1052 S.
571 1007 614 1053 C.
649 1008 727 1052 EE.
763 1013 802 1051 et
835 1007 978 1051 RR.1:
1009 1020 1143 1050 «cum
1180 1008 1391 1063 pactiones
1424 1006 1546 1049 huius
1579 1004 1690 1048 modi
1725 1017 1798 1061 pro

168 1080 500 1126 contrahentium
533 1078 735 1123 arbitratu
760 1079 950 1122 licentius
973 1077 1218 1121 conciliatae
1244 1077 1489 1121 indecorum
1513 1075 1724 1134 quoddam
1748 1075 1799 1118 de

168 1155 219 1196 iis
246 1153 547 1196 commercium
584 1150 803 1193 videantur
835 1149 1050 1204 inducere,
1085 1149 1193 1206 quod
1229 1148 1340 1192 fideli
1362 1147 1511 1205 populo
1535 1147 1798 1190 admirationi

171 1222 421 1281 quandoque
458 1226 531 1272 est,
577 1223 774 1277 viamque
806 1224 992 1263 sternant
1024 1218 1257 1263 forensibus
1301 1217 1550 1271 actionibus,
1582 1229 1688 1275 quae
1720 1228 1801 1259 non

170 1296 258 1337 sine
300 1292 606 1336 ecclesiasticae
650 1293 707 1334 rei
752 1291 958 1335 dedecore
1001 1290 1167 1347 publice
1209 1292 1494 1343 instituuntur,
1537 1292 1661 1345 atque
1700 1285 1800 1330 illud

172 1368 388 1422 praeterea
423 1368 466 1406 ut
500 1362 724 1419 plurimum
759 1363 937 1405 inferant
971 1362 1110 1405 damni
1147 1366 1189 1405 ut
1232 1361 1350 1405 brevi
1391 1362 1662 1413 insumantur,
1698 1370 1803 1414 quae

173 1438 213 1478 in
247 1437 370 1478 totius
406 1436 514 1477 vitae
548 1433 814 1477 commodum
851 1432 1077 1476 liberalitas
1111 1432 1356 1475 Pontificum
1390 1432 1742 1487 impertiverat».

293 1506 391 1549 329.
427 1507 499 1551 De
532 1506 886 1551 beneficiorum
922 1506 1248 1550 conversione
1281 1507 1341 1546 est
1373 1504 1520 1546 unicus
1563 1505 1602 1544 et
1635 1499 1805 1543 ultimus

175 1591 264 1620 ean.
300 1578 431 1620 1430.
464 1576 492 1634 ξ
525 1578 559 1618 1.
594 1573 714 1627 Quod
755 1576 934 1617 «statuit
966 1574 1004 1618 S.
1040 1573 1232 1631 Synodus
1262 1572 1541 1616 Tridentina»
1571 1573 1610 1614 in
1634 1583 1724 1626 cap.
1750 1569 1803 1611 16

174 1661 271 1692 sess.
306 1645 419 1690 XXV
454 1646 504 1689 de
536 1645 641 1697 Res„
675 1644 886 1701 Beneficia
919 1646 959 1701 a)
994 1650 1146 1687 carata
1186 1644 1294 1701 (can.
1333 1644 1457 1697 1411,
1495 1642 1558 1699 5⁰)
1594 1640 1643 1684 ab
1682 1638 1804 1684 Ordi-

175 1718 313 1761 variis
347 1717 454 1774 (can.
491 1717 573 1760 198
605 1716 634 1774 ἓ
669 1717 711 1773 1)
744 1716 893 1759 innon
927 1720 1076 1758 carata
1114 1715 1175 1758 vel
1215 1717 1294 1757 «in
1328 1713 1509 1770 simplex·
1539 1712 1807 1762 beneficium,

176 1792 299 1833 etiam
334 1790 542 1844 assignata
579 1789 734 1830 vicario
769 1791 967 1843 perpetuo
1002 1798 1186 1842 congrua
1221 1787 1466 1842 portione»,
1501 1781 1688 1826 converti
1722 1794 1809 1837 pro-

178 1862 265 1916 prie
298 1859 348 1903 ad
384 1871 572 1902 normam
616 1869 707 1901 can.
744 1856 851 1900 1421
901 1861 1126 1914 nequeant,
1160 1858 1213 1899 ita
1258 1859 1300 1898 ut
1343 1859 1459 1898 actus
1491 1853 1724 1897 contrarius
1757 1850 1808 1894 ob

178 1931 385 1974 defectum
420 1930 633 1986 potestatis
666 1930 828 1971 irritum
872 1929 937 1979 sit,
972 1939 1019 1970 ac
1063 1926 1255 1970 similiter
1288 1925 1332 1983 b)
1365 1938 1438 1968 nee
1481 1922 1676 1979 beneficia
1708 1921 1808 1964 reli-

177 2001 299 2058 qiosa
347 2000 391 2043 in
433 1998 676 2042 saecularia
708 1998 938 2042 secundum
982 2000 1045 2041 ius
1088 1999 1322 2055 quaesitum
1365 1994 1544 2039 [amiliae
1578 1992 1808 2049 religiosae,

179 2073 217 2129 c)
247 2086 320 2114 aec
350 2070 594 2114 saecularia
642 2069 686 2126 ia
728 2068 946 2126 reliyiosa,
980 2081 1160 2126 namque
1205 2067 1339 2111 obstat
1386 2066 1578 2109 alienatio
1613 2062 1811 2120 implicita

184 2142 246 2186 vel
281 2141 543 2186 defraudatio
577 2142 677 2184 iuris
711 2141 836 2183 futuri
870 2140 1104 2196 Superioris
1136 2139 1272 2197 quoad
1307 2137 1584 2182 collationem.

299 2212 327 2270 ἓ
357 2214 400 2258 ἓ.
435 2210 476 2255 Ε
505 2210 722 2255 contrario
745 2213 851 2254 sicut
884 2212 923 2253 in
958 2223 1097 2267 praec.
1123 2213 1212 2253 iure
1241 2212 1418 2266 possunt
1450 2204 1647 2262 beneficia
1669 2217 1811 2248 saecu-

183 2283 299 2338 laria,
333 2283 404 2326 sed
452 2281 666 2340 simplicia
704 2294 814 2324 «seu
859 2294 937 2324 non
984 2280 1264 2324 residentialia
1288 2295 1308 2321 J>
1349 2278 1459 2336 (can.
1497 2276 1624 2328 1411,
1649 2274 1726 2332 30),
1761 2287 1811 2318 ex

184 2367 264 2411 quo
303 2369 322 2394 «
348 2366 425 2396 non
475 2355 672 2396 curatis»
721 2356 1007 2406 accensentur,
1039 2351 1088 2394 ab
1136 2349 1384 2395 Ordinariz's
1431 2348 1630 2402 locorum,
1663 2344 1814 2404 quibus

184 2426 417 2468 animarum
453 2426 492 2466 in
527 2423 707 2467 dioecesi
741 2435 841 2466 cura
875 2425 1096 2465 commissa
1129 2426 1202 2477 est,
1228 2421 1269 2464 ia
1305 2424 1455 2463 carata
1480 2416 1679 2469 converti,
1702 2415 1816 2459 dam-

186 2494 305 2538 modo
339 2494 472 2551 quoad
498 2494 576 2537 hoc
608 2507 659 2536 ae
690 2492 851 2536 obstent
873 2506 923 2536 ex
957 2492 1096 2550 aliquo
1120 2494 1276 2535 motivo
1309 2488 1570 2534 conditiones
1602 2501 1627 2530 a
1659 2485 1814 2545 fanda-

187 2571 277 2608 tore
309 2578 544 2622 expressae,
580 2566 694 2607 iuxta
737 2563 1057 2619 explicationem
1091 2562 1213 2606 huius
1255 2559 1465 2605 clausulae
1510 2560 1550 2600 in
1592 2556 1620 2614 ἓ
1653 2560 1671 2600 1
1710 2561 1816 2600 can.⁸

188 2636 299 2679 1417
333 2635 472 2679 datam
506 2639 545 2678 et
580 2636 882 2691 praescriptum
916 2633 944 2691 ξ
978 2633 1016 2676 ⁶21
1051 2633 1237 2676 eiusdem
1273 2632 1453 2676 canonis

307 2788 317 2809 1
347 2787 390 2820 12
416 2786 534 2821 Mart.
563 2785 666 2820 1840,
