1965 3240
119 152 191 186 298
381 152 465 186 Lus.
491 151 563 186 111.
594 171 606 176 -
633 151 744 185 PARS
769 151 836 185 IV.
866 171 878 176 -
906 151 962 185 De
987 153 1214 195 magisterio
1239 152 1492 186 ecclesiastico

122 273 211 314 iure
246 271 530 325 interpretatio
565 268 794 324 legatorum
828 269 949 323 tacta,
982 268 1068 311 nisi
1100 267 1220 311 atiud
1252 268 1387 325 quoad
1423 268 1532 311 illam
1562 267 1625 311 vel
1649 268 1750 312 alios

121 341 288 384 ordines
321 341 490 396 praevie
523 338 712 383 obtentos
753 339 798 381 in
844 338 998 381 tabulis
1038 338 1160 381 idest:
1195 338 1455 382 documentis
1489 339 1750 395 peragendae

119 409 389 468 fundationis
422 409 586 453 illorum
621 410 852 466 legatorum
886 423 1081 467 capresse
1103 409 1266 466 (saltem
1292 408 1508 466 implicite)
1538 415 1749 453 caveatur.

242 480 338 524 t245.
375 481 650 532 Qualitates
684 482 1015 537 quorumlibet
1047 481 1438 536 recipiendorum
1466 482 1514 525 in
1540 481 1752 526 Semina-

120 553 258 596 rium.
290 548 413 594 Couc.
448 550 559 594 Trid.
593 551 783 594 decrevit
816 550 911 608 (loc.
946 550 1056 605 cit.):
1095 565 1115 590 «
1138 549 1181 592 In
1216 549 1294 593 hoc
1330 563 1428 593 vero
1471 550 1646 607 collegio
1690 564 1752 594 re-

122 623 342 677 cipiantur,
376 623 444 678 qui
479 621 529 664 ad
565 623 781 664 minimum
817 621 1036 664 duodecim
1072 634 1213 675 annos,
1248 625 1287 663 et
1320 634 1370 664 ex
1406 621 1587 677 legitimo
1612 624 1751 664 matri-

122 694 260 734 monio
293 693 375 734 nati
409 695 502 744 sint,
536 704 584 735 ac
608 692 746 748 legere
769 698 808 735 et
831 691 1015 735 scrffiere
1038 696 1323 748 competenter
1347 694 1560 745 noverint3
1596 697 1634 735 et
1656 705 1753 750 quo-

123 775 212 805 rum
250 762 408 805 indoles
440 767 480 805 et
513 762 703 805 voluntas
736 776 850 819 spem
886 762 1042 816 afferat,
1077 775 1145 805 eos
1180 762 1472 806 ecclesiasticis
1515 764 1753 806 ministeriis

123 838 322 889 perpetuo
347 835 677 877 inservituros».
702 832 752 876 Et
778 833 898 889 paulo
925 837 1037 889 post:
1068 848 1089 874 c(
1107 846 1183 876 nec
1207 833 1402 876 ditiorum
1430 832 1535 875 tilios
1558 832 1753 884 excludit,

125 904 245 946 modo
278 917 351 947 suo
384 908 552 960 sumptu
585 903 762 958 alantur,
797 908 836 946 et
867 903 1051 947 studium
1098 916 1195 960 prae
1237 917 1279 946 se
1324 905 1456 946 ferant
1488 902 1573 946 Deo
1606 908 1644 946 et
1678 903 1751 947 Ec-

122 974 271 1018 clesiae
305 974 624 1018 inserviendi».
658 975 816 1018 Aetatis
858 974 1204 1017 determinatione
1249 976 1552 1030 praetermissa,
1591 976 1650 1017 sic
1692 976 1754 1018 ius

121 1044 232 1088 Trid.
271 1045 393 1088 refert
425 1059 515 1087 ean.
550 1046 682 1089 1363.
717 1047 741 1099 ἓ
768 1045 803 1087 1.
829 1044 876 1088 In
901 1044 1185 1088 Seminarimn
1208 1044 1503 1101 quodcumque
1527 1047 1663 1088 minus
1689 1045 1750 1088 vel

124 1118 257 1159 maius
289 1115 338 1158 ab
377 1114 609 1159 Ordinario
649 1116 727 1159 loci
770 1129 821 1159 ex
865 1120 1074 1171 contextu,
1118 1114 1195 1159 sub
1238 1128 1318 1172 quo
1358 1130 1377 1155 «
1401 1117 1567 1158 nomine
1609 1115 1755 1159 intelli-

122 1191 289 1242 guntur,
326 1200 398 1243 pro
431 1200 504 1229 suo
548 1189 723 1244 quisque
766 1188 973 1229 territorio
1017 1199 1160 1229 eorum
1199 1184 1385 1229 Vicarius
1427 1185 1676 1242 generalis»
1715 1191 1755 1229 et

127 1256 313 1300 Vicarius
346 1256 587 1313 capitularis
619 1258 725 1311 (can.
763 1257 858 1311 198,
882 1258 909 1314 ς’
938 1257 992 1311 ⁶2),
1025 1271 1076 1299 ne
1108 1256 1394 1300 admittantur
1416 1261 1455 1300 et
1477 1256 1555 1299 hoc
1582 1258 1752 1300 vetitum

124 1328 232 1371 illius
265 1330 560 1371 conscientiam
594 1332 718 1379 tenet,
752 1327 837 1370 nisi
879 1327 921 1385 a)
960 1327 1040 1384 fita·
1077 1327 1258 1384 teqitimz·
1290 1327 1470 1371 seilicet:
1506 1340 1586 1370 non
1621 1327 1753 1370 solum

128 1414 148 1439 <(
171 1412 221 1441 ex
256 1398 441 1454 legitimo
476 1400 738 1441 matrimonio
764 1401 845 1442 nati
870 1414 910 1452 )),
934 1398 1006 1441 sed
1031 1398 1081 1442 ad
1108 1410 1295 1441 normam
1319 1410 1409 1441 can.
1432 1398 1542 1440 1114
1568 1403 1607 1441 et
1629 1400 1754 1441 etiam

123 1469 231 1527 (can.
269 1469 397 1525 1196)
437 1483 553 1526 «per
585 1469 843 1526 subsequens
877 1474 1095 1525 parentum
1133 1471 1441 1512 matrimonium
1483 1468 1665 1524 legitima
1699 1470 1753 1512 ef-

122 1542 227 1584 fecta
262 1540 397 1596 proles
424 1558 459 1593 »‚
494 1553 588 1584 cum
625 1542 737 1583 iuxta
771 1552 859 1583 can.
898 1540 1008 1582 1117
1050 1539 1204 1583 «aliud
1240 1552 1435 1595 expresse
1474 1544 1640 1582 cautum
1674 1552 1753 1582 non

123 1612 245 1654 suerit
267 1626 307 1666 >),
344 1610 384 1667 b)
418 1624 593 1668 qaorum
618 1610 781 1653 indoles
804 1616 843 1653 et
866 1611 1060 1653 voluntas
1089 1615 1131 1653 ut
1167 1609 1481 1653 fundamentum
1515 1623 1628 1667 spem
1661 1608 1756 1667 affe-

121 1686 221 1724 rant
254 1695 322 1724 eos
356 1695 434 1724 non
469 1681 830 1739 qualitercumque
863 1681 934 1725 sed
970 1695 1061 1723 eam
1083 1680 1227 1738 fracta
1251 1680 1461 1724 Ecclesiae
1486 1682 1754 1738 ipsorumque

122 1752 418 1795 ecclesiasticis
450 1752 701 1795 ministeriis
733 1752 782 1795 ad
817 1764 924 1809 quae
957 1752 1170 1807 adspirare
1195 1765 1266 1808 per
1300 1751 1422 1794 huius
1456 1751 1565 1794 modi
1601 1754 1757 1807 ingres-

123 1836 212 1865 sum
240 1827 518 1879 protestantur
537 1827 739 1880 perpetuo
762 1836 834 1865 seu
861 1826 1180 1878 perseveranter
1201 1821 1492 1864 inservituros.
1530 1824 1638 1865 Haec
1661 1826 1756 1865 sunt

124 1893 248 1936 verba
290 1906 386 1936 cuni
430 1892 546 1936 Dec.⁰
579 1892 710 1935 Trid.⁰
751 1893 870 1948 plene
912 1883 1153 1943 conformia,
1196 1905 1243 1935 eo
1285 1892 1393 1949 quod
1442 1891 1567 1935 verba
1605 1905 1745 1935 «cum

124 1964 302 2007 fructu»
342 1968 521 2007 mentem
558 1963 723 2006 Patrum
758 1963 983 2007 declarant.

244 2034 256 2056 ¹
287 2049 307 2075 ((
328 2033 431 2077 illud
463 2036 681 2087 enimvero
707 2036 914 2077 maximae
936 2033 1063 2077 Nobis
1081 2038 1141 2076 est
1163 2046 1303 2087 curae,
1329 2033 1545 2091 modisque
1564 2032 1756 2076 omnibus

126 2104 389 2148 efficiendum
423 2109 496 2160 est,
531 2105 640 2162 quod
676 2105 916 2148 decessores
949 2103 1084 2147 Nostri
1118 2103 1198 2147 Leo
1235 2103 1325 2147 Xlll
1347 2108 1387 2147 et
1411 2103 1505 2147 Pius
1534 2102 1570 2146 X
1592 2105 1756 2160 saepius

127 2180 443 2232 praeceperunt,
477 2180 520 2218 ut
551 2188 670 2219 sacra
703 2176 948 2230 Seminaria,
992 2177 1068 2218 nisi
1102 2175 1152 2218 ad
1188 2188 1278 2218 eam
1325 2188 1426 2227 rem,
1471 2176 1589 2218 cuius
1632 2185 1756 2217 causa

126 2246 291 2288 condita
324 2251 432 2301 sunt,
470 2259 520 2289 ne
554 2245 845 2300 adhibeantur,
879 2246 918 2289 id
952 2251 1013 2289 est
1055 2246 1104 2289 ad
1140 2259 1353 2290 sacrorum
1399 2246 1678 2300 administros,
1714 2249 1757 2288 ut

126 2321 299 2372 oportet,
335 2317 624 2361 instituendos,
658 2315 798 2369 Quare
830 2330 911 2359 non
946 2317 1069 2360 modo
1094 2319 1216 2360 ineis
1251 2316 1365 2359 locus
1398 2328 1488 2359 esse
1521 2328 1600 2358 non
1636 2314 1759 2358 (lebet

128 2388 266 2442 pueris
313 2387 371 2430 vel
416 2387 751 2441 adolescentulis,
796 2389 865 2443 qui
910 2386 1066 2430 nullam
1107 2387 1157 2430 ad
1202 2386 1481 2430 sacerdotium
1524 2386 1758 2441 praeferant

129 2459 447 2513 propensionem
483 2457 722 2511 voluntatis,
757 2483 809 2487 —
845 2457 992 2500 horum
1034 2459 1142 2500 enim
1188 2456 1443 2500 consuetudo
1487 2455 1650 2499 clericis
1682 2456 1756 2498 mi-

127 2541 218 2570 rum
252 2533 452 2585 quantum
487 2527 602 2571 obest
637 2553 688 2558 —-
723 2528 794 2571 sed
828 2530 952 2571 etiam
988 2541 1083 2571 eum
1120 2530 1282 2584 pietatis
1315 2528 1646 2579 exercitationes,
1670 2530 1757 2568 tum

130 2600 232 2641 ratio
264 2598 512 2653 studiorum,
552 2603 639 2641 tum
674 2601 807 2654 ipsum
848 2598 1163 2655 gubernationis
1196 2611 1326 2654 genus
1360 2597 1440 2641 huc
1473 2598 1640 2640 omnino
1672 2608 1759 2652 spe-

130 2672 240 2711 ctent
283 2673 457 2725 oportet,
497 2674 540 2712 ut
577 2669 626 2712 ad
676 2670 1005 2725 pertunctionem
1045 2669 1176 2712 divini
1222 2670 1405 2711 muneris
1447 2666 1758 2710 accommodate

131 2738 397 2782 alumnorum
430 2741 555 2782 animi
591 2744 903 2796 praeparentur.
937 2739 1050 2783 Haec
1088 2744 1175 2782 esto
1209 2738 1534 2782 Seminariorum
1558 2738 1758 2790 omnium,

244 2892 255 2912 1
285 2890 366 2927 Cit.
393 2890 465 2935 Ep.
493 2890 557 2925 Pii
583 2891 659 2925 PP.
685 2890 756 2924 XI.
793 2890 869 2925 CO.
899 2890 1009 2934 XIV,
1037 2890 1120 2924 451.
