1965 3240
140 122 209 155 522
330 118 416 151 Lm.
445 116 517 150 III.
546 135 558 140 -
586 115 696 149 PARS
721 114 789 148 VI.
818 134 831 139 —
857 113 915 148 De
939 114 1047 147 bonis
1072 111 1265 145 Ecclesiae
1294 109 1573 154 temporalibus

145 170 1548 186 Μ

138 240 255 282 statis
291 238 470 280 vicariae
504 237 542 277 in
577 234 760 277 Primatu
794 232 967 277 Romani
1004 231 1133 274 Pont.s
1166 232 1397 281 contentae,
1429 240 1536 285 quae
1575 227 1624 271 ad
1659 226 1761 270 obli-

136 310 322 365 gationes
356 309 445 349 iure
478 305 622 348 divino
655 303 883 347 servandas
916 301 1155 346 extenditur
1188 298 1353 356 quando
1387 297 1480 341 illae
1518 300 1557 340 in
1592 299 1763 355 praevio

136 383 229 422 actu
264 377 444 420 humano
479 375 795 418 fundamentum
839 375 1080 417 sortiuntur,
1129 383 1221 414 cum
1267 369 1450 412 evidenti
1494 370 1761 425 exceptione:

135 449 220 492 nisi
242 447 462 506 fmzdamr,
481 448 550 504 qui
577 459 670 489 cum
692 444 877 488 Ecclesia
900 446 1143 499 acceptante
1166 441 1236 484 dat
1259 439 1392 496 legem
1419 442 1495 495 ipsi
1519 441 1763 494 contractui,

137 519 244 563 lianc
275 522 527 577 potestatem
554 517 595 574 a)
631 516 858 559 reducendi
883 514 948 558 vel
979 513 1020 570 b)
1047 511 1288 555 moderandi
1324 510 1390 554 vel
1415 513 1454 567 c)
1480 510 1764 554 commutandi

137 591 279 645 etiam,
314 592 410 647 quia
444 587 611 632 excludi
645 589 789 644 nequit
829 586 956 629 Sedes
999 582 1250 639 Apostolica,
1289 580 1522 625 Ordinatio
1566 580 1660 638 loci,
1694 579 1764 624 ubi

137 662 252 704 locus
285 663 376 716 pius
407 662 459 703 sit
494 658 555 701 vel
594 661 814 714 acceptans
857 656 1119 699 donationem
1165 653 1292 708 illam,
1327 665 1522 709 eoepresse
1554 651 1682 696 idest:
1718 651 1762 694 li-

135 732 274 790 quidis
312 730 449 774 verbis
481 729 716 774 tabularum
741 728 1006 780 fundationis,
1033 725 1094 768 vel
1120 736 1227 782 quae
1249 728 1437 767 constent
1462 722 1646 780 legitima
1671 736 1784 780 pros

136 803 317 858 batione,
340 801 602 845 concesserit.

260 873 424 928 «Quod
458 875 489 915 si
524 870 741 928 hospitalia
775 869 890 925 haec,
925 871 982 913 ait
1013 867 1137 912 Cone.
1171 867 1336 922 T1·id.1,
1369 866 1418 909 ad
1454 870 1613 909 certum
1649 877 1766 921 pere-

137 947 368 1001 grinorum,
402 947 471 986 aut
505 942 781 995 intirmorum,
819 945 890 984 aut
931 939 1104 983 aliarum
1152 950 1420 994 personarum
1465 950 1596 993 genus
1637 937 1764 979 susci-

138 1015 335 1072 piendum
371 1015 523 1057 fuerint
557 1015 763 1065 instituta,
799 1025 875 1055 nec
918 1013 957 1053 in
1004 1010 1107 1065 loco,
1143 1008 1211 1052 ubi
1249 1013 1344 1052 sunt
1381 1008 1490 1051 dicta
1534 1006 1765 1063 hospitalia,

137 1085 294 1129 similes
327 1096 528 1142 personae
561 1087 631 1127 aut
666 1095 897 1139 perpaucae
931 1083 1214 1138 reperiantur3
1251 1078 1592 1132 mandat'adhuc,
1616 1082 1660 1121 ut
1682 1078 1765 1120 fru-

136 1161 227 1200 ctus
261 1156 425 1199 illorum
461 1157 499 1197 in
534 1154 661 1197 alium
696 1156 809 1210 pium
845 1154 1072 1209 usum,qui
1099 1150 1768 1205 eoruminstitutioniproximior

136 1230 200 1281 sit,
235 1240 281 1270 ac
316 1240 388 1283 pro
422 1226 511 1269 loco
545 1230 585 1268 et
619 1229 807 1281 tempore
840 1223 992 1277 utilior,
1026 1226 1340 1277 convertantur,
1389 1224 1509 1277 prout
1542 1217 1767 1264 Ordinario

137 1312 231 1342 cum
267 1297 428 1341 duobus
459 1297 511 1340 de
545 1295 747 1352 Capitulo,
782 1297 851 1353 qui
887 1308 1024 1337 rerum
1062 1307 1136 1336 usu
1172 1294 1390 1349 peritiores
1412 1293 1505 1346 sint,
1530 1304 1603 1347 per
1633 1293 1767 1347 ipsum

138 1369 381 1425 deligendis,
417 1372 550 1424 magis
583 1367 782 1423 expedire
818 1368 950 1409 visum
985 1366 1131 1408 fuerit:
1165 1366 1241 1407 nisi
1276 1362 1397 1406 aliter
1431 1364 1550 1416 forte,
1573 1363 1696 1404 etiam
1728 1363 1766 1403 in

140 1439 249 1483 hunc
283 1443 495 1493 eventum,
531 1440 568 1480 in
603 1451 748 1480 eorum
781 1436 1021 1480 fundatione
1053 1440 1123 1479 aut
1158 1437 1412 1478 institutione
1450 1434 1574 1476 fuerit
1604 1445 1769 1488 expres-

137 1523 252 1554 sum:
288 1523 368 1567 quo
402 1522 514 1561 casu,
548 1511 658 1568 quod
702 1508 938 1551 ordinatum
984 1508 1073 1561 fuit,
1111 1506 1327 1553 observari
1367 1509 1485 1548 curet
1520 1506 1766 1560 ,episcopus3

139 1585 210 1624 aut
242 1583 273 1624 si
310 1581 347 1624 id
383 1593 462 1623 non
498 1582 624 1636 possit
663 1582 763 1636 ipse,
809 1583 930 1635 prout
971 1590 1110 1634 supra,
1155 1576 1275 1620 aliter
1317 1575 1598 1633 provideat».
1633 1573 1769 1631 Atque

139 1652 248 1695 idem
292 1650 416 1696 Cone.
461 1651 705 1694 testificatur
754 1652 791 1692 in
828 1662 925 1705 cap.
960 1649 983 1691 4
1019 1648 1203 1692 eiusdem
1242 1661 1340 1691 sess.
1376 1646 1485 1704 quod
1524 1646 1770 1701 «contingit

137 1736 261 1779 saepe
295 1725 333 1765 in
368 1721 618 1780 quibusdam
643 1720 853 1774 ecclesiis,
889 1720 954 1763 vel
979 1724 1062 1762 tam
1088 1731 1285 1775 magnum
1310 1720 1529 1760 missarum
1554 1715 1767 1760 celebran-

139 1794 286 1837 darum
322 1806 543 1836 numerum
577 1806 627 1835 ex
665 1788 791 1834 variis
823 1791 1112 1834 defunctorum
1148 1789 1304 1832 relictis
1337 1790 1573 1844 impositum
1599 1799 1702 1841 esse,
1726 1790 1769 1829 ut

141 1864 220 1907 illis
243 1878 316 1921 pro
340 1863 513 1920 siugulis
536 1862 696 1914 diebus,
717 1875 738 1905 a
764 1861 1030 1905 testatoribus
1053 1862 1332 1917 praescriptis,
1359 1863 1536 1916 nequeat
1553 1858 1765 1908 satisfieri3

142 1934 205 1978 vel
241 1934 549 1991 eleemosynam
588 1933 824 1977 huiusmodi
861 1946 932 1989 pro
957 1931 1037 1974 illis
1061 1930 1323 1975 celebrandis
1346 1930 1449 1973 adeo
1473 1934 1640 1972 tenuem
1664 1940 1769 1982 esse,

141 2010 185 2049 ut
217 2019 296 2048 non
332 2005 449 2049 facile
483 2007 733 2060 inveniatur,
768 2006 837 2061 qui
873 2003 972 2046 velit
1003 2002 1100 2046 huic
1133 2016 1175 2045 se
1210 2003 1370 2044 muneri
1394 2000 1623 2044 subiicere:
1658 1998 1768 2042 unde

142 2076 372 2132 depereunt
397 2079 486 2133 piae
509 2077 747 2119 testantium
774 2074 1020 2128 voluntates,
1045 2078 1085 2116 et
1113 2086 1257 2116 eorum
1282 2073 1569 2123 conscientias,
1592 2070 1642 2113 ad
1667 2082 1770 2127 quos

144 2147 355 2204 praedicta
389 2152 588 2203 spectant,
622 2146 822 2189 onerandi
856 2147 1017 2188 occasio
1052 2145 1234 2188 datur».

262 2218 430 2274 Propter
463 2230 609 2261 causas
644 2217 882 2273 indigitatas
917 2218 955 2258 in
989 2215 1121 2258 Τνίἀ.ο
1155 2217 1243 2258 iure
1276 2215 1417 2258 statuit
1461 2212 1636 2270 provide
1666 2211 1694 2270 ἓ
1723 2213 1767 2254 2.

145 2288 190 2331 Si
226 2293 375 2343 tamen,
410 2302 481 2331 seu
526 2301 604 2331 non
650 2287 837 2331 obstante
870 2287 913 2340 §⁰
948 2285 1005 2341 10,
1046 2286 1233 2328 eoeecutio
1272 2298 1445 2328 onerum
1488 2281 1770 2341 quorumlibet

142 2359 436 2416 impositorum
475 2374 495 2399 «
520 2372 592 2415 per
624 2359 790 2402 ultimas
826 2357 1120 2411 voluntates»,
1155 2355 1196 2413 a)
1228 2355 1274 2399 ob
1307 2355 1550 2398 imminutos
1591 2352 1769 2403 reditus,

143 2429 339 2472 detractis
373 2432 564 2486 expensis
596 2430 841 2472 necessariis
873 2440 979 2484 quae
1013 2429 1197 2470 fortassis
1229 2429 1468 2480 creverunt,
1505 2424 1566 2468 vel
1603 2427 1770 2480 propter

143 2504 412 2556 augmentum
439 2500 592 2543 valoris
615 2513 770 2554 rerum,
789 2498 853 2541 vel
879 2498 930 2541 oh
953 2500 1218 2541 amissionem
1244 2496 1428 2554 partialis
1451 2496 1572 2549 dotis,
1591 2494 1771 2537 aliamve

144 2584 314 2612 causam
350 2584 387 2614 v.
421 2585 481 2626 gr.
517 2583 754 2627 expressam
791 2572 828 2611 in
863 2581 953 2625 cap.
988 2570 1012 2611 8
1045 2567 1134 2612 cit.⁰
1168 2571 1278 2612 circa
1313 2566 1545 2623 hospitalia,
1577 2564 1654 2608 sub
1678 2577 1770 2608 con-

144 2641 299 2684 ditione
344 2645 477 2684 tamen
519 2641 640 2684 huius
684 2642 944 2683 mutationis:
980 2639 1178 2696 1))ηηίία
1221 2638 1620 2682 administratorum
1657 2640 1768 2679 certa

147 2711 359 2754 moraliter
391 2711 527 2768 eulpa,
563 2711 743 2768 alioquin
780 2716 912 2767 posset
946 2711 1030 2753 sere
1063 2723 1228 2766 semper
1261 2708 1440 2753 dubitari
1475 2708 1526 2751 de
1559 2719 1656 2750 casu
1691 2705 1768 2749 hoc

264 2865 274 2885 ¹
304 2864 394 2909 Cap.
422 2865 444 2899 8
471 2876 566 2899 sess.
595 2864 708 2898 XXV
734 2863 780 2897 de
806 2863 891 2897 Res.
