1965 3240
169 141 237 175 182
546 136 627 170 LlB.
655 135 725 170 III.
753 156 764 160 -
793 135 903 171 PARS
929 137 1001 171 III.
1030 157 1042 162 -
1068 136 1126 171 De
1151 137 1259 171 cultu
1286 135 1420 170 divino

168 264 313 316 pturae
346 259 583 301 narratione
606 255 657 299 de
680 255 813 299 tribus
849 258 947 299 viris
969 258 1040 314 qui
1064 255 1258 299 Abrabae
1281 259 1576 311 apparuerunt,
1599 267 1646 298 ac
1670 268 1798 299 unum

167 329 370 373 adoravit.
408 327 577 383 Propter
611 326 738 380 illam,
772 331 816 369 ut
850 327 1016 370 videtur
1055 325 1274 369 «debitam
1309 325 1600 377 decentiam»,
1624 338 1705 381 qua
1739 339 1799 368 or-

168 399 319 444 bantur
342 398 546 456 quaedam
572 399 788 453 imagines,
812 397 850 441 S.
874 396 917 441 C.
941 397 978 440 S.
1003 394 1139 441 Officii
1165 396 1269 439 dixit
1293 395 1305 417 ¹
1331 400 1633 452 consequenter
1656 408 1799 439 earum

166 470 433 527 prohibitioni
469 471 556 525 ipso
590 470 703 511 iure:
744 468 961 525 «ideoque
1003 470 1141 511 statim
1178 466 1456 510 removendas
1497 480 1585 510 esse
1629 466 1680 510 ab
1722 466 1797 510 Ec-

103 565 111 578 ·
167 541 317 594 clesiis,
351 537 569 590 Orator-iis,
603 543 680 582 etc.
716 541 754 580 in
788 537 939 595 quibus
972 539 1074 581 forte
1108 539 1319 594 expositae
1358 539 1679 582 inveniantur».

286 608 351 656 Ob
387 611 584 654 materiae
617 611 918 652 connexionem
954 609 1122 652 additur
1143 608 1171 666 ξ
1193 611 1236 650 4.
1261 607 1307 650 St
1341 607 1545 665 inzaqines
1573 620 1791 651 «sacrae»

168 684 282 724 iuxta
315 680 437 723 Tituli
472 679 725 723 declaratam
762 681 1087 735 inscriptionem,
1123 691 1217 721 nam
1252 678 1426 721 dicitur:
1452 681 1489 730 a)
1513 677 1707 735 publicae
1739 692 1798 721 ve-

168 751 385 795 nerationi
416 750 646 808 eoepositue,
683 749 791 792 unde
826 752 864 792 in
900 749 1087 792 ecclesiis
1122 748 1186 792 vel
1222 750 1412 792 oratoriis
1446 748 1634 805 publicis,
1661 748 1698 804 b)
1722 748 1799 792 sol-

169 822 364 866 lemniter
396 821 529 879 quoad
566 824 810 877 apparatum
846 819 1159 870 benedicantur,
1190 819 1291 862 lutee
1323 819 1531 863 declarata
1567 819 1798 864 benedictio

173 892 406 936 Ordt'nario
440 892 490 935 ad
541 903 728 934 normam
773 903 862 934 can.
901 891 981 934 198
1014 893 1038 944 ἓ
1075 891 1089 932 1
1141 892 1253 933 iuxta
1289 890 1452 933 illorum
1497 903 1709 934 sacrorum
1746 890 1798 933 lo-

168 977 311 1008 corum
351 962 649 1006 subiectionem
696 966 953 1015 reservatur,
986 974 1093 1020 quae
1142 960 1313 1018 proinde
1358 963 1515 1017 regitur
1561 974 1651 1005 can.
1685 962 1796 1004 1147

168 1035 225 1092 ἓξ
260 1035 296 1089 Q,
322 1034 369 1086 33
405 1034 476 1091 qui
511 1039 646 1076 tumen
684 1037 857 1090 uterque
891 1030 1139 1077 Ordinarius
1170 1038 1306 1090 potest
1339 1046 1428 1074 eant
1463 1031 1633 1075 cuilibet
1664 1047 1798 1075 saeer-

170 1105 257 1150 doti
289 1105 386 1149 cleri
421 1104 647 1148 saecularis
682 1103 746 1147 vel
784 1104 961 1160 religiosi
996 1103 1253 1146 committere
1285 1103 1335 1146 atl
1370 1103 1460 1150 hoc,
1496 1108 1539 1146 ut
1573 1103 1682 1146 licite
1715 1104 1797 1147 fiat.

290 1176 386 1220 149.
423 1177 496 1221 De
529 1178 795 1232 imaginum
829 1177 1162 1232 reparatione.
1196 1173 1357 1217 Novum
1393 1179 1451 1217 est
1475 1187 1654 1231 sequens
1688 1187 1798 1230 prae·

169 1250 381 1304 scriptum.
422 1245 521 1289 Can.
548 1248 679 1290 1280.
714 1245 925 1303 Intuqt'nes
959 1251 1002 1289 ut
1036 1248 1074 1288 in
1108 1245 1229 1289 Tituli
1273 1247 1553 1301 inscriptione,
1586 1258 1664 1302 qua
1698 1245 1799 1288 tales

169 1321 207 1373 a]
239 1317 465 1376 pretiosae,
489 1316 612 1370 idest.
639 1322 680 1359 ut
714 1317 947 1373 explicatur
980 1319 1018 1359 in
1043 1329 1213 1362 canone.
1239 1329 1317 1359 non
1354 1318 1576 1359 intrinseco
1602 1318 1799 1359 materiae

171 1389 326 1443 valore,
362 1402 397 1430 v.
433 1402 493 1445 gr.
530 1391 622 1444 quia
659 1401 706 1431 ex
743 1401 844 1431 auro
888 1387 952 1430 vel
982 1393 1158 1444 argento
1200 1389 1279 1430 sint
1313 1388 1529 1443 conflatae,
1563 1387 1633 1430 sed
1669 1387 1707 1442 a)
1741 1400 1799 1429 re-

172 1465 340 1514 tustute,
379 1458 593 1503 videlicet:
629 1459 832 1515 depictae,
867 1458 1053 1515 sculptae
1088 1457 1226 1501 multis
1268 1457 1418 1501 abhinc
1467 1470 1487 1501 a
1522 1463 1631 1501 retro
1664 1458 1798 1500 forsan

169 1530 359 1583 saeculis,
385 1529 422 1583 b)
455 1535 560 1583 urle,
589 1532 685 1587 quia
720 1542 844 1586 opera
880 1532 1049 1586 pictoris
1085 1528 1148 1572 vet
1182 1528 1403 1585 sculptoris
1436 1531 1572 1584 magni
1607 1531 1797 1582 nominis,

170 1600 235 1644 vel
270 1602 308 1643 in
343 1601 472 1643 forma
507 1613 649 1642 eorum
684 1602 878 1654 artistica,
913 1599 950 1655 c}
984 1605 1058 1641 aut
1101 1598 1215 1641 cultu
1249 1612 1330 1655 quo
1378 1612 1447 1642 eas
1490 1599 1633 1642 fideles
1666 1612 1800 1655 prose-

169 1676 367 1729 quuntur,
399 1676 681 1728 praestantes,
715 1672 875 1713 etiamsi
924 1684 973 1713 ex
1024 1675 1229 1726 postrema
1278 1682 1400 1713 causa
1454 1669 1568 1713 valor
1617 1672 1797 1726 ipsarum

169 1741 407 1798 temporalis
439 1743 489 1784 sit
524 1740 639 1783 nihili
676 1740 980 1797 ponderandus,
1006 1739 1043 1793 b)
1078 1740 1121 1783 t'n
1155 1740 1342 1782 ecelesiis
1374 1739 1437 1782 vel
1469 1740 1674 1783 oratoriis
1709 1745 1798 1782 tan-

171 1811 379 1855 tummodo
409 1811 589 1869 publicis
622 1810 808 1867 fidelium
852 1811 1114 1853 venerationi
1156 1811 1385 1868 eoepositae,
1421 1810 1540 1854 aliter
1583 1824 1662 1853 non
1705 1816 1798 1853 sunt

170 1885 339 1926 canonis
372 1882 594 1936 obiectum,
629 1882 722 1925 illae
766 1884 891 1938 igitur
930 1884 1210 1937 «imagines»
1249 1881 1287 1924 si
1328 1881 1495 1939 quando
1529 1881 1800 1939 reparatione

170 1953 391 2010 indt'yeant
425 1953 475 1996 ob
509 1953 805 1996 detrimentum
841 1966 889 1996 ex
927 1952 1125 2009 tempore,
1159 1955 1266 1996 aeris
1300 1952 1576 2008 inclementia,
1605 1952 1665 1995 vel
1701 1965 1797 1996 casu

172 2024 309 2081 aliquo
344 2026 605 2079 proveniens,
631 2037 855 2081 numquam
892 2029 1188 2066 restaurentur
1222 2023 1383 2066 illorum
1419 2022 1590 2066 arbitrio
1618 2023 1800 2080 att-quos

173 2096 348 2150 pertinet
382 2094 625 2149 dominium,
663 2094 725 2137 vel
762 2106 860 2137 cura
896 2096 1093 2150 ipsarum,
1131 2094 1221 2136 sine
1263 2093 1362 2137 dato
1401 2093 1573 2151 seriptis
1615 2096 1799 2136 taxative

172 2178 373 2207 consensu
406 2164 454 2206 ab
491 2163 724 2207 Ordt'nurio
764 2180 783 2205 ε(
804 2164 878 2208 loci
908 2164 971 2207 vel
997 2164 1208 2220 religionis
1241 2164 1444 2207 clericalis
1476 2168 1692 2220 exemptae
1725 2164 1798 2207 Su-

173 2238 333 2292 perior-e
367 2237 522 2278 maiore
543 2251 561 2275 ³>
594 2235 702 2291 (can.
728 2235 825 2286 198,
849 2235 877 2293 ξ
904 2235 944 2292 1)
973 2249 1044 2291 pro
1078 2235 1260 2278 locorum
1296 2248 1508 2278 sacrorum
1534 2235 1796 2288 diversitate,

173 2306 359 2349 alterutri
398 2319 494 2348 vero
529 2308 780 2362 iniungitur:
807 2306 891 2362 qui,
916 2311 1138 2363 antequam
1174 2305 1386 2348 licentiam
1414 2307 1487 2355 [sic
1515 2310 1685 2349 vocatur
1707 2318 1799 2348 con-

171 2389 315 2419 sensus
350 2378 387 2418 in
422 2378 601 2432 scriptis)
635 2376 846 2430 concedat,
882 2390 957 2419 uec
993 2376 1111 2432 plene
1153 2376 1305 2431 obedit,
1338 2379 1407 2431 qui
1452 2381 1673 2433 antequam
1708 2389 1798 2419 exe-

172 2451 265 2489 cuta
301 2447 420 2489 t'uerit
457 2448 673 2502 reparatio,
709 2446 873 2489 licentia
908 2449 1020 2502 prius
1053 2459 1262 2501 concessa,
1284 2446 1525 2504 prudentes,
1552 2451 1594 2489 ut
1627 2448 1800 2489 circum-

174 2518 345 2559 stantias
364 2515 467 2559 bene
492 2516 759 2572 perpendant,
785 2517 905 2559 simul
932 2531 980 2558 ae
999 2517 1160 2574 peritos
1193 2519 1302 2560 circa
1337 2519 1615 2572 antiquitates,
1644 2516 1706 2558 vet
1733 2529 1799 2572 pe-

175 2587 372 2630 culiarem
409 2589 601 2642 imaginis
624 2592 768 2636 artem,
790 2587 900 2630 utros
933 2587 1137 2633 consulat,
1173 2588 1315 2631 saltem
1351 2587 1455 2630 duos
1489 2589 1601 2630 iuxta
1636 2600 1718 2642 reg.
1746 2587 1800 2629 to

174 2656 279 2700 luris
316 2659 352 2699 in
390 2656 445 2699 6⁰.
487 2673 505 2697 α
528 2656 700 2700 Pluralis
734 2657 899 2710 locuti0,
923 2658 1099 2700 duorum
1135 2671 1308 2701 numero
1341 2662 1400 2700 est
1434 2662 1625 2701 contenta
1643 2672 1681 2701 ».
1708 2657 1800 2699 Post

294 2810 303 2830 ¹
333 2809 424 2843 Dec.
454 2809 499 2842 30
524 2809 659 2843 Martii
688 2810 790 2843 1921.
821 2809 894 2844 CO.
921 2809 1032 2851 XIII,
1060 2810 1137 2844 197.
