1965 3240
0 2478 39 2606 ,Ξ
88 2607 93 2615 ³

0 2560 10 2616 ,v

0 3015 33 3071 'aar
0 2610 39 3006 wwsssszssassazssstgz

740 487 930 535 PARS
963 488 1239 535 TERTIA

692 643 792 703 De
838 643 1018 703 cultu
1064 643 1283 704 divino

218 967 300 1003 Cis.
336 967 434 1004 1255.
463 989 479 993 —
508 972 527 1010 ξ
560 969 587 1003 1.
609 967 859 1003 Sanctissimae
875 969 950 1003 'l'ri—

169 1014 285 1055 nitati,
313 1015 462 1060 singulis
479 1016 633 1051 eiusdem
656 1016 828 1055 Personis,
850 1017 948 1051 (jbri-

165 1067 221 1098 sto
248 1062 404 1101 Domino.
443 1064 547 1098 etiam
587 1064 651 1098 sub
689 1064 870 1109 speciebus
896 1077 949 1100 sa-

168 1110 453 1152 cramentalibtiS‚
481 1111 625 1146 debetur
659 1112 772 1146 cultus
802 1112 946 1153 latriae;

168 1156 293 1193 Beatae
320 1157 448 1193 Mariae
479 1157 611 1203 Virgini
639 1159 753 1194 cultus
774 1159 947 1205 hyperdu-

169 1204 252 1245 liae}
282 1205 360 1240 aliis
379 1217 456 1240 eum
479 1204 616 1241 Christo
636 1206 671 1240 in
690 1207 784 1242 caelo
802 1218 949 1251 regnan-

168 1252 262 1287 tibus
288 1252 402 1287 cultus
427 1253 555 1288 duliae.

216 1299 293 1345 5¹2.
323 1299 438 1335 Sacris
476 1311 610 1347 quoque
648 1301 805 1347 reliquiis
845 1306 949 1347 atque

168 1346 383 1391 imaginibus
411 1350 585 1383 veneratio
610 1353 643 1384 et
668 1349 782 1384 cultus
805 1348 949 1384 debetur

167 1394 333 1430 relativus
370 1405 536 1441 personae
568 1396 612 1431 ad
640 1407 746 1442 quam
780 1396 949 1442 reliquiae

168 1441 410 1487 imaginesque
436 1443 648 1478 referuntur.

217 1488 301 1525 Cis.
349 1488 448 1525 1256.
489 1512 505 1515 -
534 1489 667 1531 Cultus,
706 1491 734 1526 si
773 1491 949 1526 deferatur

167 1536 312 1571 *nomine
331 1536 501 1573 Ecclesiae
519 1549 539 1573 a
559 1538 715 1584 personis
734 1538 887 1583 legitime
904 1538 946 1573 ad

168 1584 232 1619 hoc
257 1584 432 1630 deputatis
458 1589 491 1620 et
517 1596 578 1631 per
602 1590 700 1621 actus
717 1597 757 1621 ex
778 1586 948 1621 Ecclesiae

166 1631 389 1667 >institutione
417 1632 497 1673 Deo,
528 1632 666 1668 Sanctis
684 1644 725 1668 ao
744 1633 857 1669 Beatis
876 1638 949 1668 tan-

167 1683 242 1714 tum
269 1679 494 1732 exhibendos,
522 1680 650 1715 dicitur
684 1680 856 1727 publicus,·
893 1681 946 1715 sin

169 1737 301 1764 minus,
327 1734 493 1772 pravatus.

216 1774 302 1810 cm.
334 1773 436 1809 1257.
465 1796 481 1800 —
512 1774 623 1810 Unius
650 1775 869 1822 Apostolieae
888 1774 946 1811 Se-

167 1821 221 1856 dis
247 1825 299 1857 est
325 1825 398 1856 tum
420 1832 555 1857 sacram
576 1822 739 1858 ordinare
759 1823 948 1867 liturgiam,

167 1873 242 1903 tum
269 1868 446 1913 liturgicos
472 1870 665 1915 approbare
692 1870 811 1905 libros.

214 1914 299 1951 CAN.
331 1914 431 1951 1258.
463 1938 479 1942 -
508 1921 527 1959 g
560 1917 587 1951 Ι.
617 1917 716 1953 Haud
745 1918 878 1954 licitum
898 1923 949 1953 est

168 1962 329 1998 fidelibus
355 1963 478 2009 quovis
505 1965 606 2000 modo
643 1965 755 2001 active
788 1966 949 2001 assistere

167 2021 228 2045 seu
255 2016 388 2057 partem
417 2011 544 2048 habere
570 2012 606 2046 in
642 2013 751 2048 saeris
782 2013 948 2049 acatholi-

168 2068 302 2094 corum.

215 2109 235 2149 ξ
261 2105 294 2140 2.
323 2105 473 2141 Tolerari
503 2110 613 2152 potest
641 2107 837 2152 praesentia
873 2119 948 2152 pas-

167 2152 242 2188 siva
267 2163 327 2188 seu
355 2164 448 2189 mere
475 2153 680 2196 materialis,
705 2155 818 2190 civilis
844 2155 945 2191 otlicii

169 2199 221 2236 vel
248 2199 390 2236 honoris
416 2211 532 2242 causa,
553 2201 596 2237 ob
614 2213 755 2247 gravem
775 2203 947 2238 rationem

164 2247 212 2282 ab
239 2247 407 2294 Episcopo
434 2249 469 2283 in
497 2259 577 2284 casu
597 2249 693 2284 dubii
717 2250 945 2296 probandam,

169 2295 206 2329 in
231 2295 505 2331 acatholicorum
535 2296 727 2335 funeribus.
751 2298 885 2343 nuptiis
904 2298 947 2332 si-

167 2341 383 2389 milibusque
409 2343 606 2385 solemniis,
647 2345 837 2381 dummodo
880 2357 949 2391 per-

167 2389 338 2425 versionis
363 2394 396 2425 et
422 2390 579 2426 scandali
613 2392 806 2437 periculum
841 2393 945 2427 absit.

215 2435 299 2472 CAN.
331 2436 430 2472 1259.
460 2459 476 2463 -
505 2443 525 2481 ξ
554 2437 584 2473 l.
615 2438 800 2475 Orationes
826 2445 858 2475 et
880 2440 947 2485 pie-

167 2484 249 2520 tatis
274 2483 437 2521 exercitia
462 2496 507 2521 ne
527 2486 774 2531 permittantur
793 2487 826 2521 in
846 2487 950 2523 eccle-

166 2530 230 2566 siis
257 2532 307 2567 vel
334 2532 494 2567 oratoriis
520 2533 596 2568 sine
630 2534 801 2570 revisione
833 2540 865 2569 et
892 2546 947 2570 ex-

169 2589 288 2624 pressa
314 2577 494 2615 Ordinarii
523 2580 586 2615 loci
628 2581 782 2622 licentia,
820 2582 878 2627 qui
912 2582 945 2616 in

164 2625 306 2661 casibus
332 2626 586 2662 difficilioribus
612 2639 684 2664 rem
720 2633 826 2664 totam
867 2628 946 2665 Sedi

169 2673 387 2719 Apostolicae
413 2674 588 2710 subiiciat.

216 2724 235 2763 ἓ
261 2720 295 2755 2.
327 2721 402 2757 Loci
432 2720 643 2758 Ordinarius
680 2723 801 2768 nequit
842 2734 947 2758 novas

168 2767 310 2803 litanias
336 2769 530 2815 approbare
565 2769 701 2816 publice
734 2770 944 2806 recitandas.

216 2813 302 2850 (ΣΗ.
334 2815 436 2850 1260.
468 2836 483 2843 -
521 2816 692 2852 Ecclesiae
718 2817 869 2852 ministri
911 2818 945 2852 in

167 2861 264 2897 cultu
290 2863 481 2899 exercendo
515 2864 619 2899 unice
652 2876 672 2900 a
703 2863 948 2910 Superioribus

168 2909 415 2947 ecclesiasticis
441 2911 637 2957 dependere
662 2911 803 2947 debent.

1071 969 1156 1005 (jis.
1192 969 1291 1004 1261.
1322 992 1335 995 κ
1366 975 1384 1013 ξ
1416 971 1442 1004 1.
1469 970 1629 1005 Locorum
1652 971 1800 1005 Ordina-

1024 1016 1063 1050 rii
1103 1017 1295 1061 advigilent
1334 1023 1369 1052 ut
1408 1029 1584 1052 sacrorum
1625 1030 1799 1053 canonum

1026 1067 1236 1110 praescripta
1262 1065 1303 1099 de
1329 1066 1447 1100 dixino
1474 1066 1567 1100 cultu
1595 1067 1713 1101 sedulo
1744 1066 1800 1101 ob-

1023 1117 1217 1153 serventur,
1246 1117 1278 1147 et
1307 1113 1508 1158 praesertim
1537 1124 1580 1148 ne
1607 1115 1641 1147 in
1669 1113 1799 1148 cultum

1022 1158 1182 1194 divinum
1210 1159 1282 1194 sive
1309 1160 1487 1206 publicum
1522 1161 1594 1195 sive
1630 1161 1801 1207 privatum

1022 1211 1082 1241 aut
1109 1206 1145 1241 in
1173 1207 1415 1252 quotidianam
1445 1208 1599 1243 fidelium
1620 1209 1725 1243 vitam
1746 1220 1801 1243 su-

1025 1254 1223 1300 perstitiosa
1250 1255 1321 1290 ulla
1356 1255 1470 1301 praxis
1505 1256 1702 1295 inducatur,
1743 1260 1801 1289 aut

1022 1301 1214 1348 quidquam
1233 1303 1438 1338 admittatur
1457 1314 1476 1337 a
1497 1303 1562 1338 tide
1580 1303 1733 1338 alienum
1750 1303 1801 1338 vel

1021 1350 1065 1384 ab
1091 1350 1324 1385 ecclesiastica
1344 1350 1530 1385 traditione
1548 1350 1719 1385 absonum
1751 1350 1801 1385 vel

1022 1396 1134 1442 turpis
1156 1402 1320 1443 quaestus
1339 1398 1488 1443 speciem
1510 1398 1755 1443 praeseferens.

1070 1449 1089 1486 ξ
1116 1444 1147 1479 2.
1175 1443 1210 1480 Si
1239 1445 1303 1480 loci
1324 1444 1535 1481 Ordinarius
1555 1445 1645 1490 leges
1666 1456 1725 1491 pro
1741 1456 1802 1480 suo

1022 1491 1195 1527 territorio
1222 1493 1286 1528 hae
1314 1493 1348 1527 in
1376 1504 1411 1528 re
1438 1492 1567 1533 tulerit,
1596 1493 1700 1527 etiam
1730 1492 1803 1528 reli-

1022 1539 1107 1583 giosi
1135 1550 1271 1581 omnes,
1300 1540 1449 1586 exempti
1486 1551 1635 1585 quoque,
1671 1539 1801 1584 obliga-

1023 1588 1116 1621 tione
1157 1592 1322 1623 tenentur
1363 1587 1501 1623 easdem
1545 1587 1729 1628 servandi,·
1770 1592 1799 1622 et

1023 1632 1234 1670 Ordinarius
1274 1640 1383 1681 potest
1421 1635 1610 1671 eorundem
1638 1634 1802 1670 ecclesias

1024 1681 1073 1716 vel
1105 1682 1243 1727 publica
1269 1683 1420 1718 oratoria
1447 1682 1481 1716 in
1513 1683 1605 1717 hunc
1633 1683 1737 1717 tinem
1758 1681 1802 1715 vi-

1023 1731 1143 1764 sitare.

1071 1776 1155 1811 CAN.
1191 1776 1290 1811 1262.
1331 1798 1346 1802 -
1388 1781 1407 1819 ἓ
1450 1777 1477 1811 l.
1517 1774 1721 1822 Optanduin
1751 1782 1799 1816 ut,

1023 1829 1256 1868 congruenter
1282 1824 1447 1870 antiquae
1473 1824 1693 1869 disciplinae,
1728 1834 1803 1858 mu-

1025 1871 1125 1907 lieres
1153 1871 1188 1905 in
1215 1871 1365 1908 eeclesia
1384 1876 1562 1917 separatae
1580 1872 1652 1906 siut
1670 1883 1689 1906 a
1709 1870 1798 1905 viris,

1071 1923 1090 1961 ξ
1117 1918 1149 1953 2.
1184 1918 1253 1954 Viri
1282 1920 1318 1954 in
1345 1919 1492 1955 ecclesia
1512 1919 1561 1954 vel
1581 1925 1677 1954 extra
1695 1918 1803 1953 eccle-

1023 1966 1126 2006 siam,
1145 1966 1229 2001 dum
1245 1966 1353 2002 sacris
1372 1966 1496 2001 ritibus
1510 1965 1689 2006 assistunt,
1711 1965 1802 2000 nudo

1022 2014 1136 2059 capite
1170 2014 1250 2055 sint,
1292 2014 1357 2049 nisi
1392 2014 1487 2049 aliud
1527 2014 1639 2049 ferant
1668 2013 1798 2059 probati

1024 2061 1230 2107 populorum
1259 2073 1370 2097 mores
1396 2066 1455 2096 aut
1476 2060 1663 2106 peculiaria
1682 2071 1798 2095 rerum

1022 2109 1208 2149 adiuncta;
1240 2109 1402 2144 mulieres
1428 2114 1556 2148 autem,
1587 2108 1699 2153 capite
1725 2118 1800 2142 coo—

1026 2161 1119 2201 perto
1133 2160 1165 2191 et
1180 2157 1334 2191 modeste
1350 2156 1503 2197 vestitae,
1524 2155 1674 2190 maxime
1692 2166 1798 2200 quum

1022 2203 1065 2238 ad
1094 2214 1251 2239 mensam
1283 2203 1502 2239 Dominicam
1530 2203 1712 2238 accedunt.

1071 2250 1156 2285 CAN.
1189 2250 1291 2285 1263.
1321 2272 1344 2277 -
1370 2255 1388 2294 ,ξ’
1419 2251 1461 2285 1.’
1481 2250 1589 2285 Potest
1619 2249 1798 2294 magistra-

1023 2298 1128 2339 tibus,
1156 2310 1217 2344 pro
1242 2296 1379 2333 eorum⁷
1399 2298 1571 2343 dignitate
1605 2302 1637 2332 et
1675 2297 1797 2341 gradu.

1024 2345 1117 2380 locus
1156 2347 1192 2380 in
1231 2346 1375 2381 ecclesia
1411 2356 1485 2381 esse
1518 2344 1716 2382 distinctus,
1753 2344 1797 2379 ad

1024 2403 1183 2428 normam
1212 2393 1327 2437 legum
1355 2393 1607 2437 liturgicarum.

1070 2444 1089 2482 ἓ
1123 2440 1156 2474 2.
1195 2440 1280 2476 Sine
1316 2451 1477 2485 expresso
1517 2438 1695 2474 Ordinarii
1736 2438 1799 2473 loci

1023 2498 1193 2523 consensu
1224 2498 1324 2523 nemo
1352 2487 1463 2522 fidelis
1482 2487 1594 2521 locum
1619 2485 1742 2520 babeat
1764 2485 1796 2519 in

1021 2535 1166 2571 ecclesia
1193 2535 1258 2570 sibi
1278 2535 1419 2581 suisque
1439 2539 1670 2573 reservatum;
1698 2530 1798 2567 Ordi-

1024 2583 1144 2617 narius
1170 2588 1286 2618 autem
1314 2593 1522 2617 consensum
1552 2592 1594 2615 ne
1624 2579 1794 2625 praebeat.

1023 2630 1090 2665 nisi
1111 2634 1302 2665 ceterorum
1324 2629 1477 2664 fidelium
1497 2627 1735 2663 commoditati
1755 2627 1796 2661 sit

1022 2677 1232 2712 sufficienter
1258 2677 1469 2711 consultum.

1069 2728 1088 2766 ξ
1116 2726 1148 2757 3.
1179 2723 1223 2759 Ea
1250 2735 1385 2766 semper
1414 2723 1510 2758 tactis
1540 2722 1573 2756 in
1609 2721 1798 2756 concessio·

1023 2772 1128 2806 nibus
1156 2771 1245 2806 inest
1271 2771 1375 2806 tacita
1400 2769 1565 2809 conditio,
1593 2773 1628 2804 ut
1648 2766 1797 2803 Ordina-

1023 2820 1094 2853 rius
1122 2819 1240 2864 possit,
1267 2829 1304 2853 ex
1334 2818 1420 2852 iusta
1460 2828 1578 2852 causa.
1606 2816 1797 2850 concessio-

1023 2877 1103 2901 nem
1130 2876 1303 2905 revocare,
1342 2876 1409 2900 non
1449 2864 1608 2899 obstante
1646 2863 1797 2908 quolibet

1025 2912 1189 2958 temporis
1219 2913 1376 2947 decursu.
