1965 3240
150 131 220 164 216
528 128 611 162 Lm.
639 129 708 163 ΙΙΙ.
735 150 747 155 -
774 130 883 165 PARS
910 131 980 166 ΙΙΙ.
1008 152 1018 157 -
1046 132 1102 166 De
1127 132 1239 166 cultu
1264 133 1397 166 divino

155 264 175 289 ((
202 248 419 291 Promissio
443 253 579 291 autem
606 249 791 304 procedit
814 263 864 292 ex
890 253 1096 306 proposito
1129 250 1320 294 faciendi.
1346 250 1603 307 Propositum
1633 258 1773 297 autem

149 319 329 376 aliquam
364 317 704 362 deliberationem
743 322 988 377 praeexigit,
1019 334 1113 364 cum
1147 322 1198 363 sit
1230 325 1346 364 actus
1369 321 1593 365 voluntatis
1616 323 1771 368 delibe-

152 394 277 432 ratae.
312 389 377 432 Sic
412 402 512 445 ergo
545 389 594 431 ad
635 394 773 432 votum
820 392 895 433 tria
941 404 989 433 ex
1035 393 1279 434 necessitate
1314 394 1606 448 requiruntur:
1641 396 1777 450 primo

149 460 318 517 quidem
342 459 608 506 deliberatio:
642 461 825 503 secundo
851 464 1103 517 propositum
1131 461 1365 516 voluntatis,
1392 465 1512 505 tertio
1543 466 1775 520 promissio,

150 533 188 573 in
223 543 302 587 qua
339 531 552 586 perticitur
587 532 688 573 ratio
725 533 806 573 voti
828 546 846 571 ))
877 533 903 573 ¹.
942 532 1111 588 Propter
1144 531 1220 576 hoc
1244 537 1355 576 recte
1381 546 1511 576 canon
1537 536 1615 578 ait:
1647 549 1779 591 «pro-

151 603 335 643 missio»
373 599 605 643 deliberata
640 601 774 657 quoad
818 603 1032 651 rationem,
1067 616 1116 644 ac
1150 601 1283 645 libera
1322 603 1454 660 quoad
1505 604 1777 659 voluntatem,

156 670 235 714 Deo
268 671 385 728 [ποία
420 673 530 713 iuxta
567 670 664 713 illud
702 671 828 714 isaiae
862 671 991 729 (ΧΙΧ,
1026 672 1120 729 21);
1151 688 1172 713 ((
1194 672 1335 717 Colent
1367 687 1461 717 eum
1498 676 1535 717 in
1571 674 1714 719 hostiis
1736 681 1776 719 et

151 741 406 793 muneribus,
440 746 477 784 et
515 747 606 784 vota
645 742 855 785 vovebunt
887 742 1074 799 Domino,
1109 748 1148 786 et
1178 743 1402 799 solvent»,
1437 747 1518 788 imo
1557 751 1615 788 est
1659 751 1778 789 actus

152 812 307 860 latriae,
342 825 433 855 nam
474 828 495 853 (c
523 817 661 855 votum
697 818 756 856 est
790 813 994 857 ordinatio
1027 827 1170 857 eorum
1195 827 1301 871 quae
1325 817 1417 872 quis
1443 821 1566 859 vovet
1599 819 1638 859 iu
1672 817 1773 860 divi-

151 896 247 926 num
282 883 437 926 cultum
471 896 542 926 seu
576 882 834 940 obsequium.
869 883 960 940 lpsa
987 898 1086 928 vero
1109 885 1313 928 ordinatio
1337 890 1503 929 actuum
1538 888 1776 930 cuiuscum-

150 967 230 1011 que
268 955 431 996 virtutis
476 955 514 996 in
558 956 774 996 servitium
812 953 896 1008 Dei,
932 959 991 997 est
1035 957 1225 1011 proprius
1267 960 1384 998 actus
1423 955 1610 999 latriae»
1640 958 1668 1004 ².
1702 957 1773 1000 sed

150 1024 245 1067 addi
279 1038 381 1080 opus
415 1025 508 1066 tuit:
544 1023 595 1066 [Ie
627 1023 728 1067 bono
759 1024 955 1082 possibile·
987 1030 1025 1067 et
1058 1025 1239 1081 meliori,
1275 1028 1383 1083 quia,
1419 1031 1461 1069 ut.
1499 1029 1555 1069 ait
1590 1026 1633 1071 l).
1669 1027 1772 1070 Tllo-

151 1095 297 1138 masss:
339 1095 603 1138 «Promissio
642 1100 701 1138 est
735 1095 909 1138 alicuius
952 1096 1062 1153 quod
1107 1098 1198 1153 quis
1243 1110 1315 1151 pro
1358 1096 1496 1154 aliquo
1543 1097 1777 1141 voluntarie

151 1166 258 1209 facit.
293 1165 380 1208 Non
416 1167 524 1208 enim
560 1170 665 1209 esset
700 1168 930 1222 promissio,
962 1167 1032 1209 sed
1068 1169 1348 1222 comminatio,
1383 1170 1413 1210 si
1439 1170 1530 1225 quis
1554 1168 1709 1212 diceret
1731 1183 1777 1212 se

150 1242 291 1280 contra
325 1236 505 1294 aliquem
548 1238 767 1280 facturum.
812 1237 1010 1281 Similiter
1056 1251 1159 1281 vana
1202 1244 1306 1282 esset
1347 1241 1578 1294 promissio,
1610 1242 1643 1282 si
1683 1242 1779 1296 quis

150 1307 275 1350 alicui
322 1310 581 1364 promitteret
625 1308 662 1350 id
703 1308 812 1366 quod
859 1311 893 1351 ei
940 1322 1017 1351 non
1062 1313 1169 1352 esset
1206 1314 1437 1366 acceptum.
1471 1309 1520 1353 Et
1555 1311 1645 1354 ideo
1678 1324 1773 1354 cum

150 1391 271 1421 omne
307 1384 520 1434 peccatum
555 1381 605 1422 sit
639 1384 780 1422 contra
814 1378 960 1432 Deum,
995 1393 1069 1423 nec
1103 1380 1270 1437 aliquod
1305 1394 1408 1437 opus
1450 1383 1501 1423 sit
1538 1380 1623 1424 Deo
1656 1394 1773 1425 acce-

150 1455 278 1506 ptum,
314 1452 389 1492 nisi
423 1452 473 1492 sit
510 1452 764 1503 virtuosum3
799 1464 1057 1507 consequens
1090 1456 1150 1494 est
1174 1451 1283 1509 quod
1309 1452 1359 1494 de
1383 1451 1493 1495 nullo
1520 1452 1675 1506 illicite,
1700 1466 1777 1496 nec

149 1520 200 1563 de
233 1520 371 1578 aliquo
407 1521 655 1564 indifferenti
690 1521 841 1564 debeat
874 1522 962 1565 fieri
1002 1526 1156 1575 votum,
1181 1522 1252 1566 sed
1277 1522 1408 1565 solum
1433 1523 1484 1565 de
1517 1522 1655 1580 aliquo
1680 1527 1775 1566 actu

151 1593 326 1634 virtutis.
361 1592 439 1635 Sed
475 1594 569 1648 quia
608 1597 747 1635 votum
784 1595 1097 1649 promissionem
1139 1593 1417 1637 voluntariam
1464 1596 1670 1650 importat,
1704 1607 1775 1637 ne·

149 1664 318 1706 cessitas
350 1666 486 1705 autem
527 1662 779 1706 voluntatem
815 1663 1017 1716 excludit,
1051 1664 1088 1707 id
1123 1664 1231 1721 quod
1267 1668 1327 1707 est
1360 1664 1547 1708 absolute
1587 1677 1774 1708 necessa·

150 1735 255 1777 rium
291 1746 393 1787 esse,
430 1733 494 1776 vel
528 1746 607 1776 non
642 1747 745 1788 esse,
781 1733 892 1776 nullo
929 1735 1049 1777 niodo
1073 1734 1150 1778 sub
1177 1739 1270 1777 voto
1304 1735 1428 1778 cadit.
1461 1734 1639 1778 Stultum
1664 1738 1773 1778 enim

149 1808 268 1859 esset,
303 1806 334 1846 si
370 1806 461 1861 quis
496 1810 666 1847 voveret
701 1817 744 1847 se
778 1818 866 1847 esse
901 1807 1164 1858 moriturum,
1198 1805 1260 1848 vel
1295 1819 1338 1848 se
1371 1819 1450 1848 non
1491 1819 1579 1849 esse
1616 1805 1772 1849 volatu-

150 1888 254 1918 rum.
293 1900 345 1905 —
380 1874 482 1917 lllud
520 1888 618 1918 vero
652 1876 761 1932 quod
803 1889 880 1918 non
926 1875 1048 1919 habet
1090 1875 1321 1919 absolutam
1366 1879 1667 1928 necessitatem,
1701 1876 1773 1920 sed

150 1948 437 1989 necessitatem
473 1946 580 2001 linis,
614 1951 709 2002 puta
745 1948 840 2003 quia
874 1949 961 1989 sine
994 1960 1042 1990 eo
1076 1960 1155 1990 non
1201 1952 1333 2003 potest
1376 1961 1466 1990 esse
1507 1947 1630 1996 salus,
1664 1948 1772 1991 cadit

150 2016 316 2074 quidem
352 2015 428 2059 sul)
464 2022 571 2070 voto,
606 2019 850 2074 inquantum
889 2017 1120 2060 voluntarie
1154 2018 1209 2073 tit,
1243 2030 1323 2060 non
1357 2022 1495 2061 autem
1531 2020 1772 2074 inquantum

150 2092 209 2130 est
243 2089 511 2130 necessitatis.
548 2087 650 2130 Illud
685 2092 820 2130 autem
857 2088 964 2144 quod
1000 2101 1134 2145 neque
1167 2088 1276 2131 cadit
1310 2087 1386 2131 sub
1421 2091 1663 2131 necessitate
1701 2088 1771 2131 al)-

149 2158 294 2207 soluta‚
331 2172 464 2215 neque
496 2157 572 2202 sub
606 2160 849 2201 necessitate
884 2158 988 2214 finis,
1023 2161 1190 2202 omnino
1214 2164 1273 2202 est
1302 2158 1594 2213 voluntarium,
1619 2164 1658 2202 et
1681 2159 1776 2202 ideo

151 2228 228 2272 hoc
262 2230 531 2285 proprissime
565 2229 675 2272 cadit
707 2228 783 2272 sul)
819 2234 924 2273 voto.
960 2228 1047 2272 Hoc
1071 2234 1208 2272 autem
1242 2229 1395 2272 dicitur
1428 2243 1516 2272 esse
1551 2231 1683 2272 maius
1707 2229 1773 2273 bo-

151 2313 248 2342 num
284 2301 320 2341 in
354 2301 662 2355 comparatione
695 2299 745 2341 ad
781 2299 934 2342 bonum
969 2300 1077 2357 quod
1111 2302 1389 2343 communiter
1420 2304 1478 2343 est
1513 2300 1563 2343 de
1597 2302 1774 2343 necessi-

150 2375 231 2413 tate
264 2369 418 2413 salutis.
455 2369 563 2423 ideo,
598 2372 762 2425 proprie
797 2369 1016 2426 loquendo,
1050 2372 1169 2424 (sicut
1209 2386 1229 2411 ((
1254 2371 1365 2426 leges
1388 2370 1693 2414 ecclesiasticae
1718 2373 1776 2414 in·
1819 2399 1821 2401 »

150 2439 398 2496 telligendae
436 2445 572 2483 sunt»
620 2453 668 2482 ex
714 2452 803 2483 can.
850 2440 921 2497 18)
968 2445 1106 2483 votum
1151 2441 1303 2484 dicitur
1342 2454 1431 2484 esse
1473 2441 1568 2484 «de
1613 2440 1770 2484 meliori

151 2509 255 2554 hono
275 2527 313 2554 ι).
332 2537 383 2540 -—
401 2509 584 2566 Denique
612 2525 631 2551 «
649 2516 823 2553 votum»
852 2513 911 2554 sic
934 2511 1150 2554 delinitum
1170 2525 1221 2553 ω’
1241 2511 1394 2553 virtute
1417 2510 1650 2568 reliyiom's,
1675 2513 1771 2568 quia

156 2596 175 2621 <c
199 2594 320 2624 omne
344 2594 446 2637 opus
472 2583 635 2623 virtutis
657 2581 706 2623 ad
734 2580 975 2636 religionem
1010 2595 1081 2624 seu
1116 2581 1276 2624 latriam
1303 2584 1477 2638 pertinet
1504 2594 1575 2637 per
1603 2581 1770 2624 modum

151 2653 327 2707 imperii,
362 2651 588 2694 secundum
625 2651 731 2707 quod
768 2651 816 2693 ad
851 2651 1035 2694 divinam
1073 2654 1349 2695 reverentiam
1389 2652 1626 2695 ordinatur:
1661 2651 1770 2709 quod

151 2727 209 2764 est
246 2724 435 2777 proprius
470 2722 561 2764 linis
586 2722 742 2764 latriae.
777 2718 983 2764 Ordinare
1007 2726 1143 2765 autem
1167 2721 1268 2765 alios
1291 2727 1407 2765 actus
1431 2723 1469 2764 in
1493 2734 1612 2764 sunm
1632 2722 1772 2775 tinem,

270 2827 278 2847 ¹
308 2825 354 2859 D.
385 2825 455 2858 Th.
485 2825 593 2864 ΙΙ-ΙΙ,
623 2837 656 2869 q.
680 2824 941 2865 LXXXVIII,
971 2837 1003 2858 a.
1036 2828 1051 2859 1
1081 2837 1112 2859 c.
1154 2847 1185 2850 —
1211 2826 1224 2848 '2
1251 2826 1297 2860 D.
1327 2825 1399 2860 Th.
1429 2826 1500 2860 loc.
1530 2825 1597 2859 eit.
1626 2837 1661 2860 a.
1690 2827 1711 2860 5
1737 2838 1771 2860 c.

152 2892 194 2898 —
221 2872 234 2894 3
260 2872 349 2906 Loc.
375 2872 442 2905 cit.
472 2884 507 2906 a.
536 2873 557 2904 2
583 2884 613 2906 c.
