1965 3240
586 199 710 225 INDEX
737 199 929 225 CANONUM
956 201 1006 225 ET
1033 200 1313 227 COMMENTARH

1695 193 1764 228 589

1582 319 1659 341 CAN.
1685 320 1727 341 ΡΑ
1733 319 1763 341 G.

136 366 194 401 De
219 367 460 401 auctoritate
486 373 734 412 competente
761 367 802 402 in
830 372 1005 412 tempora
1030 379 1138 402 sacra
1162 394 1169 401 .
1491 396 1499 403 .
1555 371 1644 403 1244
1696 371 1762 404 122

137 425 194 460 De
221 425 474 470 dispensandi
499 426 691 460 facultate
722 453 730 461 .
1493 455 1501 463 .
1555 430 1645 463 1245
1698 430 1765 463 123

137 484 194 519 De
220 485 408 529 temporie
433 486 731 530 supputatione.
1493 514 1500 522 .
1556 490 1646 522 1246
1697 490 1763 523 125

799 602 984 639 TlTULUS
1011 603 1099 639 xm.

757 687 812 721 De
843 686 990 721 diebus
1020 686 1148 721 festis.

135 753 230 789 Can.
255 755 455 790 1247-1249
501 784 506 791 .
1696 760 1763 792 126

137 813 348 858 Inscriptio
375 814 500 848 Tituli
529 814 726 860 huiusque
752 827 947 851 canones.
1497 845 1502 850 .
1722 834 1735 847 ›

135 872 299 907 Dierum
325 873 517 908 festorum
544 874 733 909 elenchus
1494 903 1502 910 .
1556 877 1645 911 1247
1721 893 1734 907 a

136 932 289 967 Natura
313 932 435 967 huius
462 933 750 968 ecclesiasticae
778 935 879 980 legis
943 964 949 971 .
1495 962 1501 969 .
1557 936 1647 970 1248
1698 936 1765 970 128

135 991 263 1026 Locus
288 991 336 1026 ad
362 992 684 1027 satisfaciendum
711 1000 917 1039 praecepto
942 994 1132 1029 audiendi
1157 995 1320 1030 missam
1385 1022 1391 1029 .
1495 1021 1501 1028 .
1558 995 1647 1029 1249
1698 996 1765 1030 129

798 1112 984 1149 TlTULUS
1010 1112 1097 1148 xlv.

660 1196 716 1229 De
742 1195 991 1231 abstinentia
1017 1199 1055 1231 et
1084 1196 1248 1232 ieiunio.

134 1263 313 1298 Canones
341 1265 540 1299 1250-1253
1697 1269 1764 1302 129

133 1322 346 1368 Inscriptio
373 1324 500 1358 Tituli
527 1325 690 1370 eiusque
718 1337 888 1360 canones
941 1355 947 1361 .
1494 1354 1501 1362 .
1698 1327 1765 1362 130

133 1381 216 1416 Lex
241 1382 508 1418 abstinentiae
1493 1414 1500 1421 .
1554 1387 1646 1421 1250
1719 1403 1733 1417 >

133 1439 216 1475 Lex
241 1442 728 1477 ieiunii..
1494 1473 1501 1480 .
1555 1447 1644 1481 1251
1697 1447 1761 1481 131

132 1490 228 1534 Dies
255 1513 321 1545 pro
347 1501 491 1546 quibus
517 1470 738 1547 praedictae
767 1503 873 1561 leges
899 1503 1081 1549 obligant
1493 1531 1501 1540 .
1555 1507 1646 1540 1252
1697 1506 1764 1540 133

132 1559 341 1594 Limitatio
367 1561 651 1596 moderationis
677 1574 745 1607 per
770 1574 938 1597 canones
964 1563 1243 1609 praecedentes
1269 1564 1454 1599 inductae
1492 1592 1499 1598 .
1554 1565 1644 1600 1253
1695 1565 1762 1599 136

134 1618 304 1661 Quinam
333 1624 546 1655 teneantur
570 1621 690 1656 huius
717 1622 843 1656 Tituli
870 1623 1023 1668 legibus
1053 1650 1059 1657 .
1493 1651 1500 1658 .
1555 1625 1646 1659 1254
1696 1625 1761 1660 137

133 1677 281 1712 Utrum
308 1680 428 1713 ceteri
454 1691 590 1715 omnes
615 1681 663 1714 ad
690 1682 840 1716 ieiunia
864 1682 1062 1716 Ecclesiae
1089 1688 1303 1717 teneantur
1697 1684 1764 1718 138

755 1831 896 1868 PARS
927 1832 1138 1870 TERTIA.

710 1920 782 1963 De
816 1921 960 1964 cultu
993 1922 1185 1965 divino.

131 2019 310 2056 Canones
339 2023 537 2057 1255-1264
604 2050 611 2057 .
1691 2027 1757 2061 139

132 2079 321 2115 Schema:
351 2081 446 2116 Pars
472 2082 606 2118 tertia.
635 2082 695 2117 De
720 2084 832 2118 cultu
859 2084 997 2119 divino
1049 2111 1057 2119 .
1696 2085 1762 2119 140

131 2138 345 2185 Inscriptio
371 2141 502 2176 Partis
528 2148 568 2177 et
593 2143 714 2178 huius
740 2143 971 2178 distributio
998 2144 1040 2178 in
1067 2144 1223 2178 Titulos
1269 2173 1275 2179 .
1716 2159 1729 2174 »

132 2197 235 2232 Ordo
261 2211 458 2235 canonum
480 2203 725 2247 generalium
1489 2230 1496 2238 ·
1694 2205 1755 2236 141

132 2256 270 2292 Divini
296 2260 429 2294 cultus
454 2261 735 2296 distinctiones
761 2274 812 2297 ex
839 2267 982 2296 natura
1009 2263 1133 2307 ipsius
1154 2289 1161 2296 .
1485 2289 1493 2296 .
1548 2263 1638 2296 1255
1711 2278 1724 2291 ι

130 2315 286 2352 Divisio
311 2318 353 2352 in
379 2319 534 2354 cultum
559 2321 761 2365 publicum
787 2328 827 2355 et
853 2322 1054 2366 privatum
1485 2348 1492 2356 .
1547 2322 1637 2355 1256
1689 2322 1757 2355 143

130 2373 198 2409 Ius
224 2377 472 2414 exclusivum
499 2379 610 2414 Sedis
635 2381 885 2426 Apostolicae
935 2407 945 2416 .
1488 2408 1495 2415 .
1551 2382 1640 2415 1257
1715 2396 1728 2410 ›

130 2433 311 2470 Vetitum
337 2439 705 2474 communicationis
732 2441 773 2474 in
804 2441 926 2474 sacris
947 2439 1273 2474 acatholicorum.
1487 2467 1494 2474 .
1549 2440 1639 2474 1258
1693 2440 1757 2473 144

130 2491 297 2528 Decreta
330 2495 692 2544 declarationesque
731 2499 873 2544 Congr.
911 2498 948 2533 S.
977 2498 1134 2534 Officii:
1165 2499 1211 2534 de
1238 2500 1499 2534 communica-

225 2554 334 2588 tione
360 2555 401 2589 in
428 2556 574 2591 divinis
599 2569 688 2591 cum
714 2558 946 2592 acatholicis
1488 2585 1495 2592 .
1691 2558 1758 2591 145

131 2609 198 2644 Ius
224 2611 423 2648 Ordinarii
449 2614 524 2649 loci
550 2616 652 2650 circa
676 2617 840 2661 pietatis
866 2617 1056 2651 exercitia
1488 2643 1495 2651 .
1550 2618 1640 2650 1259
1691 2617 1757 2649 152

129 2668 345 2707 Exclusiva
371 2672 572 2708 Ordinarii
598 2680 774 2719 potestas
800 2675 841 2709 in
868 2676 1000 2710 cultus
1027 2676 1276 2710 exercitium.
1487 2702 1495 2709 .
1550 2676 1640 2708 1260
1690 2674 1757 2708 153

65 2732 67 2734 ’
128 2728 198 2763 Ius
223 2741 357 2764 eorum
385 2732 550 2777 urgendi
577 2744 757 2778 canones,
786 2734 1033 2777 advigilandi
1068 2735 1252 2780 legesque
1283 2734 1434 2770 serendi
1487 2761 1493 2768 .
1548 2734 1638 2767 1261
1713 2749 1726 2762 »

129 2787 188 2822 De
214 2789 328 2823 modo
356 2790 614 2826 inter-essendi
640 2792 768 2826 cultui
795 2792 953 2837 publico
1484 2820 1492 2828 .
1547 2794 1637 2827 1262
1688 2794 1756 2826 154

129 2847 233 2882 Loca
258 2847 436 2883 fidelium
462 2850 503 2884 in
528 2851 692 2885 ecclesia
713 2878 719 2885 .
1484 2879 1491 2887 .
1545 2852 1636 2886 1263
1687 2853 1755 2886 155

130 2906 188 2941 De
214 2907 454 2942 musicorum
480 2909 838 2944 instrumentorum
863 2921 939 2945 usu
964 2922 1008 2945 ac
1034 2911 1080 2946 de
1106 2917 1227 2946 cantu
1264 2938 1271 2945 .
1484 2938 1491 2945 .
1547 2912 1636 2946 1264
1689 2912 1754 2946 156
