1965 3240
281 146 364 180 Trr.
395 146 480 180 XV.
511 167 522 172 -
549 146 605 181 De
631 147 807 181 custodia
832 149 865 181 et
891 148 999 180 cultu
1027 150 1296 181 saneffisasffleae
1323 150 1595 182 Eucharistiae
1685 148 1749 182 167

128 265 198 308 sed
235 276 406 321 persona
440 276 564 321 cruam
602 266 900 320 praescriptum
928 267 1125 320 urgetsic
1152 270 1422 310 monstratur:
1456 272 1631 309 onerata
1653 280 1751 323 qra-

130 333 236 376 m‘ter
267 333 522 377 conscientia
557 333 804 389 sacerdotis,
841 336 892 376 ita
927 339 967 376 ut
1002 337 1195 390 ‹piamvis
1238 335 1485 391 negligentia
1532 339 1665 390 ignota
1701 339 1749 379 sit

128 404 232 457 attis,
266 417 313 447 eo
345 405 454 462 quod
490 405 660 448 effectus
696 418 849 461 pravus
881 410 1082 462 sequutus
1115 419 1192 447 non
1229 407 1362 456 luerit,
1387 420 1523 449 coram
1554 407 1633 449 Deo
1660 421 1752 450 reus

129 477 327 518 exsistere
362 477 486 531 possit
522 474 588 518 illo
624 474 853 532 presbyter,
888 475 959 532 qui
993 475 1192 517 ecclesiae
1226 475 1285 518 rel
1317 478 1498 519 maloi-ii
1537 477 1602 520 ubi
1637 480 1750 520 §sina

131 543 388 587 Eucliaristia
423 545 656 588 custoditur
688 558 830 587 curam
868 545 1136 601 principalem
1173 545 1306 587 habel.

250 615 347 660 ¹138.
368 617 441 661 De
460 618 647 673 pyxide
669 618 733 661 ad
757 618 1026 673 particulas
1050 620 1418 663 conservandas
1442 632 1488 660 cx
1512 618 1587 661 lut.
1610 618 1723 661 ltom.
1743 622 1749 640 ¹

129 690 187 728 est
224 685 445 729 translatus
478 686 731 729 adamussim
757 700 847 728 can.
876 689 1005 729 1:270.
1045 685 1286 729 Particulae
1309 694 1588 737 consecratae,
1612 704 1656 730 eo
1682 703 1751 730 nn-

129 769 256 812 mero,
290 769 368 799 non
405 756 510 817 ultra
547 756 674 806 illum,
711 757 783 814 qui
815 770 863 800 ex
902 757 1091 814 prudenti
1118 760 1378 813 praevisione
1412 759 1751 815 a)1'nfir1norum‚

130 829 199 883 qui
234 826 311 870 boc
343 839 462 871 sacro
496 840 600 884 pane
636 829 748 870 retici
784 827 936 871 debent
973 828 1033 871 vel
1071 829 1322 883 desiderent,
1359 829 1400 885 b)
1433 835 1471 871 ct
1505 830 1686 871 alimum
1712 833 1754 886 si-

130 897 301 952 delium,
334 900 403 955 qui
439 898 487 941 ad
517 911 677 941 sacram
717 912 899 942 mensam
935 899 1135 942 accedere
1167 899 1313 947 solent,
1339 901 1620 943 commotioni
1653 902 1758 943 salis

131 982 220 1011 esse
247 969 397 1026 possit,
432 982 481 1012 ne
514 968 565 1012 ob
600 969 893 1026 negligentiam
929 969 1178 1027 (plaudoque
1212 970 1422 1024 deliciant,
1451 977 1652 1028 perpetuo
1685 985 1756 1014 seu

132 1038 288 1097 absque
314 1042 613 1096 interruptione
643 1055 662 1080 (c
681 1043 804 1083 etiam
831 1041 1006 1083 durante
1030 1043 1293 1097 processione
1316 1036 1509 1098 Corporis
1531 1042 1678 1084 illiristi
1702 1059 1718 1081 »
1745 1042 1758 1063 ‘²

133 1116 431 1153 conservenlzu·
464 1113 500 1154 in
538 1111 725 1154 ecclesiis
756 1124 827 1154 seu
862 1114 1066 1164 oratoriis,
1101 1125 1207 1169 quae
1243 1112 1321 1155 talc
1347 1115 1408 1155 ius
1436 1112 1627 1167 habeant,
1652 1113 1691 1169 a)
1718 1114 1757 1156 in

130 1181 289 1239 pyxide
319 1195 391 1225 seu
431 1195 526 1225 vase
559 1182 750 1238 specialis
784 1184 938 1226 formae
971 1183 1096 1239 ampli
1131 1183 1285 1237 calicis,
1318 1197 1396 1226 non
1437 1186 1514 1227 «in
1549 1184 1758 1240 (hu-porali

133 1257 289 1296 tantum
327 1252 549 1306 involutae,
586 1256 707 1297 etiam
743 1256 905 1311 quoties
938 1255 1133 1296 timeatur
1157 1254 1389 1309 periculum
1425 1256 1618 1298 facinoris
1642 1255 1759 1313 (quo-

137 1325 271 1367 minus
308 1337 402 1367 vasa
426 1337 544 1368 sacra
568 1338 618 1367 ex
647 1324 810 1368 metallo
834 1326 1020 1368 confecta
1044 1338 1066 1368 a
1090 1325 1249 1369 furibus
1272 1325 1535 1382 diripiantur)
1556 1342 1574 1367 2>
1598 1325 1626 1370 ³.
1652 1326 1758 1383 quod

135 1394 349 1438 vasculum
385 1397 435 1438 sit
471 1395 513 1452 b)
547 1409 599 1438 ex
631 1394 783 1443 solida,
819 1409 898 1438 non
935 1395 1068 1452 fragili
1107 1409 1143 1437 v.
1169 1410 1230 1452 gr.
1261 1412 1281 1437 <(
1306 1397 1458 1453 pyxide
1486 1399 1612 1440 vitrea
1638 1399 1759 1440 etiam

135 1467 234 1508 locis
266 1465 542 1522 sylvestribus
573 1478 620 1510 ac
655 1468 883 1522 impeiw'iis,
910 1465 977 1509 ubi
1004 1466 1182 1509 latrones
1216 1467 1368 1510 metalli
1393 1480 1533 1510 amore
1557 1470 1663 1523 capti
1691 1481 1761 1524 py-

136 1536 252 1579 xides
276 1537 464 1579 furantur
487 1536 741 1580 horrendum
765 1537 1031 1593 sacrilegium
1059 1543 1342 1593 perpetrantes
1365 1554 1404 1589 )),
1428 1541 1532 1581 sicut
1556 1539 1593 1582 S.
1614 1538 1763 1595 Congr.

135 1606 214 1650 Rit.
250 1607 459 1663 respondit
503 1609 540 1650 in
587 1607 836 1651 Mindonien.
863 1608 878 1629 ⁴
912 1608 952 1665 c)
988 1607 1232 1666 decentique
1264 1609 1459 1655 materia,
1497 1622 1533 1649 v.
1569 1623 1628 1665 gr.
1668 1626 1685 1649 <t
1712 1623 1759 1651 cx

135 1691 264 1734 cupro
298 1678 497 1722 deaurato
520 1694 559 1734 )>‚
586 1684 627 1722 ut
661 1679 699 1722 S.
720 1679 764 1722 R.
789 1678 831 1723 C.
860 1681 1039 1736 permitti
1067 1693 1183 1735 posse
1206 1679 1434 1723 declaravit
1461 1683 1496 1723 in
1524 1693 1601 1723 una
1626 1681 1762 1723 Sancti

137 1748 350 1806 Hyppoliti
375 1749 404 1804 5,
437 1749 480 1806 (l)
515 1764 646 1808 eaque
683 1766 703 1791 «
729 1751 882 1807 pyxide
907 1767 926 1791 »
964 1750 1120 1793 rmunda
1155 1753 1327 1794 interius
1361 1753 1581 1807 praecipue
1615 1764 1661 1794 ac
1695 1765 1762 1794 ex-

137 1821 276 1867 terius,
311 1819 351 1877 e)
385 1827 424 1863 et
452 1834 526 1863 suo
550 1820 758 1878 operculo,
785 1821 956 1877 proinde
994 1821 1105 1864 vetut
1139 1821 1304 1878 pyxidis
1329 1827 1458 1877 parte,
1481 1817 1762 1866 bene'clausa.

139 1895 180 1933 ut
215 1890 424 1946 quaelibet
459 1891 691 1935 indecentia
729 1894 895 1945 vitetur,
930 1894 959 1947 t')
993 1898 1188 1949 cooperta
1222 1891 1314 1935 albo
1357 1905 1522 1949 semper
1567 1891 1651 1935 celo
1689 1895 1763 1935 etsi

141 1961 288 2015 serico,
322 1967 361 2005 el
393 1961 437 2019 g)
472 1968 674 2020 quantum
708 1976 775 2005 res
806 1962 929 2021 seret,
967 1969 1117 2006 ornalo
1156 1977 1280 2020 opere
1314 1977 1389 2007 acu
1428 1963 1487 2006 vel
1523 1968 1610 2006 arte
1645 1964 1762 2006 l'acto.

231 2065 234 2068 ,
261 2032 354 2075 139.
392 2035 466 2079 De
494 2035 728 2091 lampade
756 2036 1029 2080 collucente
1052 2049 1217 2080 coram
1240 2037 1577 2080 tabernaculo.
1603 2033 1659 2077 Ex
1687 2034 1764 2078 tut.

139 2103 256 2147 Rom.
280 2103 294 2125 ⁶
329 2109 368 2147 et
399 2104 748 2162 subsequentibus
793 2105 1144 2149 ‹leclarationilms
1183 2106 1385 2148 emulatus
1422 2110 1480 2147 est
1515 2120 1604 2147 can.
1640 2107 1763 2147 1271.

142 2173 293 2218 Coram
328 2174 597 2219 tabernaculo
631 2178 669 2219 in
704 2189 793 2220 can.
833 2177 943 2219 1269
978 2176 1187 2232 descripto
1222 2176 1265 2233 («
1289 2176 1515 2219 duimnodo
1556 2178 1659 2218 intra
1703 2176 1763 2218 vel

139 2249 233 2289 ante
266 2246 433 2289 altare»
473 2249 585 2290 iuxta
622 2251 662 2291 S.
696 2247 742 2291 R.
781 2246 823 2291 C.
858 2247 985 2292 Dec.11¹
1021 2250 1057 2290 in
1093 2246 1258 2291 Cuneen
1284 2247 1328 2299 7),
1362 2247 1403 2289 in
1439 2261 1516 2303 qao
1549 2246 1764 2288 sanclis-si-

140 2330 251 2359 mum
285 2317 603 2360 Sacramentum
637 2324 731 2362 actu
756 2323 1004 2361 asservatur
1028 2318 1198 2362 ubilibet
1227 2321 1420 2375 quamvis
1443 2332 1490 2361 cx
1519 2317 1675 2360 indulto
1704 2317 1764 2359 rel

143 2388 362 2444 privilegio
395 2388 649 2445 Apostolico,
683 2403 766 2432 una
800 2389 949 2432 sallem
983 2389 1161 2447 lampas,
1197 2389 1253 2446 (et
1290 2388 1553 2431 laudabiliter
1591 2387 1766 2443 «plures

143 2458 423 2516 lampades»)
458 2459 551 2516 (loc.
587 2459 674 2516 cit.)
709 2459 783 2502 diu
818 2465 1022 2517 noctuque
1054 2460 1209 2517 absque
1244 2461 1544 2515 interruptione
1577 2472 1647 2501 scu
1674 2473 1764 2500 con-

143 2530 325 2573 tinenter
361 2529 512 2584 luceat,
554 2536 720 2587 propter
752 2544 882 2587 grave
916 2531 991 2574 boc
1028 2537 1292 2587 praeceptum
1335 2544 1421 2573 «ex
1460 2532 1634 2586 receptis
1658 2529 1763 2585 apud

143 2600 335 2657 probatos
367 2605 558 2644 auctores
592 2601 1000 2658 interpretationibus
1026 2618 1041 2639 u
1083 2601 1191 2658 (can.
1218 2602 1254 2655 6,
1292 2601 1353 2657 20)
1388 2599 1703 2643 aestimandum
1729 2604 1765 2642 et

264 2754 274 2775 ¹
303 2753 380 2788 Tit.
406 2754 473 2787 IV.
504 2754 593 2799 Cap.
620 2754 638 2787 Ι
665 2765 702 2787 n.
733 2756 767 2788 5.
811 2775 848 2779 —
892 2755 905 2776 2
933 2755 970 2788 S.
1000 2754 1046 2788 R.
1077 2755 1117 2787 C.
1157 2754 1196 2787 in
1233 2753 1428 2788 Conchen.
1462 2754 1504 2785 15
1530 2753 1633 2797 Aug.
1665 2752 1764 2788 lsstj‘t'.

144 2812 183 2834 n.
214 2800 317 2835 1357.
348 2821 388 2826 —
417 2802 431 2823 3
458 2801 495 2835 S.
526 2801 570 2836 R.
599 2800 640 2835 C.
670 2802 710 2834 in
740 2801 925 2836 Altonen.
957 2801 998 2835 17
1028 2802 1134 2835 Febr.
1168 2802 1269 2839 1881,
1299 2813 1336 2833 n.
1366 2800 1470 2833 352?
1507 2820 1536 2823 —
1575 2802 1587 2821 ⁴
1613 2800 1658 2833 3⁴»
1685 2799 1765 2834 Ian.

147 2847 249 2888 1880,
278 2859 316 2882 n.
337 2848 443 2882 3511.
474 2869 516 2873 —-
543 2850 556 2870 ⁵
582 2849 621 2883 3]
647 2849 750 2894 Aug.
774 2849 878 2890 1867,
901 2861 938 2882 n.
960 2849 1066 2882 3162.
1097 2868 1138 2874 -—-
1166 2849 1178 2869 '³
1207 2848 1293 2881 Loc.
1317 2848 1383 2881 cit.
1407 2848 1499 2880 1126.
1531 2867 1572 2871 —
1600 2847 1612 2867 ”·
1640 2847 1766 2880 21un.

147 2895 250 2937 1883,
275 2906 314 2929 n.
342 2896 436 2931 3576
461 2895 508 2929 ad
535 2896 601 2930 IV.
