1965 3240
466 155 551 190 ΤιΤ.
581 156 704 190 XXV.
733 176 742 181 -
772 156 827 191 De
851 158 1043 201 benefieiis
1069 158 1336 192 ecclesiasticis
1644 158 1717 191 423

90 276 211 317 unico
248 289 269 313 «
292 273 342 316 de
365 273 535 329 capellis
560 274 856 317 monachorum
882 290 902 314 n
939 274 1019 328 (ΙΙΙ,
1051 276 1116 327 18)
1151 278 1186 318 ιιι
1214 276 1257 317 60
1283 276 1458 333 legitur:
1499 293 1520 317 «
1542 277 1713 332 Presby-

90 346 179 396 teri,
212 346 281 400 qui
306 344 355 386 ad
390 357 532 387 euram
570 345 706 401 populi
743 358 814 401 per
849 344 1073 388 monachos
1107 349 1144 389 in
1180 360 1321 389 eornm
1373 347 1559 390 ecelesiis
1600 360 1715 403 prae-

89 419 304 457 sentantur
334 417 551 470 episcopis,
587 420 623 458 et
661 418 929 458 instituuntur
962 415 1014 459 ab
1049 419 1159 472 ipsis,
1182 420 1291 471 (eum
1316 418 1493 461 debeant
1517 431 1605 461 esso
1631 432 1718 474 per-

92 487 219 541 petui)
240 500 279 525 ».

184 555 267 599 Ex
303 555 537 599 huiusmodi
574 557 754 601 textibus
786 560 946 601 eruitur
980 571 1122 601 norma
1154 573 1243 601 caii.
1271 563 1400 603 14:38.
1430 560 1580 603 Οιιιιιιῗα
1605 560 1718 602 bene-

91 626 186 683 ficia
200 629 231 670 si
242 640 289 670 ve
302 632 442 670 curata
457 630 547 671 sive
567 642 645 670 non
666 634 823 681 curata,
836 628 1092 680 saecularia,
1106 642 1200 672 nam
1215 631 1349 687 quoad
1367 631 1558 687 religiosa
1573 636 1633 673 est
1651 631 1720 673 ali-

92 702 153 740 ter
170 697 393 740 dicendum
415 697 467 741 ob
485 698 746 743 obedientiae
775 704 929 753 votum,
954 699 1009 742 ad
1031 700 1160 742 vitam
1183 699 1442 756 beneficiarii
1459 702 1510 744 de
1531 701 1609 743 illis
1629 715 1719 757 pro-

94 770 182 821 visi⁷
199 767 452 824 conserenda
464 774 576 822 sam,
592 770 695 812 idest
708 775 802 813 sunt
816 787 837 811 «
852 775 1047 826 perpetua
1065 770 1127 813 vel
1143 771 1426 814 inamovibilia
1440 787 1462 812 »
1476 771 1719 829 (ean.l411,

91 838 163 891 4⁰),
198 841 295 896 quin
332 845 499 896 propter
533 840 609 883 lioo
644 843 892 884 renuntiatio
930 840 991 884 vel
1026 844 1179 884 amotio
1202 856 1250 884 ex
1279 856 1472 898 processu
1507 846 1720 897 canonico,

90 915 167 953 etc.
203 912 255 952 sit
278 910 555 967 impossibilis.
581 910 856 968 Exceptiones
880 912 1057 965 dantur;
1097 913 1318 956 videlieet:
1354 913 1438 956 nisi
1465 913 1586 956 ali‘ial
1607 913 1721 971 serat

90 981 225 1038 quoad
260 981 421 1037 singula
455 982 563 1025 dieta
601 981 800 1026 benetieia
834 984 872 1036 a)
907 982 969 1025 vel
1013 982 1081 1025 lar
1122 982 1393 1041 fundationis
1426 990 1593 1041 propter
1625 998 1721 1028 eon-

92 1055 260 1095 trariam
295 1053 572 1096 conditionem
608 1053 734 1096 semel
770 1054 992 1097 admissam
1027 1054 1077 1097 ad
1113 1067 1301 1098 normam
1326 1068 1416 1098 can.
1444 1056 1571 1110 1417,
1598 1055 1637 1112 b)
1660 1055 1724 1099 vel

91 1127 345 1171 consuetudo
379 1128 736 1179 immemorabdlix,
782 1143 859 1173 non
894 1130 1045 1174 suffieit
1077 1144 1176 1187 ergo
1210 1134 1464 1187 centenaria,
1497 1136 1539 1184 ε)
1571 1131 1635 1175 vel
1655 1146 1725 1187 pe-

92 1203 256 1246 culiare
289 1205 500 1248 indultam
532 1207 571 1249 S.
606 1206 723 1250 Sedis
755 1206 805 1250 ad
839 1219 996 1262 casum,
1038 1207 1100 1250 vel
1146 1210 1184 1250 in
1223 1213 1484 1264 perpetuum,
1531 1222 1603 1264 pro
1647 1209 1724 1252 hoo

94 1274 295 1319 beneficio
333 1276 395 1319 vel
431 1277 634 1333 pluribus,

215 1347 312 1391 340.
349 1351 788 1406 incompatibilitas
820 1352 1172 1397 beneficiorum
1206 1353 1243 1393 in
1279 1356 1361 1394 tota
1397 1353 1496 1394 iuris
1535 1353 1722 1394 canonici

94 1419 262 1462 historia
298 1420 508 1462 invenitur
542 1423 808 1476 praescripta.
846 1420 1017 1464 Demum
1037 1420 1159 1465 Cone.
1180 1421 1291 1465 Trid.
1310 1422 1499 1465 decrevit
1524 1424 1561 1464 in
1586 1434 1675 1478 cap.
1699 1421 1718 1463 4

94 1503 193 1534 sess.
231 1488 295 1531 Vll
329 1489 380 1532 de
416 1489 524 1533 Reiz:
564 1488 871 1548 «Quicumque
905 1492 956 1535 de
989 1496 1126 1535 cetero
1168 1492 1283 1548 plura
1318 1498 1476 1545 curata,
1509 1497 1579 1536 aut
1623 1491 1725 1535 alias

100 1559 425 1615 incompatibilia
476 1560 675 1604 beneficia
722 1561 1016 1617 ecclesiastiea,
1049 1564 1137 1605 sive
1187 1575 1259 1618 per
1306 1564 1413 1605 viam
1468 1565 1630 1605 unionis
1673 1562 1723 1605 ad

101 1633 244 1684 vitam,
276 1643 346 1673 seu
381 1632 653 1674 commendae
686 1637 933 1688 perpetuae;
968 1638 1038 1676 aut
1070 1633 1150 1676 alio
1182 1646 1448 1690 quocumque
1486 1635 1652 1676 nomine
1687 1637 1724 1676 et

99 1701 229 1744 titulo.
253 1706 394 1744 eontra
422 1703 596 1745 formam
621 1716 834 1746 sacrorum
860 1716 1065 1746 canonum
1091 1708 1130 1747 et
1154 1706 1395 1760 praesertim
1431 1709 1559 1747 const.
1587 1703 1723 1747 lnnoe.

98 1772 145 1815 ΙΙΙ
181 1785 286 1829 quae
321 1774 464 1829 incipit
501 1772 558 1816 De
590 1772 723 1816 malta
757 1777 956 1830 recipere,
990 1788 1037 1818 ac
1069 1774 1191 1818 simul
1228 1777 1405 1818 retinere
1440 1787 1726 1831 praesumpse-

97 1845 171 1898 rit3
222 1842 435 1886 benefieiis
483 1846 594 1900 ipsis,
629 1846 740 1888 iuxta
792 1847 918 1901 ipsius
952 1854 1080 1890 const.
1115 1846 1444 1902 dispositionem,
1488 1848 1575 1902 ipso
1626 1848 1729 1899 iure,

97 1916 220 1957 etiam
258 1917 484 1970 praesentis
516 1918 687 1958 canonis
713 1918 869 1972 vigore,
906 1919 1093 1972 privatus
1116 1918 1326 1960 existat».
1361 1915 1478 1969 Quae
1514 1916 1729 1972 multiplex

99 1986 277 2041 privatio
311 1997 420 2028 nunc
453 1987 490 2028 in
524 1985 646 2029 aliam
682 1990 741 2029 est
788 1991 956 2031 mutata.
993 2013 1044 2017 ——
1078 1986 1174 2043 Cap.
1214 2001 1311 2031 vero
1350 1988 1414 2042 17,
1448 2001 1547 2030 sess.
1584 1986 1731 2040 XXIV,

100 2054 156 2098 De
191 2056 264 2098 ref.
302 2055 435 2098 reddit
470 2059 669 2100 rationem
706 2060 973 2114 praescripti:
1013 2074 1033 2098 «
1058 2071 1151 2101 eum
1187 2058 1495 2102 ecclesiasticus
1518 2058 1619 2101 ordo
1645 2071 1730 2114 per-

101 2130 297 2179 vertatur,
333 2127 499 2183 quando
532 2140 638 2170 unus
680 2127 860 2183 plurium
894 2129 1028 2172 officia
1062 2133 1237 2185 occupat
1270 2129 1544 2183 elericorum3
1588 2133 1729 2172 sancte

98 2210 148 2239 ss.
184 2196 412 2240 canonibus
444 2202 610 2240 cautum
656 2199 742 2253 fuit,
782 2201 988 2242 neminem
1024 2205 1214 2256 oportere
1263 2203 1301 2242 in
1346 2199 1507 2243 duabus
1541 2200 1729 2244 ecelesiis

100 2266 305 2310 conscribi
331 2283 369 2312 )),

220 2337 331 2381 Haeo
364 2338 525 2382 cantela
549 2339 621 2382 fuit
654 2342 811 2383 munita
837 2353 908 2396 ρει·
931 2340 1160 2384 clausulam
1197 2339 1524 2384 inhabilitantem
1562 2343 1599 2384 in
1633 2355 1726 2385 ean.

105 2411 233 2451 1439.
265 2409 294 2467 ξ
328 2411 361 2451 1.
396 2408 549 2454 Nullas
595 2409 786 2467 clericas,
821 2424 900 2455 non
945 2411 1133 2455 obstante
1181 2411 1328 2468 gradu,
1377 2412 1591 2467 (lignitate,
1635 2416 1728 2462 eto„

99 2481 259 2522 etiamsi
311 2480 529 2536 religiosus
578 2482 642 2531 sit,
678 2480 832 2524 habilis
874 2487 936 2524 est
984 2483 1157 2538 proinde
1200 2481 1256 2524 acl
1291 2482 1427 2525 valide
1471 2481 1728 2539 (receptando

103 2555 221 2606 prout
254 2555 413 2607 oportet
447 2564 497 2593 ex
531 2564 621 2594 can.
658 2552 785 2606 1438,
819 2553 940 2596 simul
975 2558 1015 2595 et
1047 2552 1272 2595 retinenda
1309 2566 1380 2609 per
1414 2555 1730 2609 possessionem,

100 2621 188 2664 sive
219 2621 261 2663 in
297 2620 467 2663 tilulum
499 2624 557 2665 sio
592 2627 633 2665 ut
668 2624 737 2666 liat
772 2622 1075 2679 beneficiarius,
1108 2624 1194 2666 sire
1240 2623 1279 2665 in
1314 2623 1597 2667 commendam
1642 2637 1730 2678 ρει·-

101 2694 302 2748 ceptionis
333 2693 539 2735 fructuum
574 2697 613 2735 et
645 2694 1015 2737 administrationis
1055 2700 1302 2752 perpetuam
1348 2695 1474 2737 idest:
1511 2707 1590 2737 non
1625 2695 1732 2737 desi—

101 2769 225 2820 gnato
261 2765 457 2819 temporis
501 2763 642 2814 limite,
671 2763 799 2821 plara
849 2764 1046 2822 beneficia
1090 2768 1256 2822 proprie
1299 2767 1408 2809 dieta
1442 2766 1551 2822 (can.
1602 2764 1731 2821 1409)

102 2833 438 2892 incompatibilia
471 2833 527 2877 ad
559 2847 749 2877 normam
781 2835 934 2879 dicitur
966 2850 1058 2879 can.
1095 2839 1193 2879 156.
1230 2836 1319 2879 Huc
1367 2838 1543 2892 pertinet
1589 2834 1732 2892 regula

108 2907 208 2948 iuris
243 2905 297 2948 40
332 2907 370 2947 in
407 2904 474 2946 6⁰:
515 2920 535 2945 «
562 2904 735 2948 Pluralis
769 2905 920 2949 locutio
953 2907 1130 2950 duorum
1177 2920 1349 2950 numero
1383 2912 1441 2949 est
1476 2911 1666 2950 contenta
1693 2921 1731 2950 ι).
