1965 3240
439 142 521 176 Ti'r.
549 141 675 175 XXV.
705 161 717 166 -
745 140 801 174 De
825 139 1017 183 beneficiis
1043 140 1309 173 ecclesiasticis
1619 135 1689 169 449

61 263 235 307 eamdem
283 265 388 305 inter
437 276 493 315 se,
528 260 729 304 maiorem
768 272 891 316 quain
935 257 1076 311 celeri,
1120 256 1421 313 suffrayiorum
1469 268 1687 297 inemermn

62 333 296 391 habuerint,
332 346 471 376 onmes
505 331 560 374 illi
596 334 846 373 censeantur
878 330 966 371 iure
997 327 1274 385 praesentati.

177 403 305 449 Clem.
340 406 463 447 citata
498 402 714 445 exorditur
744 402 824 443 sic:
881 398 1068 441 «Plures
1116 397 1166 440 ab
1211 411 1290 440 uno
1322 411 1371 440 ex
1409 399 1589 453 patronis
1622 409 1686 439 ec-

60 477 209 520 clesiae
244 474 373 519 relicti
410 473 597 525 heredes,
636 484 779 515 vocem
805 470 1023 514 dumtaxat
1059 471 1179 512 unius
1204 467 1413 511 habebunt
1439 470 1476 510 in
1503 480 1690 523 praesen-

61 549 212 591 tatione
247 547 419 589 rectoris
444 560 480 584 )).
515 542 634 596 Quod
667 545 725 585 sic
749 539 1037 597 exponebatur
1061 552 1081 583 a
1106 541 1352 582 canonistis:
1377 540 1408 581 si
1436 538 1573 594 plures
1595 543 1686 580 sunt

63 619 221 675 patroni
256 617 469 672 originarii
522 613 634 657 velut
683 612 874 656 fundator
907 616 945 654 et
979 616 1251 663 constructor,
1301 610 1467 666 quando
1517 611 1689 651 moritur

62 702 166 733 unus
215 690 412 744 ipsorum,
446 699 589 728 omnes
637 686 725 727 eius
773 682 950 726 heredes
997 681 1119 724 simul
1170 680 1321 724 habent
1360 693 1487 723 tinum
1530 684 1686 722 tantum

64 765 218 812 votum,
254 757 362 815 quod
398 769 648 800 concurrere
682 754 801 797 debet
836 767 929 798 cum
959 757 1052 795 voto
1078 754 1238 808 patroni
1262 753 1476 807 originarii
1513 752 1691 793 viventis

63 834 100 874 in
135 831 334 874 exercitio
370 830 470 871 iuris
504 825 808 884 praesentandi.
835 824 935 867 lllud
962 825 1263 880 praescriptum
1290 821 1488 878 implicite
1511 822 1693 864 continet

60 902 88 959 ἓ
118 903 162 945 3.
200 899 283 954 Qui
315 913 365 942 ex*
397 892 576 941 dirersis
612 896 762 946 titulis,
798 896 1048 950 fundatione,
1098 895 1419 945 constructione,
1468 892 1691 944 dotatione,

60 987 132 1018 seu
168 971 534 1018 reconstructione,
554 969 826 1021 redotatioue,
859 967 925 1009 ius
955 970 1211 1023 patronatus
1234 963 1389 1007 oblinet
1415 976 1522 1006 nunc
1550 965 1692 1019 vigens

61 1045 112 1088 ad
145 1055 333 1087 normam
368 1053 458 1083 can.
496 1039 623 1093 1431,
656 1041 680 1092 ,ξ
716 1039 754 1093 ⁶2,
790 1044 847 1080 lo!
883 1036 1003 1080 liobe!
1037 1036 1164 1079 relate
1197 1035 1245 1078 ad
1284 1035 1422 1078 titulos
1445 1036 1692 1090 originarios

60 1115 102 1157 in
135 1112 480 1172 praesentatione
513 1110 747 1167 peragenda
791 1108 998 1166 sulliwiqi'a
1047 1108 1275 1150 secundum
1311 1118 1490 1149 canones
1521 1118 1689 1161 compu-

61 1185 196 1235 tanda,
232 1188 329 1242 quot
364 1181 521 1225 titulos

177 1254 365 1311 Denique
400 1251 695 1295 moderabatur
722 1253 759 1293 in
782 1253 868 1293 iure
902 1251 1071 1307 antiquo
1106 1250 1478 1305 praesentationem
1513 1259 1601 1303 cap.
1640 1246 1690 1289 ⁶24

66 1327 160 1370 «de
195 1329 282 1369 iure
317 1328 594 1381 patronatus»
634 1322 718 1378 (lll,
756 1321 841 1378 38).
872 1319 1010 1364 «Cum
1031 1324 1167 1363 autem
1189 1319 1419 1362 advocatus
1443 1317 1689 1361 clericorum

61 1397 255 1440 idoneum
291 1395 491 1452 Episcopo
527 1394 868 1450 praesentaverit,
893 1396 930 1434 et
957 1391 1226 1447 postulaverit
1252 1389 1513 1446 postmodum
1540 1402 1587 1432 eo
1613 1402 1690 1431 non

62 1467 234 1510 refutato
266 1466 392 1510 alium
416 1478 547 1523 aeque
573 1466 765 1507 idoneum
793 1466 829 1506 in
856 1463 1000 1506 eadem
1026 1461 1202 1505 ecclesia
1226 1461 1410 1504 admitti:
1437 1462 1528 1517 quis
1547 1473 1690 1503 eorum

59 1538 177 1581 alteri
213 1538 470 1593 praeferatur
505 1536 656 1579 iudicio
690 1534 879 1591 Episcopi
915 1533 1125 1577 credimus
1149 1530 1482 1588 relinquemlum,
1507 1532 1539 1573 si
1565 1529 1693 1573 laicus

60 1611 195 1659 suerit,
229 1610 293 1651 cui
329 1610 390 1651 ius
421 1609 619 1663 competit
654 1605 959 1662 praesentandi.
1000 1603 1150 1647 Verum
1187 1605 1218 1645 si
1253 1602 1492 1658 collegium,
1529 1601 1592 1644 vel
1627 1614 1691 1644 ec-

60 1679 289 1723 clesiastica
324 1690 495 1734 persona
533 1679 904 1733 praesentationem
941 1674 1126 1726 liaberet,
1161 1675 1229 1728 qui
1265 1675 1376 1729 prior
1408 1676 1468 1715 est
1492 1676 1691 1727 tempore,

59 1753 148 1794 iure
183 1751 316 1806 potior
348 1762 437 1792 esse
474 1749 698 1791 videtur».
736 1746 846 1790 Haee
881 1746 1022 1802 regula
1058 1747 1157 1787 iuris
1183 1744 1233 1786 54
1261 1746 1298 1786 in
1326 1743 1368 1785 60
1395 1742 1497 1785 fallit
1522 1745 1558 1785 in
1585 1755 1692 1785 nova

58 1821 221 1866 Codicis
254 1820 486 1876 disciplina,
520 1833 567 1862 eo
601 1819 709 1876 quod
748 1830 893 1874 parum
946 1818 1066 1860 ret'ert
1111 1816 1161 1859 ad
1199 1815 1303 1858 lianc
1355 1816 1584 1867 materiam,
1620 1827 1691 1857 seu

62 1892 207 1935 melius
239 1893 274 1934 ei
307 1889 517 1934 substituit
566 1889 687 1933 aliam
739 1901 926 1931 normam
967 1887 1265 1943 simpliciorem
1301 1887 1319 1941 ξ
1353 1888 1381 1927 4
1415 1887 1550 1928 aiens:
1592 1884 1691 1937 Qni-

62 1963 159 2006 libet
189 1968 410 2020 patronus,
443 1963 531 2004 sive
571 1977 589 2001 <‹
617 1960 746 2003 laicus
778 1961 913 2013 t'uerit,
947 1961 1036 2001 sive
1071 1957 1293 2013 collegium
1323 1956 1384 1999 vel
1411 1955 1691 1999 ecclesiastica

65 2044 298 2089 persona»,
334 2036 556 2088 ‹zitteqeeam
590 2029 880 2089 praesentatio
913 2034 1166 2086 (receptetur,
1201 2040 1307 2084 quae
1327 2026 1596 2083 subsequitur
1619 2023 1693 2070 Or·

62 2104 209 2146 dinarii
231 2102 428 2146 iudicium
454 2102 505 2145 de
530 2102 752 2145 idoneitate
776 2101 917 2144 elerici
944 2102 1210 2156 praesentati,
1235 2103 1275 2141 ut
1302 2100 1433 2140 innuit
1452 2109 1542 2140 cau.
1565 2097 1693 2145 1466,

61 2175 89 2232 ξ
123 2174 160 2229 1,
194 2187 272 2216 non
310 2187 435 2216 mmm
471 2178 630 2215 tantam
666 2172 880 2226 clericum,
914 2173 1033 2215 cuius
1067 2171 1342 2227 praesentatio
1376 2170 1599 2221 sufficeret,
1622 2167 1694 2211 sed

60 2243 204 2302 plures
220 2249 497 2302 praesentare
511 2248 663 2301 polest,
687 2245 792 2285 inter
813 2256 916 2299 quos
945 2257 965 2282 ((
984 2240 1234 2285 Ordinarius
1252 2239 1363 2295 eligit
1385 2255 1404 2279 ³>
1434 2238 1542 2295 (cau.
1566 2239 1690 2284 1466.

61 2316 89 2373 ᾖ
123 2315 160 2370 3,
197 2320 280 2357 lum
326 2329 409 2357 una
446 2313 573 2356 simul
612 2315 954 2370 praesentatione,
983 2318 1067 2354 lum
1092 2312 1218 2354 eliam
1254 2310 1482 2353 successive
1514 2309 1694 2353 diversis

65 2385 350 2442 praesentandi
384 2385 557 2438 actibus,
591 2384 789 2428 alterutro
825 2384 947 2427 modo
998 2396 1070 2439 pro
1114 2382 1246 2435 libitu,
1294 2381 1335 2438 a)
1370 2380 1487 2423 intra
1533 2386 1693 2437 tempus

65 2462 200 2498 {anien
217 2455 526 2513 praescriptum
551 2455 600 2498 ad
627 2467 812 2498 normam
840 2466 928 2497 can.
955 2454 1079 2506 14:37,
1102 2452 1140 2503 bl
1161 2450 1278 2495 modo
1298 2450 1395 2493 illos
1414 2465 1464 2493 oie
1482 2449 1692 2498 arelmlai,

67 2525 128 2569 vel
164 2525 277 2569 illum
314 2528 426 2569 iuxta
460 2525 647 2582 regulam
683 2527 782 2569 iuris
816 2525 869 2567 :335
905 2527 943 2567 iu
981 2524 1047 2567 (5⁰1
1089 2539 1107 2563 «
1139 2523 1230 2566 Plus
1263 2535 1429 2578 semper
1464 2523 1501 2564 in
1536 2535 1578 2564 se
1602 2535 1693 2564 con-

63 2600 161 2640 tinet
194 2597 302 2654 quod
338 2601 395 2639 est
432 2598 623 2647 minus»,
656 2610 756 2653 quos
787 2596 910 2653 prius
956 2594 1263 2652 praesentarit,
1310 2594 1504 2649 quamvis
1544 2604 1691 2634 revera

65 2682 170 2712 unus
204 2672 360 2711 tantum
396 2667 680 2724 providendus
712 2669 775 2709 sit.

183 2739 280 2781 365
317 2740 389 2784 De
405 2740 718 2784 distinetione
736 2740 861 2783 inter
880 2741 1248 2795 praesentatum
1273 2750 1330 2780 ac
1355 2738 1613 2791 patronum
1638 2735 1690 2775 ait

64 2811 199 2854 lnuoc.
235 2809 285 2852 ΙΙΙ
319 2811 357 2852 in
392 2822 480 2865 cap.
508 2809 559 2851 26
599 2808 689 2851 «de
713 2810 801 2851 iure
827 2813 1106 2864 patronatus»
1146 2807 1229 2864 (ΙΙΙ,
1265 2807 1350 2861 :38):
1391 2822 1408 2845 «
1434 2805 1506 2846 Ιύι·
1534 2808 1692 2846 nostras

66 2880 277 2938 postulasti
313 2880 469 2923 litteras
501 2879 689 2927 edoceri3
724 2883 861 2922 utrum
897 2878 1074 2922 clericus
1107 2878 1156 2921 ad
1196 2880 1409 2919 vacantem
1455 2874 1691 2928 ecclesiam,

147 2971 244 3000 BLAT
266 2985 285 2992 -
311 2969 433 2998 Comm.
462 2969 544 2997 Tetri.
572 2968 645 2997 Cod.
671 2968 744 2996 Iar.
770 2968 849 2996 Can.
1571 2963 1609 2990 ¹22⁴
