1965 3240
342 184 425 219 ΤΙΤ.
451 184 636 219 XXVIII.
662 205 672 210 -
699 183 757 219 De
781 185 892 218 bonis
917 184 1184 218 ecclesiasticis
1210 183 1546 218 administrandis

82 310 85 311 ’
129 304 166 339 in
196 302 503 339 administratione
541 302 711 338 bonorum
749 301 909 338 ecclesia-

128 351 294 386 stioorum
322 350 372 386 vel
389 361 427 385 ex
445 350 599 395 legitimo
618 349 834 385 fundationis
848 359 908 385 seu

128 397 313 434 erectionis
339 398 439 433 titulo
479 398 529 433 vel
567 408 607 433 ex
638 395 817 433 Ordinarii
843 395 906 432 loci

128 445 306 480 voluntate
332 449 544 491 competant,
572 444 805 480 nihilominus
832 444 909 479 uni-

128 503 227 528 versa
260 492 521 528 administratio
559 492 702 527 nomine
740 490 911 527 Ecclesiae

129 539 200 582 fiat,
225 549 265 575 ac
291 539 386 575 salvo
413 540 487 576 iure
513 538 691 576 Ordinarii
729 538 905 580 visitandi,

127 586 286 632 exigendi
314 587 466 622 rationes
492 592 525 622 et
552 586 809 633 praescribendi
828 596 909 621 mo-

127 634 211 670 dum
241 634 574 670 administrationis.

175 680 260 717 CAN.
288 680 388 716 1522.
412 703 428 707 -
458 682 658 728 Antequam
684 680 909 716 administra-

127 734 217 765 tores
244 729 415 764 bonorum
434 729 760 771 ecclesiasticorum,
778 728 820 763 de
838 727 911 773 qui-

128 776 248 812 busin
268 787 347 812 can.
374 774 475 819 1521,
494 788 595 812 suum
617 787 746 811 munus
766 775 906 810 ineant:

201 823 236 858 1⁰
261 823 395 859 Debent
413 835 449 859 se
468 824 556 859 bene
574 829 607 859 et
634 823 781 859 fideliter
797 822 909 857 admi-

127 870 336 906 nistraturos
371 882 487 906 coram
523 869 713 907 Ordinatio
755 869 817 905 loci
858 869 909 905 vel

128 918 256 954 vicario
285 919 423 954 foraneo
452 918 677 954 iureiurando
703 927 844 961 cavere3

201 966 237 1000 2⁰
262 965 335 1002 Fiat
352 971 553 1001 accuratum
573 977 613 1001 ac
631 966 836 1001 distinctum
856 964 909 998 in-

128 1013 337 1055 ventarium,
355 1013 399 1048 ab
418 1013 583 1049 omnibus
603 1012 909 1054 subscribendum,

128 1072 244 1096 rerum
284 1061 531 1096 immobilium.
570 1072 685 1096 rerum
726 1059 909 1095 mobilium

128 1108 356 1154 pretiosarum
374 1109 568 1144 aliarumve
583 1120 662 1145 cum
677 1107 910 1154 descriptione

127 1160 231 1201 atque
256 1156 499 1191 aestimatione
525 1156 738 1197 earundem;
781 1155 832 1190 vel
865 1154 908 1189 fa-

127 1207 221 1238 ctum
239 1208 343 1239 antea
362 1203 601 1239 inventarium
620 1207 829 1248 acceptetur,
848 1201 908 1237 ad-

128 1251 255 1285 notatis
282 1251 386 1286 rebus
411 1262 500 1297 quae
527 1250 668 1286 interim
687 1250 837 1285 amissae
856 1249 907 1284 vel

126 1298 318 1344 acquisitae
346 1298 496 1343 fuerint3

199 1343 236 1380 30
262 1345 374 1381 Huius
400 1345 587 1381 inventarii
619 1345 768 1380 alterum
795 1355 908 1379 exem-

128 1391 204 1438 plar
229 1398 453 1429 conservetur
488 1394 524 1427 in
559 1392 732 1428 tabulario
757 1391 909 1427 admini-

127 1439 318 1478 strationis,
346 1441 495 1477 alterum
524 1441 559 1474 in
594 1440 736 1475 archivo
763 1438 906 1480 Curiae3

127 1491 161 1522 ct
187 1486 222 1521 in
251 1492 396 1534 utroque
422 1487 598 1534 quaelibet
626 1487 824 1522 immutatio
849 1486 908 1521 ad-

128 1539 268 1570 notetur
293 1547 398 1582 quam
427 1535 678 1582 patrimonium
698 1534 815 1569 subire
831 1544 908 1569 con·

128 1582 252 1626 tingat.

177 1630 260 1665 CAN.
289 1629 391 1665 1523.
420 1650 436 1656 -
466 1629 776 1665 Administratores
802 1628 907 1663 bono-

643 1769 693 1779 ‚—
723 1746 868 1782 Romani
897 1746 1075 1782 Pontificis

463 1842 633 1878 —ius—

1691 182 1762 216 525

982 312 1061 336 rum
1102 301 1412 336 ecclesiasticorum
1456 301 1638 346 diligentia
1680 300 1761 336 boni

983 348 1247 395 patrisfamilias
1273 359 1375 383 suum
1405 359 1533 383 munus
1554 348 1697 394 implere
1715 353 1762 383 te-

982 400 1132 439 nentur;
1161 406 1199 430 ac
1229 396 1373 442 proinde
1398 396 1546 431 debent:

1058 443 1092 477 1⁰
1129 442 1281 488 Vigilare
1321 453 1363 478 ne
1402 443 1493 478 bona
1531 442 1764 478 ecclesiastica

983 501 1066 525 suae
1103 501 1206 525 curae
1248 489 1447 526 concredita
1484 500 1623 536 quoquo
1662 490 1764 525 modo

984 543 1127 583 pereant
1153 542 1213 573 aut
1239 537 1489 573 detrimentum
1516 538 1678 583 capiant;

1054 585 1092 619 20
1120 585 1333 631 Praescripta
1360 595 1497 620 servare
1516 585 1600 619 iuris
1620 589 1689 619 tam
1709 596 1764 619 ca-

983 632 1100 667 nonici
1129 643 1234 678 quam
1261 631 1384 673 civilis,
1411 636 1471 667 aut
1509 643 1598 677 quae
1632 642 1649 665 a
1690 632 1766 667 sun-

982 679 1101 715 datore
1127 679 1178 715 vel
1205 679 1374 714 donatore
1393 679 1444 714 vel
1467 679 1621 724 legitima
1647 684 1764 714 aucto-

982 727 1084 762 ritate
1112 726 1274 771 imposita
1300 727 1392 767 sint3

1054 774 1091 808 30
1120 774 1261 809 Reditus
1287 774 1458 809 bonorum
1497 784 1536 808 ac
1577 778 1764 819 proventus

981 827 1142 857 accurate
1168 826 1200 856 et
1227 822 1316 856 iusto
1342 826 1496 866 tempore
1525 821 1660 865 exigere
1686 831 1764 856 exa-

982 874 1124 915 ctosque
1151 869 1224 904 loco
1250 873 1323 904 tuto
1349 879 1487 904 servare
1512 872 1544 903 et
1570 869 1763 903 secundum

984 917 1178 952 fundatoris
1206 920 1359 951 mentem
1398 920 1458 950 aut
1496 919 1643 950 statutas
1673 915 1765 960 leges

984 964 1035 1000 vel
1062 975 1205 999 normas
1232 964 1462 1009 impendere3

1054 1009 1090 1046 40
1118 1011 1304 1046 Pecuniam
1332 1009 1510 1051 ecclesiae,
1531 1020 1620 1055 quae
1645 1010 1687 1045 de
1713 1021 1765 1045 ex-

984 1059 1099 1105 pensis
1126 1059 1277 1104 supersit
1303 1063 1335 1093 et
1362 1057 1494 1092 utiliter
1519 1057 1677 1092 collocari
1709 1068 1765 1102 po-

981 1111 1060 1142 test.
1088 1107 1129 1141 de
1155 1117 1327 1141 consensu
1354 1103 1548 1146 Ordinarii,
1570 1105 1606 1139 in
1634 1105 1765 1140 emolu-

983 1159 1141 1190 mentum
1169 1153 1279 1199 ipsius
1305 1152 1477 1188 Ecclesiae
1502 1163 1692 1198 occupare3

1054 1200 1090 1235 5⁰
1117 1200 1257 1246 Accepti
1296 1205 1328 1235 et
1366 1200 1507 1245 expensi
1545 1199 1651 1235 libros
1678 1199 1765 1235 bene

981 1248 1160 1284 ordinatos
1189 1248 1335 1290 babere;

1053 1295 1090 1329 60
1119 1295 1331 1331 Documenta
1358 1300 1391 1331 et
1417 1295 1667 1335 instrumenta,
1689 1293 1765 1340 qui-

982 1343 1047 1379 bus
1074 1343 1150 1378 iura
1177 1342 1349 1378 Ecclesiae
1380 1342 1416 1377 in
1456 1342 1548 1377 bona
1587 1341 1762 1383 nituntur,

981 1391 1046 1426 rite
1072 1391 1235 1426 ordinare
1261 1394 1293 1425 et
1313 1390 1348 1424 in
1366 1389 1538 1425 Ecclesiae
1556 1389 1697 1424 archivo
1713 1388 1763 1424 vel

981 1438 1133 1473 armario
1156 1437 1378 1473 convenienti
1406 1441 1437 1472 et
1465 1441 1544 1483 apto
1571 1436 1762 1477 custodire;

981 1485 1183 1521 authentica
1211 1496 1290 1520 vcro
1316 1496 1435 1520 eorum
1462 1483 1687 1530 exemplaria,
1706 1483 1764 1519 ubi

982 1533 1162 1569 commode
1190 1532 1261 1568 fieri
1296 1536 1420 1578 potest,
1459 1532 1494 1566 in
1534 1531 1674 1567 archivo
1712 1533 1763 1567 vel

981 1581 1134 1616 armario
1160 1579 1289 1615 Curiae
1315 1580 1500 1626 deponere.

1030 1628 1113 1663 CAN.
1144 1625 1245 1662 1524.
1277 1648 1294 1652 -
1323 1626 1470 1670 Omnes,
1499 1630 1532 1662 et
1561 1626 1763 1672 praesertim

1557 1744 1644 1780 Can.
1673 1742 1764 1779 1518

911 1862 955 1866 --
985 1841 1098 1886 quoad
1134 1840 1354 1886 vigilantiam
1389 1845 1421 1875 et
1460 1840 1549 1875 dire-

642 1892 645 1938 1
933 1888 1084 1924 ctionem
1600 1901 1615 1919 »
1674 1884 1764 1922 1519

642 1939 694 1963 ‘-
724 1935 874 1974 Ordina-

672 1985 713 2019 rii
743 1985 806 2020 loci
852 2005 894 2009 —
915 2004 955 2009 —
985 1988 1018 2018 et
1051 1983 1201 2018 officium
1238 1993 1319 2026 erga
1353 1981 1547 2017 Consilium

859 2035 861 2038 ⁴
933 2030 1252 2066 administrationis
1600 2043 1616 2061 »
1673 2026 1762 2063 1520

912 2147 955 2150 —-
987 2125 1101 2171 quoad
1151 2124 1349 2169 singulares
1397 2122 1548 2158 admini-

129 2170 267 2206 Titulus
281 2170 343 2206 XX
351 2171 432 2208 vm.
934 2177 1098 2208 stratores
1600 2183 1614 2202 »
1672 2167 1757 2204 1521

131 2217 178 2254 De
196 2218 297 2254 bonis
314 2219 418 2256 eccle-⁷

153 2266 301 2302 siastieis
313 2267 424 2303 admi·
910 2268 1005 2303 —in
1022 2279 1094 2303 mu·
1125 2289 1169 2293 —
1197 2266 1350 2303 ineundo
1601 2280 1616 2298 »
1672 2265 1763 2301 1522

152 2313 345 2350 nistrandis
405 2336 438 2341 -—
903 2292 907 2364 Ι
932 2326 1017 2352 nere
1064 2297 1121 2384 -1

1124 2383 1167 2387 -
1192 2361 1419 2408 adimplendo
1602 2375 1616 2392 n
1673 2359 1761 2395 1523

462 2431 506 2436 -
536 2410 766 2456 obligationes
803 2410 871 2446 ad-

485 2457 764 2494 ministratorum
851 2479 891 2483 —
912 2478 952 2483 —
978 2468 1060 2502 erga
1077 2457 1262 2503 operarios,
1281 2467 1430 2502 quorum
1446 2466 1549 2502 opera

455 2457 459 2558 i
934 2509 1083 2540 utuntur
1600 2517 1615 2534 »
1672 2500 1762 2537 1524

912 2620 956 2625 -
982 2599 1094 2645 quoad
1123 2598 1339 2634 reddendam
1364 2598 1535 2633 rationem
1602 2611 1616 2628 »
1672 2594 1761 2631 1525

918 2713 961 2718 -
986 2697 1069 2728 ante
1104 2692 1175 2727 litis
1209 2691 1469 2727 inchoationem
1497 2691 1549 2726 vel

935 2740 1226 2776 contestationem
1600 2751 1615 2769 ι)
1674 2735 1760 2771 1526

463 2854 519 2916 —t
533 2833 612 2870 effe·
651 2853 695 2861 —
721 2833 947 2880 obligationis
971 2845 1013 2872 ex
1040 2839 1137 2882 parte
1165 2833 1335 2869 Ecclesiae
1601 2846 1615 2863 »
1672 2829 1760 2866 1527

486 2891 503 2916 c
522 2892 562 2916 us
593 2902 634 2906 —

654 2948 697 2954 —
725 2927 956 2964 restitutionis
981 2928 1025 2964 ob
1052 2929 1224 2964 damnum
1601 2939 1615 2958 »
1672 2924 1761 2961 1528
