1965 3240
635 117 720 150 ΤΙΤ.
748 115 820 149 ΙΧ.
850 135 863 140 -
891 115 947 150 Dc
981 118 1147 150 ecclesiis
1663 115 1705 149 31

72 240 324 284 contrarium
363 237 528 280 videtur
559 249 654 280 cum
690 235 865 279 ecclesia
900 237 1157 278 sanctiticala
1190 238 1254 279 sit.
1275 249 1353 278 non
1381 235 1594 292 polluta...
1624 236 1703 279 Sed

74 310 148 354 hoc
185 322 329 352 verum
362 313 421 351 est
456 321 507 351 ex
540 309 755 363 sanguinis
803 306 919 349 effusi
970 309 1171 362 passione.
1206 307 1277 349 sed
1328 320 1378 349 ex
1425 309 1552 363 ipsius
1585 307 1702 350 effusi

71 383 231 425 actione
267 379 369 423 bene
420 379 629 435 polluitur,
681 380 793 421 iuxta
829 377 953 420 illud:
990 378 1109 419 Actio
1158 377 1383 433 displicuit,
1419 380 1550 433 passio
1585 382 1702 434 grata

72 453 155 496 luit.
188 450 305 495 Unde
342 452 522 507 primum
557 454 711 503 teneas,
748 448 885 491 locum
920 452 1057 490 tamen
1095 461 1172 490 non
1209 447 1406 491 tax-abunt
1431 466 1467 490 »,

188 522 386 579 Sequitur
418 525 586 564 actuum
622 521 883 563 enumeratio
912 521 950 561 in
976 532 1153 562 canone:
1190 518 1233 561 3⁰
1256 518 1401 576 lmpiis
1427 524 1592 575 propter
1616 533 1709 562 con-

73 594 325 637 trarietatem
363 591 567 647 religioni,
604 589 665 633 rel
697 589 885 633 sordidis
918 592 1113 646 quamvis
1136 603 1215 632 non
1245 592 1542 645 peccaminosis
1568 589 1707 631 usibus

71 663 257 720 singulis,
293 662 442 720 quibas
474 662 650 705 ecclesia
676 660 847 704 addicta
872 660 1019 719 suerit.
1056 660 1164 716 Ergo
1189 674 1261 717 per
1284 661 1450 718 aliquod
1478 663 1550 704 etsi
1578 661 1705 704 breve

72 741 234 791 tempus
266 747 315 778 ac
349 735 594 777 continuum
631 732 694 776 vel
731 735 1024 788 interruptum.
1060 757 1103 762 —
1130 731 1174 774 4⁰
1210 731 1438 789 Sepultura
1459 732 1499 788 a)
1525 730 1707 787 infidelis

72 807 250 863 proprie,
285 818 365 847 non
401 804 592 848 habentis
644 816 785 847 veram
835 803 974 857 fidem,
1026 803 1198 859 proinde
1246 802 1590 856 acatholicorum,
1639 804 1708 858 qui

72 876 254 920 nondum
288 875 537 919 sintsaltem
575 875 883 929 cathecumeni,
919 874 961 932 b)
998 873 1058 916 rel
1095 874 1447 917 ememnmzmieati
1487 878 1582 931 pos!
1619 887 1708 915 sen-

72 947 246 990 tentiam
279 946 613 990 declarotoriom
649 949 838 989 incursae
871 958 1087 994 censurae,
1140 944 1200 987 cel
1234 944 1621 987 comlenmaleriam
1655 946 1709 986 in-

71 1020 280 1075 fligentem
315 1031 536 1061 censuram
574 1009 844 1074 praedictam.
879 1019 998 1060 cuius
1030 1017 1271 1060 alterutrius
1303 1018 1532 1059 sententiae
1565 1018 1602 1058 vi
1629 1029 1707 1058 non

69 1103 234 1146 semper
271 1105 291 1130 ((
310 1094 370 1133 est
406 1089 600 1132 vitandus
619 1105 639 1130 »
689 1090 1092 1133 excommunicatus.
1142 1087 1254 1131 Haec
1304 1100 1428 1131 causa
1475 1087 1708 1130 violationis

70 1161 271 1204 ecclesiae
304 1161 523 1217 desumpta
557 1165 618 1203 est
651 1174 702 1203 ex
736 1173 826 1216 cap.
862 1160 885 1203 7
928 1158 1216 1203 «Consuluisti
1239 1174 1256 1199 ›)
1296 1158 1383 1215 (cit.
1419 1158 1497 1215 tit.)
1517 1158 1705 1202 scilicet:

75 1230 369 1276 «Coemeteria
404 1234 443 1274 in
477 1232 629 1289 quibus
678 1233 1139 1275 excommunicatorum
1191 1242 1366 1286 corpora
1408 1229 1573 1285 sepeliri
1614 1242 1706 1272 con-

67 1305 202 1359 tingit,
236 1302 542 1346 reconcilianda
576 1308 697 1346 erunt
730 1305 969 1359 aspersione
1003 1315 1136 1358 aquae
1168 1301 1411 1344 solemniter
1447 1300 1703 1351 benedictae,

68 1376 175 1418 sicut
208 1376 246 1417 in
282 1374 617 1418 dedicationibus
651 1374 922 1418 ecclesiarum
961 1375 1048 1417 tieri
1093 1375 1369 1417 consuevit».
1420 1372 1475 1415 lta
1526 1372 1707 1429 loquitur

69 1445 206 1489 lnnoc.
242 1445 292 1488 lll
327 1446 530 1490 Senonen.
576 1445 792 1502 Episcopo.
827 1444 970 1489 Glossa
1008 1458 1106 1488 vero
1138 1444 1372 1500 subiungit:
1424 1444 1574 1487 «Sicut
1609 1456 1709 1499 ergo

70 1516 254 1560 Ecclesia
289 1517 597 1572 reconciliatur,
633 1519 687 1560 ita
722 1521 758 1560 et
794 1519 1092 1560 coemeterium
1140 1516 1199 1573 (ut
1252 1520 1391 1572 postea
1439 1513 1708 1570 videbimus),

70 1601 165 1631 cum
199 1590 250 1631 sit
284 1593 586 1643 consecratum,
624 1593 665 1631 ut
701 1594 866 1645 patet».
904 1587 991 1631 Hoc
1015 1593 1139 1644 caput
1168 1588 1218 1631 de
1252 1588 1514 1630 coemeteriis
1539 1586 1710 1642 loquens

71 1658 391 1715 intelligendum
428 1664 489 1702 est
522 1672 690 1717 quoque
724 1659 775 1702 de
809 1658 1000 1712 ecclesia,
1034 1661 1066 1701 si
1102 1661 1140 1701 in
1176 1671 1222 1701 ea
1248 1659 1317 1701 liat
1346 1656 1576 1713 sepultura:
1613 1658 1708 1712 quia

73 1735 112 1773 ut
147 1733 445 1774 coemeterium
481 1735 578 1774 tunc
612 1733 830 1787 accipitur,
866 1735 983 1787 prout
1032 1732 1261 1787 antiquitus
1309 1734 1395 1772 erat
1445 1731 1483 1771 in
1530 1742 1617 1772 usu.
1654 1753 1706 1757 —

70 1800 431 1845 Excommunicati
467 1802 518 1845 de
551 1802 704 1860 quibus
737 1805 876 1858 agitur
908 1804 946 1844 in
983 1806 1114 1855 textu,
1148 1801 1425 1857 restringendi
1460 1802 1622 1843 suerunt
1657 1798 1706 1842 ad

73 1872 275 1929 vitandos,
310 1875 377 1930 qui
415 1876 566 1916 mortui
601 1874 766 1917 luerunt
799 1873 957 1931 absque
992 1875 1117 1930 petita
1151 1872 1296 1916 saltem
1332 1871 1592 1915 absolutione
1615 1875 1708 1913 ante

71 1949 247 1986 mortem
282 1953 322 1987 et
359 1950 448 2000 post
482 1957 574 1987 eam
607 1950 795 2002 sequuta,
831 1958 881 1988 ex
916 1950 1045 1988 const.
1087 1960 1105 1985 ‹<
1127 1944 1189 1987 Ad
1229 1943 1433 1986 vitanda»
1464 1942 1625 1985 Martini
1664 1940 1706 1982 Y.

71 2013 113 2056 ln
147 2014 300 2058 Codice
335 2020 473 2058 manet
508 2018 569 2058 ius
602 2018 835 2073 antiquum,
865 2018 938 2059 etsi
978 2015 1116 2059 verbis
1149 2015 1362 2058 diversum
1400 2016 1512 2056 iuxta
1546 2012 1709 2055 Codicis

72 2085 443 2129 nomenclaturam.
478 2085 667 2144 Denique
703 2087 973 2130 memoranda
1008 2088 1222 2143 responsio
1256 2086 1295 2130 S.
1316 2085 1360 2129 R.
1381 2083 1423 2128 C.
1465 2087 1501 2126 in
1537 2082 1707 2127 Cartha-

71 2158 223 2212 ginien.
258 2159 297 2199 in
332 2157 470 2208 Indiis‚
504 2158 639 2214 quoad
679 2163 836 2214 partem
873 2172 951 2201 non
986 2158 1227 2214 derogatam
1252 2158 1279 2210 ¹,
1330 2159 1367 2198 in
1402 2168 1481 2213 qua
1526 2156 1705 2197 dicitur:

76 2226 325 2271 «Ecclesiae
360 2231 472 2284 ipsae
506 2229 900 2284 reconcilientur...;
933 2243 981 2273 eo
1014 2232 1108 2286 quia
1144 2242 1193 2272 ex
1230 2227 1501 2271 tumulatione
1535 2226 1709 2269 cadave-

10 2337 12 2340 ,
73 2311 163 2346 rum
196 2299 522 2343 acatholicorum
558 2299 748 2357 (nempe:
784 2300 1061 2344 haebreorum
1098 2306 1135 2343 et
1173 2300 1504 2356 protestantium.
1542 2299 1596 2339 uti
1639 2296 1707 2339 ha-

3 2424 6 2428 ·
71 2368 191 2412 betur
225 2372 263 2413 in
300 2371 394 2414 facti
429 2374 568 2428 specie
603 2372 831 2430 proposita)
868 2371 1046 2428 pollutae
1087 2373 1291 2414 luerint».

188 2442 213 2494 ἓ
248 2441 270 2483 Ξ
309 2457 329 2481 ((
349 2454 398 2485 ex
436 2447 550 2498 parte
585 2447 745 2485 tantum
771 2456 867 2486 cum
895 2445 1022 2486 veteri
1050 2445 1138 2485 iure
1163 2443 1352 2497 congruit
1375 2457 1393 2480 »
1433 2439 1540 2496 (can.
1563 2439 1600 2486 o,
1627 2437 1704 2493 230).

73 2522 242 2567 nempe:
278 2525 372 2555 cum
407 2526 496 2556 can.
533 2515 654 2556 unico
696 2528 715 2553 ((
737 2514 788 2557 de
822 2515 1135 2557 consecratione
1154 2511 1364 2555 Ecclesiae
1386 2510 1447 2553 vel
1473 2510 1651 2552 altaris»
1678 2508 1705 2548 ².

83 2578 250 2624 Violato
283 2581 458 2625 ecclesia
493 2585 605 2626 iuxta
637 2584 694 2642 ξω
730 2584 797 2635 1¹³⁰,
832 2598 911 2626 non
948 2583 1038 2626 ideo
1083 2581 1388 2631 eoemeteriwn,
1432 2579 1703 2636 additurque:

73 2651 150 2694 etsi
183 2653 438 2710 eontiyuum,
471 2656 566 2711 quia
601 2658 655 2698 in·
677 2657 746 2698 cit.
781 2668 870 2712 cap.
897 2654 1147 2698 «Ecclesiae
1171 2654 1482 2703 coemeterium,
1517 2652 1547 2693 si
1583 2651 1708 2693 conti-

71 2734 198 2778 guum
220 2726 272 2767 sit
308 2727 461 2780 eidem,
485 2731 679 2770 censetur
711 2740 804 2769 esse
840 2726 1056 2783 pollutum,
1090 2738 1210 2768 secus
1227 2726 1259 2767 si
1280 2727 1483 2766 remotum
1511 2723 1630 2764 t'uerit
1655 2719 1706 2763 ab

0 2832 32 3080 ἱ
188 2875 200 2896 1
226 2875 272 2909 ‘23
299 2877 393 2921 Apr.
425 2876 529 2921 1875,
558 2889 598 2911 n.
628 2877 733 2911 3344.
768 2898 809 2903 -
834 2878 848 2900 2
875 2878 952 2913 Tit.
984 2879 1027 2912 21
1057 2877 1125 2912 nb.
1154 2877 1214 2911 ΠΙ
1240 2877 1280 2911 in
1308 2877 1357 2910 60.
