<?xml version="1.0" encoding="UTF-8"?>
<!DOCTYPE html PUBLIC "-//W3C//DTD XHTML 1.0 Transitional//EN"
    "http://www.w3.org/TR/xhtml1/DTD/xhtml1-transitional.dtd">
<html xmlns="http://www.w3.org/1999/xhtml" xml:lang="en" lang="en">
 <head>
  <title>
</title>
<meta http-equiv="Content-Type" content="text/html;charset=utf-8" />
  <meta name='ocr-system' content='tesseract 3.04.00' />
  <meta name='ocr-capabilities' content='ocr_page ocr_carea ocr_par ocr_line ocrx_word'/>
</head>
<body>
  <div class='ocr_page' id='page_1' title='image "./commentariumtext03blatuoft_0128.png"; bbox 0 0 1965 3240; ppageno 0'>
   <div class='ocr_carea' id='block_1_1' title="bbox 198 124 1580 170">
    <p class='ocr_par' dir='ltr' id='par_1_1' title="bbox 198 124 1580 170">
     <span class='ocr_line' id='line_1_1' title="bbox 198 124 1580 170; baseline 0.001 -11"><span class='ocrx_word' id='word_1_1' title='bbox 198 127 265 160; x_wconf 81' lang='grc'>116</span> <span class='ocrx_word' id='word_1_2' title='bbox 431 125 515 159; x_wconf 88' lang='lat' dir='ltr'><strong>LIB.</strong></span> <span class='ocrx_word' id='word_1_3' title='bbox 542 125 611 159; x_wconf 88' lang='lat' dir='ltr'>III.</span> <span class='ocrx_word' id='word_1_4' title='bbox 639 145 651 150; x_wconf 96' lang='lat'>-</span> <span class='ocrx_word' id='word_1_5' title='bbox 678 124 788 159; x_wconf 82' lang='lat' dir='ltr'><strong>PARS</strong></span> <span class='ocrx_word' id='word_1_6' title='bbox 813 125 864 159; x_wconf 90' lang='lat' dir='ltr'>II.</span> <span class='ocrx_word' id='word_1_7' title='bbox 894 145 907 150; x_wconf 97' lang='lat'><em>—</em></span> <span class='ocrx_word' id='word_1_8' title='bbox 933 125 990 160; x_wconf 90' lang='lat' dir='ltr'>De</span> <span class='ocrx_word' id='word_1_9' title='bbox 1016 127 1109 161; x_wconf 79' lang='lat' dir='ltr'>loeis</span> <span class='ocrx_word' id='word_1_10' title='bbox 1134 128 1169 161; x_wconf 81' lang='lat' dir='ltr'>et</span> <span class='ocrx_word' id='word_1_11' title='bbox 1195 127 1431 170; x_wconf 76' lang='lat' dir='ltr'><em>temporibus</em></span> <span class='ocrx_word' id='word_1_12' title='bbox 1455 129 1580 161; x_wconf 78' lang='lat' dir='ltr'>sacris</span> 
     </span>
    </p>
   </div>
   <div class='ocr_carea' id='block_1_2' title="bbox 198 182 1791 195">
    <p class='ocr_par' dir='ltr' id='par_1_2' title="bbox 198 182 1791 195">
     <span class='ocr_line' id='line_1_2' title="bbox 198 182 1791 195; baseline 0 0"><span class='ocrx_word' id='word_1_13' title='bbox 198 182 1791 195; x_wconf 95' lang='lat' dir='ltr'> </span> 
     </span>
    </p>
   </div>
   <div class='ocr_carea' id='block_1_3' title="bbox 1030 187 1791 193">
    <p class='ocr_par' dir='ltr' id='par_1_3' title="bbox 1030 187 1791 193">
     <span class='ocr_line' id='line_1_3' title="bbox 1030 187 1791 193; baseline 0 0"><span class='ocrx_word' id='word_1_14' title='bbox 1030 187 1791 193; x_wconf 95' lang='lat' dir='ltr'> </span> 
     </span>
    </p>
   </div>
   <div class='ocr_carea' id='block_1_4' title="bbox 196 243 1831 2772">
    <p class='ocr_par' dir='ltr' id='par_1_4' title="bbox 196 243 1820 440">
     <span class='ocr_line' id='line_1_4' title="bbox 197 243 1817 301; baseline 0.001 -15"><span class='ocrx_word' id='word_1_15' title='bbox 197 245 397 286; x_wconf 87' lang='lat' dir='ltr'>rationem</span> <span class='ocrx_word' id='word_1_16' title='bbox 431 243 643 299; x_wconf 78' lang='lat' dir='ltr'>sepultura</span> <span class='ocrx_word' id='word_1_17' title='bbox 676 243 955 287; x_wconf 90' lang='lat' dir='ltr'>ecclesiastica</span> <span class='ocrx_word' id='word_1_18' title='bbox 1003 246 1215 287; x_wconf 79' lang='lat' dir='ltr'>constituit</span> <span class='ocrx_word' id='word_1_19' title='bbox 1263 246 1445 286; x_wconf 84' lang='lat' dir='ltr'>favorem</span> <span class='ocrx_word' id='word_1_20' title='bbox 1494 257 1572 287; x_wconf 94' lang='lat' dir='ltr'>non</span> <span class='ocrx_word' id='word_1_21' title='bbox 1609 247 1817 301; x_wconf 89' lang='lat' dir='ltr'>privatum</span> 
     </span>
     <span class='ocr_line' id='line_1_5' title="bbox 196 313 1820 372; baseline 0.002 -16"><span class='ocrx_word' id='word_1_22' title='bbox 196 313 265 356; x_wconf 89' lang='lat' dir='ltr'>sed</span> <span class='ocrx_word' id='word_1_23' title='bbox 300 326 579 366; x_wconf 87' lang='lat' dir='ltr'>communem,</span> <span class='ocrx_word' id='word_1_24' title='bbox 612 317 799 372; x_wconf 88' lang='lat' dir='ltr'>sequitur</span> <span class='ocrx_word' id='word_1_25' title='bbox 832 327 911 357; x_wconf 93' lang='lat' dir='ltr'>non</span> <span class='ocrx_word' id='word_1_26' title='bbox 947 327 1063 371; x_wconf 87' lang='lat' dir='ltr'>posse</span> <span class='ocrx_word' id='word_1_27' title='bbox 1104 327 1441 372; x_wconf 87' lang='lat' dir='ltr'>unumquemque</span> <span class='ocrx_word' id='word_1_28' title='bbox 1475 316 1550 370; x_wconf 88' lang='lat' dir='ltr'>ipsi</span> <span class='ocrx_word' id='word_1_29' title='bbox 1583 315 1820 372; x_wconf 90' lang='lat' dir='ltr'>sepulturae</span> 
     </span>
     <span class='ocr_line' id='line_1_6' title="bbox 196 383 706 440; baseline 0.004 -14"><span class='ocrx_word' id='word_1_30' title='bbox 196 397 269 440; x_wconf 92' lang='lat' dir='ltr'>pro</span> <span class='ocrx_word' id='word_1_31' title='bbox 305 383 420 427; x_wconf 90' lang='lat' dir='ltr'>libitu</span> <span class='ocrx_word' id='word_1_32' title='bbox 454 388 706 428; x_wconf 90' lang='lat' dir='ltr'>renuntiare.</span> 
     </span>
    </p>

    <p class='ocr_par' dir='ltr' id='par_1_5' title="bbox 197 454 1826 1700">
     <span class='ocr_line' id='line_1_7' title="bbox 315 454 1819 514; baseline 0.001 -17"><span class='ocrx_word' id='word_1_33' title='bbox 315 454 421 499; x_wconf 89' lang='lat' dir='ltr'>Hinc</span> <span class='ocrx_word' id='word_1_34' title='bbox 454 454 607 512; x_wconf 79' lang='lat' dir='ltr'>Capitis</span> <span class='ocrx_word' id='word_1_35' title='bbox 639 461 699 499; x_wconf 90' lang='lat' dir='ltr'>est</span> <span class='ocrx_word' id='word_1_36' title='bbox 733 459 966 513; x_wconf 79' lang='lat' dir='ltr'>inscriptio:</span> <span class='ocrx_word' id='word_1_37' title='bbox 1004 455 1061 499; x_wconf 82' lang='lat' dir='ltr'>De</span> <span class='ocrx_word' id='word_1_38' title='bbox 1092 456 1147 498; x_wconf 72' lang='lat' dir='ltr'>iis</span> <span class='ocrx_word' id='word_1_39' title='bbox 1179 457 1399 512; x_wconf 74' lang='lat' dir='ltr'>defunctis,</span> <span class='ocrx_word' id='word_1_40' title='bbox 1434 456 1580 513; x_wconf 77' lang='lat' dir='ltr'>quibus</span> <span class='ocrx_word' id='word_1_41' title='bbox 1601 456 1819 514; x_wconf 74' lang='lat' dir='ltr'><em>sepultura</em></span> 
     </span>
     <span class='ocr_line' id='line_1_8' title="bbox 197 525 1821 581; baseline 0.001 -14"><span class='ocrx_word' id='word_1_42' title='bbox 197 525 495 581; x_wconf 72' lang='lat' dir='ltr'>ecclesiastiea,</span> <span class='ocrx_word' id='word_1_43' title='bbox 545 529 663 570; x_wconf 89' lang='lat' dir='ltr'>cuius</span> <span class='ocrx_word' id='word_1_44' title='bbox 711 530 917 570; x_wconf 90' lang='lat' dir='ltr'>notionem</span> <span class='ocrx_word' id='word_1_45' title='bbox 969 527 1038 569; x_wconf 91' lang='lat' dir='ltr'>dat</span> <span class='ocrx_word' id='word_1_46' title='bbox 1085 539 1174 570; x_wconf 87' lang='lat' dir='ltr'>can.</span> <span class='ocrx_word' id='word_1_47' title='bbox 1216 527 1341 575; x_wconf 65' lang='lat' dir='ltr'>1Q04,</span> <span class='ocrx_word' id='word_1_48' title='bbox 1382 526 1642 570; x_wconf 77' lang='lat' dir='ltr'>concedenda</span> <span class='ocrx_word' id='word_1_49' title='bbox 1676 532 1736 569; x_wconf 76' lang='lat' dir='ltr'>est</span> <span class='ocrx_word' id='word_1_50' title='bbox 1769 525 1821 570; x_wconf 89' lang='lat' dir='ltr'>ob</span> 
     </span>
     <span class='ocr_line' id='line_1_9' title="bbox 198 596 1821 655; baseline 0.001 -16"><span class='ocrx_word' id='word_1_51' title='bbox 198 609 342 640; x_wconf 88' lang='lat' dir='ltr'>eorum</span> <span class='ocrx_word' id='word_1_52' title='bbox 393 599 469 652; x_wconf 82' lang='lat' dir='ltr'>ius,</span> <span class='ocrx_word' id='word_1_53' title='bbox 511 603 585 640; x_wconf 78' lang='lat' dir='ltr'>aut</span> <span class='ocrx_word' id='word_1_54' title='bbox 634 596 828 655; x_wconf 72' lang='lat' dir='ltr'>neycmda</span> <span class='ocrx_word' id='word_1_55' title='bbox 875 601 1043 654; x_wconf 88' lang='lat' dir='ltr'>propter</span> <span class='ocrx_word' id='word_1_56' title='bbox 1085 609 1288 640; x_wconf 90' lang='lat' dir='ltr'>canonum</span> <span class='ocrx_word' id='word_1_57' title='bbox 1334 597 1667 653; x_wconf 69' lang='lat' dir='ltr'>prohibitionem,</span> <span class='ocrx_word' id='word_1_58' title='bbox 1716 609 1821 654; x_wconf 89' lang='lat' dir='ltr'>quae</span> 
     </span>
     <span class='ocr_line' id='line_1_10' title="bbox 198 667 1821 725; baseline 0 -15"><span class='ocrx_word' id='word_1_59' title='bbox 198 667 360 711; x_wconf 89' lang='lat' dir='ltr'>duobus</span> <span class='ocrx_word' id='word_1_60' title='bbox 384 670 598 724; x_wconf 82' lang='lat' dir='ltr'>principiis</span> <span class='ocrx_word' id='word_1_61' title='bbox 623 671 781 725; x_wconf 86' lang='lat' dir='ltr'>regitur</span> <span class='ocrx_word' id='word_1_62' title='bbox 799 670 1006 724; x_wconf 73' lang='lat' dir='ltr'>expressis</span> <span class='ocrx_word' id='word_1_63' title='bbox 1040 670 1077 710; x_wconf 92' lang='lat' dir='ltr'>in</span> <span class='ocrx_word' id='word_1_64' title='bbox 1113 680 1202 724; x_wconf 91' lang='lat' dir='ltr'>cap.</span> <span class='ocrx_word' id='word_1_65' title='bbox 1233 668 1281 710; x_wconf 68' lang='lat'>1⁶2</span> <span class='ocrx_word' id='word_1_66' title='bbox 1301 667 1351 711; x_wconf 90' lang='lat' dir='ltr'>de</span> <span class='ocrx_word' id='word_1_67' title='bbox 1369 668 1591 724; x_wconf 75' lang='lat' dir='ltr'>sepulturis</span> <span class='ocrx_word' id='word_1_68' title='bbox 1629 667 1713 724; x_wconf 71' lang='grc' dir='ltr'>(ΙΙΙ,</span> <span class='ocrx_word' id='word_1_69' title='bbox 1733 668 1821 725; x_wconf 63' lang='lat' dir='ltr'>G.)‚8);</span> 
     </span>
     <span class='ocr_line' id='line_1_11' title="bbox 201 737 1820 794; baseline 0.001 -16"><span class='ocrx_word' id='word_1_70' title='bbox 201 737 417 781; x_wconf 88' lang='lat' dir='ltr'>videlicet:</span> <span class='ocrx_word' id='word_1_71' title='bbox 457 738 636 781; x_wconf 78' lang='lat' dir='ltr'>«Sacris</span> <span class='ocrx_word' id='word_1_72' title='bbox 679 743 738 781; x_wconf 91' lang='lat' dir='ltr'>est</span> <span class='ocrx_word' id='word_1_73' title='bbox 787 737 1014 781; x_wconf 88' lang='lat' dir='ltr'>canonibus</span> <span class='ocrx_word' id='word_1_74' title='bbox 1057 740 1301 789; x_wconf 89' lang='lat' dir='ltr'>institutum,</span> <span class='ocrx_word' id='word_1_75' title='bbox 1337 742 1379 780; x_wconf 92' lang='lat' dir='ltr'>ut</span> <span class='ocrx_word' id='word_1_76' title='bbox 1412 737 1562 794; x_wconf 90' lang='lat' dir='ltr'>quibus</span> <span class='ocrx_word' id='word_1_77' title='bbox 1596 751 1675 780; x_wconf 94' lang='lat' dir='ltr'>non</span> <span class='ocrx_word' id='word_1_78' title='bbox 1709 751 1820 781; x_wconf 87' lang='lat' dir='ltr'>con]-</span> 
     </span>
     <span class='ocr_line' id='line_1_12' title="bbox 200 808 1821 865; baseline 0.001 -16"><span class='ocrx_word' id='word_1_79' title='bbox 200 810 507 851; x_wconf 88' lang='lat' dir='ltr'>municavimus</span> <span class='ocrx_word' id='word_1_80' title='bbox 552 810 672 865; x_wconf 81' lang='lat' dir='ltr'>vivis,</span> <span class='ocrx_word' id='word_1_81' title='bbox 723 822 801 851; x_wconf 82' lang='lat' dir='ltr'>non</span> <span class='ocrx_word' id='word_1_82' title='bbox 851 810 1208 851; x_wconf 86' lang='lat' dir='ltr'>communicemus</span> <span class='ocrx_word' id='word_1_83' title='bbox 1242 808 1467 860; x_wconf 75' lang='lat' dir='ltr'>defunctis3</span> <span class='ocrx_word' id='word_1_84' title='bbox 1507 813 1546 850; x_wconf 93' lang='lat' dir='ltr'>et</span> <span class='ocrx_word' id='word_1_85' title='bbox 1581 813 1623 851; x_wconf 92' lang='lat' dir='ltr'>ut</span> <span class='ocrx_word' id='word_1_86' title='bbox 1655 812 1821 851; x_wconf 78' lang='lat' dir='ltr'>careant</span> 
     </span>
     <span class='ocr_line' id='line_1_13' title="bbox 199 878 1822 936; baseline 0 -15"><span class='ocrx_word' id='word_1_87' title='bbox 199 878 478 922; x_wconf 88' lang='lat' dir='ltr'>ecclesiastica</span> <span class='ocrx_word' id='word_1_88' title='bbox 526 879 750 935; x_wconf 77' lang='lat' dir='ltr'>sepultura,</span> <span class='ocrx_word' id='word_1_89' title='bbox 801 882 868 936; x_wconf 93' lang='lat' dir='ltr'>qui</span> <span class='ocrx_word' id='word_1_90' title='bbox 921 881 1033 934; x_wconf 90' lang='lat' dir='ltr'>prius</span> <span class='ocrx_word' id='word_1_91' title='bbox 1081 883 1198 921; x_wconf 88' lang='lat' dir='ltr'>erant</span> <span class='ocrx_word' id='word_1_92' title='bbox 1245 878 1296 921; x_wconf 87' lang='lat' dir='ltr'>ab</span> <span class='ocrx_word' id='word_1_93' title='bbox 1339 878 1617 922; x_wconf 89' lang='lat' dir='ltr'>ecclesiastiea</span> <span class='ocrx_word' id='word_1_94' title='bbox 1668 881 1822 921; x_wconf 87' lang='lat' dir='ltr'>unitate</span> 
     </span>
     <span class='ocr_line' id='line_1_14' title="bbox 200 948 1822 1005; baseline 0 -13"><span class='ocrx_word' id='word_1_95' title='bbox 200 951 387 1005; x_wconf 68' lang='lat' dir='ltr'>praecisi,</span> <span class='ocrx_word' id='word_1_96' title='bbox 422 963 496 993; x_wconf 88' lang='lat' dir='ltr'>nec</span> <span class='ocrx_word' id='word_1_97' title='bbox 520 952 557 992; x_wconf 93' lang='lat' dir='ltr'>in</span> <span class='ocrx_word' id='word_1_98' title='bbox 582 949 757 993; x_wconf 88' lang='lat' dir='ltr'>articulo</span> <span class='ocrx_word' id='word_1_99' title='bbox 792 952 934 992; x_wconf 88' lang='lat' dir='ltr'>mortis</span> <span class='ocrx_word' id='word_1_100' title='bbox 956 949 1168 993; x_wconf 77' lang='lat' dir='ltr'>Ecclesiae</span> <span class='ocrx_word' id='word_1_101' title='bbox 1192 948 1444 992; x_wconf 90' lang='lat' dir='ltr'>reconciliati</span> <span class='ocrx_word' id='word_1_102' title='bbox 1470 950 1622 992; x_wconf 78' lang='lat' dir='ltr'>fuerint</span> <span class='ocrx_word' id='word_1_103' title='bbox 1644 965 1682 991; x_wconf 87' lang='grc'>)).</span> <span class='ocrx_word' id='word_1_104' title='bbox 1706 949 1822 1004; x_wconf 84' lang='lat' dir='ltr'>Quae</span> 
     </span>
     <span class='ocr_line' id='line_1_15' title="bbox 198 1018 1822 1076; baseline 0 -14"><span class='ocrx_word' id='word_1_105' title='bbox 198 1018 395 1063; x_wconf 79' lang='lat' dir='ltr'>abscissio</span> <span class='ocrx_word' id='word_1_106' title='bbox 429 1033 508 1063; x_wconf 94' lang='lat' dir='ltr'>non</span> <span class='ocrx_word' id='word_1_107' title='bbox 543 1020 675 1063; x_wconf 89' lang='lat' dir='ltr'>solum</span> <span class='ocrx_word' id='word_1_108' title='bbox 710 1021 753 1063; x_wconf 84' lang='lat' dir='ltr'>fit</span> <span class='ocrx_word' id='word_1_109' title='bbox 786 1022 1077 1063; x_wconf 76' lang='lat' dir='ltr'>auctoritative</span> <span class='ocrx_word' id='word_1_110' title='bbox 1112 1033 1182 1076; x_wconf 90' lang='lat' dir='ltr'>per</span> <span class='ocrx_word' id='word_1_111' title='bbox 1223 1032 1420 1062; x_wconf 89' lang='lat' dir='ltr'>censuras</span> <span class='ocrx_word' id='word_1_112' title='bbox 1457 1020 1591 1076; x_wconf 89' lang='lat' dir='ltr'>quoad</span> <span class='ocrx_word' id='word_1_113' title='bbox 1636 1025 1822 1063; x_wconf 85' lang='lat' dir='ltr'>externo-</span> 
     </span>
     <span class='ocr_line' id='line_1_16' title="bbox 200 1090 1823 1146; baseline 0 -14"><span class='ocrx_word' id='word_1_114' title='bbox 200 1103 289 1132; x_wconf 86' lang='lat' dir='ltr'>rum</span> <span class='ocrx_word' id='word_1_115' title='bbox 328 1090 527 1134; x_wconf 92' lang='lat' dir='ltr'>bonorum</span> <span class='ocrx_word' id='word_1_116' title='bbox 563 1093 997 1145; x_wconf 78' lang='lat' dir='ltr'>communicationem,</span> <span class='ocrx_word' id='word_1_117' title='bbox 1040 1091 1110 1133; x_wconf 89' lang='lat' dir='ltr'>sed</span> <span class='ocrx_word' id='word_1_118' title='bbox 1161 1092 1283 1133; x_wconf 90' lang='lat' dir='ltr'>etiam</span> <span class='ocrx_word' id='word_1_119' title='bbox 1319 1090 1370 1133; x_wconf 92' lang='lat' dir='ltr'>ab</span> <span class='ocrx_word' id='word_1_120' title='bbox 1405 1092 1491 1146; x_wconf 90' lang='lat' dir='ltr'>ipso</span> <span class='ocrx_word' id='word_1_121' title='bbox 1526 1093 1700 1146; x_wconf 86' lang='lat' dir='ltr'>privato,</span> <span class='ocrx_word' id='word_1_122' title='bbox 1734 1093 1823 1133; x_wconf 90' lang='lat' dir='ltr'>sive</span> 
     </span>
     <span class='ocr_line' id='line_1_17' title="bbox 199 1160 1822 1219; baseline 0 -15"><span class='ocrx_word' id='word_1_123' title='bbox 199 1175 272 1217; x_wconf 92' lang='lat' dir='ltr'>per</span> <span class='ocrx_word' id='word_1_124' title='bbox 304 1161 482 1205; x_wconf 88' lang='lat' dir='ltr'>schisma</span> <span class='ocrx_word' id='word_1_125' title='bbox 517 1161 568 1205; x_wconf 90' lang='lat' dir='ltr'>ob</span> <span class='ocrx_word' id='word_1_126' title='bbox 602 1162 710 1219; x_wconf 92' lang='lat' dir='ltr'>quod</span> <span class='ocrx_word' id='word_1_127' title='bbox 748 1162 999 1218; x_wconf 89' lang='lat' dir='ltr'>praeciditur</span> <span class='ocrx_word' id='word_1_128' title='bbox 1049 1167 1218 1205; x_wconf 87' lang='lat' dir='ltr'>externa</span> <span class='ocrx_word' id='word_1_129' title='bbox 1262 1164 1356 1204; x_wconf 90' lang='lat' dir='ltr'>unio</span> <span class='ocrx_word' id='word_1_130' title='bbox 1390 1175 1485 1204; x_wconf 90' lang='lat' dir='ltr'>cum</span> <span class='ocrx_word' id='word_1_131' title='bbox 1518 1160 1728 1204; x_wconf 86' lang='lat' dir='ltr'>Ecclesiae</span> <span class='ocrx_word' id='word_1_132' title='bbox 1756 1174 1822 1204; x_wconf 87' lang='lat' dir='ltr'>ca-</span> 
     </span>
     <span class='ocr_line' id='line_1_18' title="bbox 200 1231 1824 1290; baseline 0 -16"><span class='ocrx_word' id='word_1_133' title='bbox 200 1235 281 1289; x_wconf 89' lang='lat' dir='ltr'>pite</span> <span class='ocrx_word' id='word_1_134' title='bbox 315 1245 362 1276; x_wconf 91' lang='lat' dir='ltr'>ac</span> <span class='ocrx_word' id='word_1_135' title='bbox 397 1232 606 1283; x_wconf 89' lang='lat' dir='ltr'>memhris,</span> <span class='ocrx_word' id='word_1_136' title='bbox 640 1235 729 1275; x_wconf 91' lang='lat' dir='ltr'>sive</span> <span class='ocrx_word' id='word_1_137' title='bbox 764 1246 836 1289; x_wconf 90' lang='lat' dir='ltr'>per</span> <span class='ocrx_word' id='word_1_138' title='bbox 871 1237 1036 1289; x_wconf 85' lang='lat' dir='ltr'>peccata</span> <span class='ocrx_word' id='word_1_139' title='bbox 1063 1232 1114 1276; x_wconf 89' lang='lat' dir='ltr'>ob</span> <span class='ocrx_word' id='word_1_140' title='bbox 1137 1245 1243 1290; x_wconf 90' lang='lat' dir='ltr'>quae</span> <span class='ocrx_word' id='word_1_141' title='bbox 1269 1234 1457 1288; x_wconf 88' lang='lat' dir='ltr'>privatur</span> <span class='ocrx_word' id='word_1_142' title='bbox 1480 1231 1694 1283; x_wconf 75' lang='lat' dir='ltr'>charitate,</span> <span class='ocrx_word' id='word_1_143' title='bbox 1719 1243 1824 1288; x_wconf 90' lang='lat' dir='ltr'>quae</span> 
     </span>
     <span class='ocr_line' id='line_1_19' title="bbox 199 1300 1825 1359; baseline -0.001 -13"><span class='ocrx_word' id='word_1_144' title='bbox 199 1305 391 1346; x_wconf 89' lang='lat' dir='ltr'>unionem</span> <span class='ocrx_word' id='word_1_145' title='bbox 432 1304 597 1346; x_wconf 90' lang='lat' dir='ltr'>vitalem</span> <span class='ocrx_word' id='word_1_146' title='bbox 634 1306 670 1345; x_wconf 93' lang='lat' dir='ltr'>in</span> <span class='ocrx_word' id='word_1_147' title='bbox 707 1303 890 1346; x_wconf 90' lang='lat' dir='ltr'>Ecclesia</span> <span class='ocrx_word' id='word_1_148' title='bbox 923 1304 1032 1357; x_wconf 69' lang='lat' dir='ltr'>facit,</span> <span class='ocrx_word' id='word_1_149' title='bbox 1081 1305 1170 1346; x_wconf 90' lang='lat' dir='ltr'>sive</span> <span class='ocrx_word' id='word_1_150' title='bbox 1219 1303 1387 1346; x_wconf 88' lang='lat' dir='ltr'>demum</span> <span class='ocrx_word' id='word_1_151' title='bbox 1430 1316 1501 1359; x_wconf 90' lang='lat' dir='ltr'>per</span> <span class='ocrx_word' id='word_1_152' title='bbox 1534 1303 1736 1346; x_wconf 88' lang='lat' dir='ltr'>haeresim</span> <span class='ocrx_word' id='word_1_153' title='bbox 1773 1300 1825 1345; x_wconf 91' lang='lat' dir='ltr'>ob</span> 
     </span>
     <span class='ocr_line' id='line_1_20' title="bbox 199 1373 1822 1430; baseline 0.001 -14"><span class='ocrx_word' id='word_1_154' title='bbox 199 1386 322 1430; x_wconf 88' lang='lat' dir='ltr'>quam</span> <span class='ocrx_word' id='word_1_155' title='bbox 358 1374 554 1417; x_wconf 87' lang='lat' dir='ltr'>abscissio</span> <span class='ocrx_word' id='word_1_156' title='bbox 588 1386 782 1430; x_wconf 89' lang='lat' dir='ltr'>suprema</span> <span class='ocrx_word' id='word_1_157' title='bbox 816 1375 859 1416; x_wconf 87' lang='lat' dir='ltr'>lit</span> <span class='ocrx_word' id='word_1_158' title='bbox 894 1373 1066 1417; x_wconf 87' lang='lat' dir='ltr'>membri</span> <span class='ocrx_word' id='word_1_159' title='bbox 1102 1373 1153 1417; x_wconf 89' lang='lat' dir='ltr'>ab</span> <span class='ocrx_word' id='word_1_160' title='bbox 1188 1373 1396 1417; x_wconf 87' lang='lat' dir='ltr'>Ecclesiae</span> <span class='ocrx_word' id='word_1_161' title='bbox 1428 1387 1602 1430; x_wconf 89' lang='lat' dir='ltr'>corpore</span> <span class='ocrx_word' id='word_1_162' title='bbox 1636 1374 1822 1429; x_wconf 74' lang='lat' dir='ltr'>mystico,</span> 
     </span>
     <span class='ocr_line' id='line_1_21' title="bbox 201 1443 1823 1505; baseline -0.001 -18"><span class='ocrx_word' id='word_1_163' title='bbox 201 1444 269 1487; x_wconf 91' lang='lat' dir='ltr'>llla</span> <span class='ocrx_word' id='word_1_164' title='bbox 305 1447 505 1500; x_wconf 86' lang='lat' dir='ltr'>principia</span> <span class='ocrx_word' id='word_1_165' title='bbox 541 1444 791 1501; x_wconf 85' lang='lat' dir='ltr'>generaliter</span> <span class='ocrx_word' id='word_1_166' title='bbox 814 1447 1018 1505; x_wconf 28' lang='lat' dir='ltr'>&#39;exprimit</span> <span class='ocrx_word' id='word_1_167' title='bbox 1051 1457 1139 1487; x_wconf 89' lang='lat' dir='ltr'>can.</span> <span class='ocrx_word' id='word_1_168' title='bbox 1187 1444 1312 1493; x_wconf 62' lang='lat'>1239,</span> <span class='ocrx_word' id='word_1_169' title='bbox 1358 1443 1654 1500; x_wconf 88' lang='lat' dir='ltr'>prohibitiones</span> <span class='ocrx_word' id='word_1_170' title='bbox 1687 1447 1823 1486; x_wconf 88' lang='lat' dir='ltr'>autem</span> 
     </span>
     <span class='ocr_line' id='line_1_22' title="bbox 200 1514 1825 1572; baseline -0.001 -14"><span class='ocrx_word' id='word_1_171' title='bbox 200 1518 420 1558; x_wconf 83' lang='lat' dir='ltr'>canonicas</span> <span class='ocrx_word' id='word_1_172' title='bbox 453 1520 669 1558; x_wconf 89' lang='lat' dir='ltr'>enumerat</span> <span class='ocrx_word' id='word_1_173' title='bbox 702 1528 791 1558; x_wconf 91' lang='lat' dir='ltr'>can.</span> <span class='ocrx_word' id='word_1_174' title='bbox 830 1515 952 1567; x_wconf 65' lang='lat'><strong>1240,</strong></span> <span class='ocrx_word' id='word_1_175' title='bbox 1003 1516 1257 1572; x_wconf 80' lang='lat' dir='ltr'>effectusque</span> <span class='ocrx_word' id='word_1_176' title='bbox 1308 1517 1551 1570; x_wconf 88' lang='lat' dir='ltr'>privationis</span> <span class='ocrx_word' id='word_1_177' title='bbox 1588 1514 1825 1570; x_wconf 89' lang='lat' dir='ltr'>sepulturae</span> 
     </span>
     <span class='ocr_line' id='line_1_23' title="bbox 202 1585 1826 1642; baseline -0.002 -13"><span class='ocrx_word' id='word_1_178' title='bbox 202 1586 506 1629; x_wconf 86' lang='lat' dir='ltr'>ecclesiasticae</span> <span class='ocrx_word' id='word_1_179' title='bbox 540 1586 800 1642; x_wconf 88' lang='lat' dir='ltr'>explicantur</span> <span class='ocrx_word' id='word_1_180' title='bbox 834 1588 871 1628; x_wconf 93' lang='lat' dir='ltr'>in</span> <span class='ocrx_word' id='word_1_181' title='bbox 906 1599 1058 1642; x_wconf 83' lang='lat' dir='ltr'>genere</span> <span class='ocrx_word' id='word_1_182' title='bbox 1083 1599 1154 1642; x_wconf 90' lang='lat' dir='ltr'>per</span> <span class='ocrx_word' id='word_1_183' title='bbox 1177 1599 1265 1629; x_wconf 88' lang='lat' dir='ltr'>can.</span> <span class='ocrx_word' id='word_1_184' title='bbox 1292 1586 1415 1637; x_wconf 65' lang='lat'><strong>1241,</strong></span> <span class='ocrx_word' id='word_1_185' title='bbox 1440 1590 1477 1628; x_wconf 90' lang='lat' dir='ltr'>et</span> <span class='ocrx_word' id='word_1_186' title='bbox 1503 1585 1636 1642; x_wconf 88' lang='lat' dir='ltr'>quoad</span> <span class='ocrx_word' id='word_1_187' title='bbox 1663 1597 1826 1627; x_wconf 81' lang='lat' dir='ltr'>excom-</span> 
     </span>
     <span class='ocr_line' id='line_1_24' title="bbox 201 1657 996 1700; baseline 0 0"><span class='ocrx_word' id='word_1_188' title='bbox 201 1660 455 1700; x_wconf 87' lang='lat' dir='ltr'>municatum</span> <span class='ocrx_word' id='word_1_189' title='bbox 495 1658 709 1700; x_wconf 87' lang='lat' dir='ltr'>vitandum</span> <span class='ocrx_word' id='word_1_190' title='bbox 743 1670 831 1700; x_wconf 88' lang='lat' dir='ltr'>can.</span> <span class='ocrx_word' id='word_1_191' title='bbox 869 1657 996 1700; x_wconf 66' lang='lat'><strong>1242.</strong></span> 
     </span>
    </p>

    <p class='ocr_par' dir='ltr' id='par_1_6' title="bbox 200 1728 1827 2196">
     <span class='ocr_line' id='line_1_25' title="bbox 321 1728 1825 1784; baseline 0 -14"><span class='ocrx_word' id='word_1_192' title='bbox 321 1728 415 1771; x_wconf 82' lang='lat'>100.</span> <span class='ocrx_word' id='word_1_193' title='bbox 452 1729 543 1780; x_wconf 82' lang='lat' dir='ltr'>Qui</span> <span class='ocrx_word' id='word_1_194' title='bbox 567 1730 663 1774; x_wconf 87' lang='lat' dir='ltr'>sint</span> <span class='ocrx_word' id='word_1_195' title='bbox 681 1731 727 1773; x_wconf 90' lang='lat' dir='ltr'>in</span> <span class='ocrx_word' id='word_1_196' title='bbox 747 1741 931 1784; x_wconf 83' lang='lat' dir='ltr'>genere</span> <span class='ocrx_word' id='word_1_197' title='bbox 955 1730 1171 1773; x_wconf 86' lang='lat' dir='ltr'>donandi</span> <span class='ocrx_word' id='word_1_198' title='bbox 1195 1729 1448 1784; x_wconf 85' lang='lat' dir='ltr'>sepultura</span> <span class='ocrx_word' id='word_1_199' title='bbox 1472 1728 1825 1772; x_wconf 86' lang='lat' dir='ltr'>ecclesiastica.</span> 
     </span>
     <span class='ocr_line' id='line_1_26' title="bbox 205 1797 1824 1856; baseline -0.003 -13"><span class='ocrx_word' id='word_1_200' title='bbox 205 1799 304 1843; x_wconf 68' lang='lat' dir='ltr'>Can.</span> <span class='ocrx_word' id='word_1_201' title='bbox 340 1801 471 1842; x_wconf 64' lang='lat'><em>1239.</em></span> <span class='ocrx_word' id='word_1_202' title='bbox 505 1800 532 1856; x_wconf 52' lang='grc' dir='ltr'>ᾗ</span> <span class='ocrx_word' id='word_1_203' title='bbox 567 1802 601 1842; x_wconf 83' lang='grc'>1.</span> <span class='ocrx_word' id='word_1_204' title='bbox 636 1798 700 1841; x_wconf 68' lang='lat' dir='ltr'>Ast</span> <span class='ocrx_word' id='word_1_205' title='bbox 731 1798 993 1856; x_wconf 75' lang='lat' dir='ltr'>sepulturam</span> <span class='ocrx_word' id='word_1_206' title='bbox 1027 1797 1370 1850; x_wconf 72' lang='lat' dir='ltr'>eeclesiasticam,</span> <span class='ocrx_word' id='word_1_207' title='bbox 1406 1802 1523 1853; x_wconf 91' lang='lat' dir='ltr'>prout</span> <span class='ocrx_word' id='word_1_208' title='bbox 1563 1797 1664 1839; x_wconf 81' lang='lat' dir='ltr'>haec</span> <span class='ocrx_word' id='word_1_209' title='bbox 1690 1798 1763 1839; x_wconf 84' lang='lat' dir='ltr'>l&#39;uit</span> <span class='ocrx_word' id='word_1_210' title='bbox 1786 1798 1824 1838; x_wconf 93' lang='lat' dir='ltr'>in</span> 
     </span>
     <span class='ocr_line' id='line_1_27' title="bbox 200 1868 1827 1925; baseline -0.002 -12"><span class='ocrx_word' id='word_1_211' title='bbox 200 1883 290 1913; x_wconf 89' lang='lat' dir='ltr'>can.</span> <span class='ocrx_word' id='word_1_212' title='bbox 330 1870 431 1912; x_wconf 70' lang='lat'>1204</span> <span class='ocrx_word' id='word_1_213' title='bbox 473 1869 696 1923; x_wconf 70' lang='lat' dir='ltr'>declarata,</span> <span class='ocrx_word' id='word_1_214' title='bbox 730 1883 812 1911; x_wconf 70' lang='lat' dir='ltr'>non</span> <span class='ocrx_word' id='word_1_215' title='bbox 844 1874 942 1911; x_wconf 75' lang='lat' dir='ltr'>sunt</span> <span class='ocrx_word' id='word_1_216' title='bbox 974 1868 1238 1923; x_wconf 68' lang='lat' dir='ltr'>admittendi,</span> <span class='ocrx_word' id='word_1_217' title='bbox 1274 1871 1368 1925; x_wconf 88' lang='lat' dir='ltr'>quia</span> <span class='ocrx_word' id='word_1_218' title='bbox 1409 1883 1428 1908; x_wconf 79' lang='lat'>((</span> <span class='ocrx_word' id='word_1_219' title='bbox 1451 1870 1510 1910; x_wconf 89' lang='lat' dir='ltr'>eis</span> <span class='ocrx_word' id='word_1_220' title='bbox 1542 1881 1620 1910; x_wconf 93' lang='lat' dir='ltr'>non</span> <span class='ocrx_word' id='word_1_221' title='bbox 1645 1880 1827 1910; x_wconf 88' lang='lat' dir='ltr'>commu-</span> 
     </span>
     <span class='ocr_line' id='line_1_28' title="bbox 201 1937 1826 1996; baseline -0.003 -12"><span class='ocrx_word' id='word_1_222' title='bbox 201 1944 435 1984; x_wconf 82' lang='lat' dir='ltr'>nicavimus</span> <span class='ocrx_word' id='word_1_223' title='bbox 472 1942 579 1982; x_wconf 86' lang='lat' dir='ltr'>vivis</span> <span class='ocrx_word' id='word_1_224' title='bbox 603 1956 622 1980; x_wconf 84' lang='grc'>»</span> <span class='ocrx_word' id='word_1_225' title='bbox 661 1940 769 1996; x_wconf 90' lang='lat' dir='ltr'>(cap.</span> <span class='ocrx_word' id='word_1_226' title='bbox 812 1940 859 1982; x_wconf 70' lang='lat'>12</span> <span class='ocrx_word' id='word_1_227' title='bbox 884 1942 952 1982; x_wconf 91' lang='lat' dir='ltr'>cit.</span> <span class='ocrx_word' id='word_1_228' title='bbox 979 1941 1053 1991; x_wconf 92' lang='lat' dir='ltr'>tit.)</span> <span class='ocrx_word' id='word_1_229' title='bbox 1077 1939 1161 1996; x_wconf 58' lang='lat' dir='ltr'>qui„</span> <span class='ocrx_word' id='word_1_230' title='bbox 1188 1941 1334 1995; x_wconf 85' lang='lat' dir='ltr'>pagani</span> <span class='ocrx_word' id='word_1_231' title='bbox 1362 1938 1424 1981; x_wconf 91' lang='lat' dir='ltr'>vel</span> <span class='ocrx_word' id='word_1_232' title='bbox 1449 1943 1585 1981; x_wconf 91' lang='lat' dir='ltr'>sectae</span> <span class='ocrx_word' id='word_1_233' title='bbox 1610 1937 1826 1993; x_wconf 82' lang='lat' dir='ltr'>religiosae</span> 
     </span>
     <span class='ocr_line' id='line_1_29' title="bbox 202 2009 1827 2068; baseline -0.002 -13"><span class='ocrx_word' id='word_1_234' title='bbox 202 2012 370 2061; x_wconf 75' lang='lat' dir='ltr'>addicti,</span> <span class='ocrx_word' id='word_1_235' title='bbox 409 2011 470 2054; x_wconf 92' lang='lat' dir='ltr'>vel</span> <span class='ocrx_word' id='word_1_236' title='bbox 506 2010 661 2068; x_wconf 86' lang='lat' dir='ltr'>absque</span> <span class='ocrx_word' id='word_1_237' title='bbox 696 2010 909 2066; x_wconf 81' lang='lat' dir='ltr'>religione,</span> <span class='ocrx_word' id='word_1_238' title='bbox 942 2010 1033 2052; x_wconf 69' lang='lat' dir='ltr'>sine</span> <span class='ocrx_word' id='word_1_239' title='bbox 1066 2010 1270 2067; x_wconf 73' lang='lat' dir='ltr'>baptismo</span> <span class='ocrx_word' id='word_1_240' title='bbox 1303 2009 1446 2053; x_wconf 89' lang='lat' dir='ltr'>saltem</span> <span class='ocrx_word' id='word_1_241' title='bbox 1482 2009 1558 2052; x_wconf 90' lang='lat' dir='ltr'>sub</span> <span class='ocrx_word' id='word_1_242' title='bbox 1591 2009 1827 2051; x_wconf 90' lang='lat' dir='ltr'>conditione</span> 
     </span>
     <span class='ocr_line' id='line_1_30' title="bbox 205 2077 1826 2138; baseline -0.004 -12"><span class='ocrx_word' id='word_1_243' title='bbox 205 2087 369 2138; x_wconf 87' lang='lat' dir='ltr'>recepto</span> <span class='ocrx_word' id='word_1_244' title='bbox 403 2081 668 2123; x_wconf 73' lang='lat' dir='ltr'>decesserint.</span> <span class='ocrx_word' id='word_1_245' title='bbox 697 2081 927 2136; x_wconf 88' lang='lat' dir='ltr'>Baptismus</span> <span class='ocrx_word' id='word_1_246' title='bbox 951 2080 1243 2136; x_wconf 88' lang='lat' dir='ltr'>intelligendus</span> <span class='ocrx_word' id='word_1_247' title='bbox 1266 2085 1327 2123; x_wconf 91' lang='lat' dir='ltr'>est</span> <span class='ocrx_word' id='word_1_248' title='bbox 1349 2079 1493 2122; x_wconf 90' lang='lat' dir='ltr'>saltem</span> <span class='ocrx_word' id='word_1_249' title='bbox 1518 2078 1669 2122; x_wconf 89' lang='lat' dir='ltr'>dubius</span> <span class='ocrx_word' id='word_1_250' title='bbox 1693 2077 1826 2132; x_wconf 87' lang='lat' dir='ltr'>quoad</span> 
     </span>
     <span class='ocr_line' id='line_1_31' title="bbox 207 2153 477 2196; baseline 0.004 -1"><span class='ocrx_word' id='word_1_251' title='bbox 207 2153 477 2196; x_wconf 80' lang='lat' dir='ltr'>validitatem.</span> 
     </span>
    </p>

    <p class='ocr_par' dir='ltr' id='par_1_7' title="bbox 204 2221 1831 2772">
     <span class='ocr_line' id='line_1_32' title="bbox 328 2221 1828 2278; baseline -0.001 -15"><span class='ocrx_word' id='word_1_252' title='bbox 328 2239 346 2263; x_wconf 82' lang='lat'>«</span> <span class='ocrx_word' id='word_1_253' title='bbox 375 2224 505 2266; x_wconf 80' lang='lat' dir='ltr'>Potest</span> <span class='ocrx_word' id='word_1_254' title='bbox 539 2228 845 2266; x_wconf 85' lang='lat' dir='ltr'>sacramentum</span> <span class='ocrx_word' id='word_1_255' title='bbox 883 2222 1072 2278; x_wconf 85' lang='lat' dir='ltr'>baptismi</span> <span class='ocrx_word' id='word_1_256' title='bbox 1107 2221 1229 2265; x_wconf 88' lang='lat' dir='ltr'>alicui</span> <span class='ocrx_word' id='word_1_257' title='bbox 1263 2221 1406 2264; x_wconf 85' lang='lat' dir='ltr'>deesse</span> <span class='ocrx_word' id='word_1_258' title='bbox 1432 2235 1487 2274; x_wconf 54' lang='lat' dir='ltr'>re7</span> <span class='ocrx_word' id='word_1_259' title='bbox 1522 2221 1591 2264; x_wconf 89' lang='lat' dir='ltr'>sed</span> <span class='ocrx_word' id='word_1_260' title='bbox 1618 2233 1697 2263; x_wconf 92' lang='lat' dir='ltr'>non</span> <span class='ocrx_word' id='word_1_261' title='bbox 1720 2223 1828 2272; x_wconf 76' lang='lat' dir='ltr'>voto,</span> 
     </span>
     <span class='ocr_line' id='line_1_33' title="bbox 204 2291 1829 2351; baseline -0.002 -15"><span class='ocrx_word' id='word_1_262' title='bbox 204 2297 308 2337; x_wconf 85' lang='lat' dir='ltr'>sicut</span> <span class='ocrx_word' id='word_1_263' title='bbox 344 2307 437 2336; x_wconf 90' lang='lat' dir='ltr'>cum</span> <span class='ocrx_word' id='word_1_264' title='bbox 472 2293 621 2351; x_wconf 90' lang='lat' dir='ltr'>aliquis</span> <span class='ocrx_word' id='word_1_265' title='bbox 656 2292 849 2349; x_wconf 82' lang='lat' dir='ltr'>baptizari</span> <span class='ocrx_word' id='word_1_266' title='bbox 884 2292 1107 2343; x_wconf 74' lang='lat' dir='ltr'>desiderat,</span> <span class='ocrx_word' id='word_1_267' title='bbox 1140 2292 1209 2334; x_wconf 89' lang='lat' dir='ltr'>sed</span> <span class='ocrx_word' id='word_1_268' title='bbox 1254 2291 1391 2348; x_wconf 88' lang='lat' dir='ltr'>aliquo</span> <span class='ocrx_word' id='word_1_269' title='bbox 1430 2304 1526 2334; x_wconf 86' lang='lat' dir='ltr'>casu</span> <span class='ocrx_word' id='word_1_270' title='bbox 1561 2291 1829 2347; x_wconf 88' lang='lat' dir='ltr'>praevenitur</span> 
     </span>
     <span class='ocr_line' id='line_1_34' title="bbox 209 2359 1827 2421; baseline -0.004 -14"><span class='ocrx_word' id='word_1_271' title='bbox 209 2369 351 2413; x_wconf 74' lang='lat' dir='ltr'>morte,</span> <span class='ocrx_word' id='word_1_272' title='bbox 386 2369 607 2421; x_wconf 82' lang='lat' dir='ltr'>antequam</span> <span class='ocrx_word' id='word_1_273' title='bbox 645 2363 892 2419; x_wconf 88' lang='lat' dir='ltr'>baptismum</span> <span class='ocrx_word' id='word_1_274' title='bbox 927 2365 1138 2419; x_wconf 74' lang='lat' dir='ltr'>suscipiat,</span> <span class='ocrx_word' id='word_1_275' title='bbox 1163 2367 1201 2405; x_wconf 91' lang='lat' dir='ltr'>et</span> <span class='ocrx_word' id='word_1_276' title='bbox 1226 2362 1316 2405; x_wconf 91' lang='lat' dir='ltr'>talis</span> <span class='ocrx_word' id='word_1_277' title='bbox 1339 2364 1426 2404; x_wconf 88' lang='lat' dir='ltr'>sine</span> <span class='ocrx_word' id='word_1_278' title='bbox 1452 2361 1654 2418; x_wconf 84' lang='lat' dir='ltr'>baptismo</span> <span class='ocrx_word' id='word_1_279' title='bbox 1678 2359 1827 2403; x_wconf 91' lang='lat' dir='ltr'>actuali</span> 
     </span>
     <span class='ocr_line' id='line_1_35' title="bbox 205 2431 1828 2491; baseline -0.003 -13"><span class='ocrx_word' id='word_1_280' title='bbox 205 2435 376 2478; x_wconf 86' lang='lat' dir='ltr'>salutem</span> <span class='ocrx_word' id='word_1_281' title='bbox 412 2437 607 2491; x_wconf 86' lang='lat' dir='ltr'>consequi</span> <span class='ocrx_word' id='word_1_282' title='bbox 644 2439 787 2490; x_wconf 85' lang='lat' dir='ltr'>potest.</span> <span class='ocrx_word' id='word_1_283' title='bbox 839 2438 1005 2490; x_wconf 89' lang='lat' dir='ltr'>propter</span> <span class='ocrx_word' id='word_1_284' title='bbox 1049 2433 1301 2475; x_wconf 90' lang='lat' dir='ltr'>desiderium</span> <span class='ocrx_word' id='word_1_285' title='bbox 1352 2431 1559 2488; x_wconf 87' lang='lat' dir='ltr'>baptismi,</span> <span class='ocrx_word' id='word_1_286' title='bbox 1593 2431 1702 2489; x_wconf 89' lang='lat' dir='ltr'>quod</span> <span class='ocrx_word' id='word_1_287' title='bbox 1737 2443 1828 2487; x_wconf 91' lang='lat' dir='ltr'>pro-</span> 
     </span>
     <span class='ocr_line' id='line_1_36' title="bbox 206 2502 1830 2561; baseline -0.004 -12"><span class='ocrx_word' id='word_1_288' title='bbox 206 2506 315 2549; x_wconf 85' lang='lat' dir='ltr'>cedit</span> <span class='ocrx_word' id='word_1_289' title='bbox 351 2519 399 2547; x_wconf 85' lang='lat' dir='ltr'>ex</span> <span class='ocrx_word' id='word_1_290' title='bbox 436 2506 516 2547; x_wconf 91' lang='lat' dir='ltr'>lide</span> <span class='ocrx_word' id='word_1_291' title='bbox 561 2518 632 2561; x_wconf 90' lang='lat' dir='ltr'>per</span> <span class='ocrx_word' id='word_1_292' title='bbox 674 2504 938 2548; x_wconf 90' lang='lat' dir='ltr'>dilectionem</span> <span class='ocrx_word' id='word_1_293' title='bbox 983 2508 1192 2559; x_wconf 90' lang='lat' dir='ltr'>operante,</span> <span class='ocrx_word' id='word_1_294' title='bbox 1240 2517 1310 2558; x_wconf 89' lang='lat' dir='ltr'>per</span> <span class='ocrx_word' id='word_1_295' title='bbox 1359 2515 1482 2560; x_wconf 90' lang='lat' dir='ltr'>quam</span> <span class='ocrx_word' id='word_1_296' title='bbox 1518 2502 1627 2545; x_wconf 90' lang='lat' dir='ltr'>Deus</span> <span class='ocrx_word' id='word_1_297' title='bbox 1659 2502 1830 2543; x_wconf 90' lang='lat' dir='ltr'>interius</span> 
     </span>
     <span class='ocr_line' id='line_1_37' title="bbox 207 2569 1828 2630; baseline -0.004 -12"><span class='ocrx_word' id='word_1_298' title='bbox 207 2576 414 2618; x_wconf 88' lang='lat' dir='ltr'>hominem</span> <span class='ocrx_word' id='word_1_299' title='bbox 450 2576 694 2629; x_wconf 62' lang='lat' dir='ltr'>sanctificat,</span> <span class='ocrx_word' id='word_1_300' title='bbox 728 2577 845 2618; x_wconf 85' lang='lat' dir='ltr'>cuius</span> <span class='ocrx_word' id='word_1_301' title='bbox 881 2576 1057 2630; x_wconf 89' lang='lat' dir='ltr'>potentia</span> <span class='ocrx_word' id='word_1_302' title='bbox 1091 2576 1363 2616; x_wconf 86' lang='lat' dir='ltr'>sacramentis</span> <span class='ocrx_word' id='word_1_303' title='bbox 1405 2571 1636 2616; x_wconf 88' lang='lat' dir='ltr'>visibilibus</span> <span class='ocrx_word' id='word_1_304' title='bbox 1670 2584 1747 2613; x_wconf 93' lang='lat' dir='ltr'>non</span> <span class='ocrx_word' id='word_1_305' title='bbox 1772 2569 1828 2612; x_wconf 92' lang='lat' dir='ltr'>al-</span> 
     </span>
     <span class='ocr_line' id='line_1_38' title="bbox 208 2641 1830 2702; baseline -0.003 -14"><span class='ocrx_word' id='word_1_306' title='bbox 208 2646 370 2702; x_wconf 86' lang='lat' dir='ltr'>ligatur.</span> <span class='ocrx_word' id='word_1_307' title='bbox 405 2645 521 2689; x_wconf 90' lang='lat' dir='ltr'>Unde</span> <span class='ocrx_word' id='word_1_308' title='bbox 556 2646 799 2689; x_wconf 88' lang='lat' dir='ltr'>Ambrosius</span> <span class='ocrx_word' id='word_1_309' title='bbox 833 2645 932 2688; x_wconf 90' lang='lat' dir='ltr'>dicit</span> <span class='ocrx_word' id='word_1_310' title='bbox 957 2646 967 2666; x_wconf 79' lang='lat'>¹</span> <span class='ocrx_word' id='word_1_311' title='bbox 1005 2645 1054 2687; x_wconf 90' lang='lat' dir='ltr'>de</span> <span class='ocrx_word' id='word_1_312' title='bbox 1082 2643 1378 2697; x_wconf 57' lang='lat' dir='ltr'>Valentiniano,</span> <span class='ocrx_word' id='word_1_313' title='bbox 1414 2646 1482 2699; x_wconf 90' lang='lat' dir='ltr'>qui</span> <span class='ocrx_word' id='word_1_314' title='bbox 1507 2641 1830 2686; x_wconf 87' lang='lat' dir='ltr'>catechumenus</span> 
     </span>
     <span class='ocr_line' id='line_1_39' title="bbox 211 2710 1831 2772; baseline -0.003 -14"><span class='ocrx_word' id='word_1_315' title='bbox 211 2721 396 2759; x_wconf 85' lang='lat' dir='ltr'>mortuus</span> <span class='ocrx_word' id='word_1_316' title='bbox 430 2718 523 2760; x_wconf 80' lang='lat' dir='ltr'>tuit:</span> <span class='ocrx_word' id='word_1_317' title='bbox 564 2714 738 2768; x_wconf 81' lang='lat' dir='ltr'>«Quem</span> <span class='ocrx_word' id='word_1_318' title='bbox 776 2720 1096 2772; x_wconf 86' lang='lat' dir='ltr'>regeneraturus</span> <span class='ocrx_word' id='word_1_319' title='bbox 1129 2727 1260 2768; x_wconf 64' lang='lat' dir='ltr'>eram,</span> <span class='ocrx_word' id='word_1_320' title='bbox 1284 2717 1426 2769; x_wconf 78' lang='lat' dir='ltr'>amisi3</span> <span class='ocrx_word' id='word_1_321' title='bbox 1454 2717 1737 2756; x_wconf 86' lang='lat' dir='ltr'>verumtamen</span> <span class='ocrx_word' id='word_1_322' title='bbox 1763 2710 1831 2754; x_wconf 87' lang='lat' dir='ltr'>illc</span> 
     </span>
    </p>
   </div>
   <div class='ocr_carea' id='block_1_5' title="bbox 328 2867 1304 2912">
    <p class='ocr_par' dir='ltr' id='par_1_8' title="bbox 328 2867 1304 2912">
     <span class='ocr_line' id='line_1_40' title="bbox 328 2867 1304 2912; baseline -0.001 -9"><span class='ocrx_word' id='word_1_323' title='bbox 328 2871 337 2891; x_wconf 82' lang='lat'>¹</span> <span class='ocrx_word' id='word_1_324' title='bbox 367 2869 451 2903; x_wconf 88' lang='lat' dir='ltr'>Lib.</span> <span class='ocrx_word' id='word_1_325' title='bbox 481 2869 525 2903; x_wconf 84' lang='lat' dir='ltr'>de</span> <span class='ocrx_word' id='word_1_326' title='bbox 552 2869 664 2903; x_wconf 83' lang='lat' dir='ltr'>obitu</span> <span class='ocrx_word' id='word_1_327' title='bbox 702 2868 902 2902; x_wconf 76' lang='lat' dir='ltr'>Valentin.</span> <span class='ocrx_word' id='word_1_328' title='bbox 937 2867 1130 2912; x_wconf 77' lang='lat' dir='ltr'>aliquant.</span> <span class='ocrx_word' id='word_1_329' title='bbox 1159 2879 1180 2901; x_wconf 87' lang='lat' dir='ltr'>a</span> <span class='ocrx_word' id='word_1_330' title='bbox 1206 2867 1304 2902; x_wconf 82' lang='lat' dir='ltr'>med.</span> 
     </span>
    </p>
   </div>
  </div>
 </body>
</html>
