1965 3240
122 129 194 163 312

124 247 296 294 probatae,
312 251 349 282 ut
363 246 448 281 inibi
465 245 580 280 studia
602 245 803 291 praesertim
823 245 898 291 phi-

123 294 309 341 losophiae.
337 292 528 337 theologiae
553 303 592 327 ac
620 292 705 327 iuris
739 293 898 328 canonici

123 342 303 389 perficiant
327 345 360 376 et
385 339 602 376 academicos
627 339 756 384 gradus
782 350 900 376 eonse-

121 393 286 436 quantur.

168 435 250 472 CAN.
282 432 382 469 1381.
402 455 418 459 -
436 437 455 476 ἓ
474 433 504 468 1.
523 432 695 476 Religiosa
711 433 901 469 iuventutis

122 482 294 518 institutio
314 482 349 516 in
369 480 495 516 scholis
522 480 734 526 quibuslibet
752 481 900 516 auctori-

121 531 181 567 tati
209 535 241 566 et
268 528 473 575 inspectioni
499 527 670 564 Ecclesiae
691 527 884 563 subiicitur.

169 581 188 620 ξ
215 578 248 612 ⁶2.
278 574 477 612 Ordinariis
504 575 655 611 locorum
691 575 744 610 ius
769 580 803 610 et
829 576 899 609 otii-

121 625 212 660 cium
232 629 282 660 est
302 622 469 668 vigilandi
489 633 531 658 ne
550 622 585 656 in
601 622 784 668 quibusvis
802 623 900 657 scho-

123 672 165 707 lis
183 672 234 707 sui
255 670 417 707 territorii
438 669 630 716 quidquam
657 674 777 705 eontra
797 669 898 705 fidem

123 719 174 755 vel
202 719 309 754 bonos
336 728 448 753 mores
474 717 631 752 tradatur
655 721 715 752 aut
743 717 813 752 fiat.

170 770 189 809 ς
216 766 248 801 3.
280 765 414 801 Eisdem
442 764 603 799 similiter
629 764 682 799 ius
708 768 759 799 est
776 774 900 809 appro-

124 813 227 849 bandi
267 812 444 858 religionis
485 811 669 856 magistros
703 815 736 846 et
771 811 897 852 libros;

124 861 288 907 itemque⁷
320 858 500 904 religionis
538 869 745 904 morumque
782 869 898 899 causa,

385 128 468 163 Lm.
496 126 566 162 111.
594 147 606 152 -
633 127 743 162 PARS
768 127 835 162 IV.
864 147 877 154 ·
902 127 959 163 De
984 129 1208 173 maqisierio
1232 128 1485 163 ecclesiastico

973 245 1130 290 exigendi
1159 249 1195 280 ut
1221 250 1295 280 tum
1323 245 1480 291 magistri
1507 250 1580 282 tum
1602 245 1679 282 libri
1699 257 1745 283 re·

975 296 1191 328 moveantur.

1021 339 1103 375 CAN.
1134 337 1233 373 1382.
1254 359 1270 364 -
1292 337 1471 375 Ordinarii
1499 339 1651 376 locorum
1677 340 1749 375 sive

974 387 1037 432 ipsi
1056 397 1114 432 per
1128 397 1164 422 se
1178 386 1249 422 sive
1269 397 1328 432 per
1344 386 1431 422 alios
1451 392 1594 433 possunt
1613 398 1749 434 quoque

973 434 1106 469 scholas
1132 433 1318 480 quaslibet,
1345 434 1503 476 oratoria,
1531 434 1748 478 mercatoria,

975 484 1192 527 patronatus,
1211 485 1288 521 etc„
1307 480 1342 515 in
1370 481 1412 515 iis
1438 492 1527 527 quae
1552 481 1749 527 religiosam

972 533 1005 564 et
1033 527 1198 563 moralem
1226 527 1480 563 institutionem
1507 533 1676 575 spectant,
1706 529 1753 564 vi-

973 575 1095 617 sitare;
1127 586 1147 610 a
1177 585 1245 620 qua
1283 574 1480 611 visitatione
1517 576 1751 621 quorumlibet

972 622 1212 667 religiosorum
1227 621 1366 657 scholae
1379 626 1558 668 exemptae
1572 634 1643 658 non
1658 628 1750 666 sunt,

974 669 1040 704 nisi
1066 674 1189 714 agatur
1206 669 1248 705 de
1265 669 1394 704 sobolis
1419 668 1568 705 internis
1595 681 1655 717 pro
1674 679 1750 717 pro-

975 716 1073 752 fessis
1100 716 1278 761 religionis
1304 721 1495 762 exemptae.

1022 763 1104 800 clx.
1137 762 1235 799 1383.
1255 784 1271 788 —
1293 763 1328 798 ln
1349 763 1508 809 religiosa
1525 763 1748 800 alumnorum

973 810 1121 846 alicuius
1162 811 1295 856 collegii
1338 811 1557 847 institutione
1598 816 1752 848 servetur

975 857 1226 904 praescriptum
1253 869 1332 893 can.
1362 856 1441 893 891.

419 988 610 1040 —tquoad
644 988 842 1033 religiosam
883 988 935 1022 in·
975 1008 1017 1013 ——
1046 987 1080 1022 in
1108 998 1234 1033 genere
1547 987 1632 1023 Can.
1663 988 1751 1023 1372

441 1039 659 1070 stitutionem
914 1055 957 1060 —

977 1103 1017 1107 —
1046 1082 1139 1118 iuxta
1175 1081 1314 1118 illarum
1349 1082 1542 1118 distinctio-

998 1140 1077 1165 nem
1591 1143 1605 1161 »
1665 1128 1750 1164 1373

420 1245 462 1248 —
490 1233 559 1258 non
588 1222 853 1269 frequentandis
1589 1238 1604 1256 »
1663 1222 1748 1259 1374

680 1337 722 1344 —
750 1317 922 1354 Ecclesiae
950 1319 1002 1353 ius
1589 1332 1604 1351 »
1664 1318 1750 1354 1375

975 1434 1017 1438 —
1048 1412 1260 1448 Universitas
1295 1413 1346 1448 vel
1383 1412 1538 1449 Facultas
1590 1427 1604 1445 »
1663 1411 1750 1448 137ss

680 1458 936 1495 —aSedetan-
969 1438 972 1512 i

154 1557 158 1562 ·
303 1555 309 1561 ,
335 1556 342 1561 V
420 1506 639 1559 -Uconden-
703 1511 775 1542 tum
788 1507 973 1584 Δωριέι-ἱ
1294 1528 1337 1532 —-
1366 1507 1534 1543 determi-

122 1556 258 1592 Titulus
287 1556 390 1591 λλΙΙ.
441 1554 495 1589 dis
621 1574 662 1578 —
982 1575 1020 1581 --
1050 1554 1092 1589 ad
1126 1554 1255 1600 gradus
1287 1534 1289 1603 i
1317 1558 1416 1590 natos
1450 1565 1537 1590 con-

126 1603 171 1640 De
197 1604 323 1639 sobolis
359 1623 401 1630 —
997 1601 1214 1637 academicos
1234 1608 1289 1656 —l
1317 1602 1476 1637 ferendos
1591 1617 1605 1632 »
1665 1599 1750 1636 1377

1287 1677 1336 1722 ‘'—
1363 1707 1441 1731 cum
1468 1706 1539 1731 eer-

1316 1743 1358 1777 tis
1386 1743 1520 1778 iuribus
1591 1756 1606 1775 »
1666 1742 1751 1778 1378

674 1851 723 1862 ¹—
749 1837 943 1872 curandum
970 1841 1003 1873 et
1028 1837 1220 1883 optandum
1592 1851 1606 1869 ι)
1666 1836 1752 1872 1379

419 1953 462 1957 -
489 1931 753 1978 frequentandis
781 1942 839 1977 per
865 1931 1034 1977 quosdam
1065 1931 1208 1967 clericos
1590 1947 1605 1964 »
1664 1930 1750 1967 138⁰

423 2026 533 2061 —ins
553 2024 755 2062 Ordinario-
798 2047 839 2051 -
868 2025 1049 2071 vigilandi,
1075 2026 1293 2072 approbandi
1320 2031 1353 2061 et
1379 2027 1538 2071 exigendi
1594 2041 1607 2058 ›.›
1667 2025 1746 2062 1381

442 2085 518 2108 rum
555 2074 707 2109 locorum
741 2095 775 2098 —

794 2140 838 2147 —
867 2120 1029 2156 visitandi
1592 2135 1605 2153 »
1664 2119 1752 2156 1:382

421 2235 458 2240 —
490 2215 525 2250 in
556 2214 719 2260 Collegiis
746 2215 846 2261 quale
873 2220 1027 2250 servetur
1056 2215 1305 2261 praescriptum
1592 2229 1606 2247 »
1667 2213 1751 2250 1383

244 2358 341 2400 2254.
378 2360 634 2414 Inscriptio
667 2359 814 2403 Tituli
847 2361 895 2403 et
928 2371 1167 2403 canonum
1191 2359 1452 2403 ordinatio,
1475 2356 1633 2401 Deinde
1657 2370 1752 2401 con-

125 2429 419 2471 siderationem
455 2430 642 2484 exposcit
681 2426 844 2470 Titulus
878 2425 1001 2470 XXII
1020 2430 1241 2484 inscriptus
1268 2426 1324 2470 De
1347 2425 1515 2482 scholis,
1541 2427 1578 2471 in
1603 2427 1753 2485 quibus

126 2503 283 2542 mentes
315 2498 585 2541 ellormantnr
629 2511 708 2541 non
754 2497 886 2541 solum
933 2501 1099 2554 proprio
1143 2497 1295 2542 labore.
1329 2498 1400 2541 sed
1434 2497 1674 2541 adiumento
1707 2510 1755 2542 ac

124 2581 247 2625 opera
283 2570 467 2624 magistri
501 2568 692 2612 ducentis
723 2568 773 2611 ad
809 2570 996 2611 veritatis
1038 2570 1330 2624 cognitionem.
1376 2567 1492 2611 Aliae
1536 2573 1630 2611 sunt
1671 2567 1751 2610 ele-

126 2644 348 2693 menlares,
400 2641 437 2680 in
488 2637 638 2695 quibus
687 2639 802 2694 pueri
837 2637 1065 2681 edocentur
1107 2640 1373 2682 scientiarum
1425 2637 1642 2691 elementa,
1679 2651 1750 2681 seu

122 2708 361 2766 primariae
393 2713 560 2765 propter
606 2709 764 2764 priores
806 2709 1064 2764 cognitiones
1107 2708 1412 2765 adipiscendas,
1455 2707 1560 2751 aliae
1591 2706 1754 2751 mediae

125 2792 196 2835 pro
216 2777 453 2823 evolutione
472 2778 659 2822 culturae
679 2780 827 2821 mentis
851 2777 1014 2821 civibus
1037 2780 1283 2833 communis,
1303 2778 1470 2822 demum
1496 2777 1748 2835 superiores,

128 2848 424 2891 meirersilates
457 2848 694 2892 studiorum
727 2861 798 2892 seu
831 2847 1075 2905 facedlates,
1109 2851 1147 2891 in
1182 2848 1332 2906 quibus
1371 2850 1551 2905 potiores
1573 2860 1621 2892 ac
1647 2847 1749 2892 bene
