1965 3240
96 138 164 172 ⁴252
356 135 439 169 [ΛΒ.
465 134 536 169 111.
563 155 576 160 -
603 135 713 169 PARS
737 134 804 168 IV.
834 155 847 160 -
873 135 931 169 De
956 136 1181 179 mayz‘sterz'o
1207 134 1459 169 ecclesiastico

97 268 144 298 ac
169 259 336 311 propter
359 254 436 297 hoc
461 253 701 297 inscribitur
728 252 862 311 Caput
885 252 939 298 II.
978 253 1035 296 De
1066 252 1202 295 saeris
1229 252 1508 297 concionibus.
1533 253 1723 312 Denique

99 327 334 369 invenimus
371 324 505 382 Capul
539 323 613 367 III.
648 323 710 367 De
741 324 877 367 saeris
909 323 1192 380 missionibus,
1227 331 1429 381 quatenus
1472 338 1545 381 per
1577 337 1647 368 eas
1680 327 1721 368 in

99 395 237 453 plures
268 397 356 440 dies
390 400 619 452 protractas
652 408 699 439 ac
731 409 780 438 ex
816 387 1094 452 propositione
1130 397 1348 438 veritatum
1383 400 1647 439 aeternarum
1681 401 1724 439 ut

97 467 263 519 dicitur,
297 466 465 510 uberior
497 471 535 509 et
570 467 730 509 tirmior
763 467 921 509 fructus
953 467 1180 523 quaeritur.

217 537 314 580 ⁶206.
356 539 613 594 Inscriptio
658 537 847 593 Capitis
890 540 938 582 et
974 538 1097 582 ordo
1142 550 1397 582 canonum.
1433 535 1568 594 Caput
1600 536 1624 580 I
1663 541 1724 580 est

99 609 163 651 De
195 607 464 660 namnetica,
500 621 571 651 seu
607 610 645 650 in
678 607 902 651 christiana
935 607 1123 650 doctrina
1156 607 1437 657 institutione,
1456 607 1633 652 scilicet:
1668 608 1718 651 ad

100 682 247 723 mentis
278 679 555 722 eruditionem
590 680 700 721 circa
734 690 794 729 ea,
829 689 935 734 quae
959 676 1009 720 ab
1033 677 1226 721 omnibus
1257 677 1492 720 christianis
1515 678 1722 722 credenda

97 749 304 806 explicite,
338 749 500 805 agenda
533 762 581 791 ex
618 750 849 804 praeceptis
873 747 944 791 Dei
979 753 1019 791 et
1051 747 1275 803 Ecclesiae,
1299 748 1563 804 suscipienda
1591 761 1726 792 sacra-

98 825 249 876 menta,
295 825 334 863 et
381 820 583 876 speranda
632 823 739 874 sunt⁷
783 818 912 862 idest:
949 832 1021 875 per
1054 821 1282 862 orationem
1321 819 1632 876 expostulanda.
1670 846 1721 850 —

97 889 211 936 Ordo
246 903 451 934 canonum
486 903 666 947 sequens
698 894 770 932 est.
798 889 1016 947 Postquam
1044 892 1081 932 in
1107 903 1197 933 can.
1223 890 1333 933 1329
1359 890 1550 946 edicitur,
1573 890 1727 948 quibus

97 962 173 1006 boc
206 964 499 1018 gravissimum
534 960 746 1004 incumbat
780 961 977 1015 officium,
1012 965 1094 1003 tres
1117 966 1339 1018 sequentes
1361 973 1450 1004 can.
1474 961 1724 1004 1330-133'2

98 1032 264 1089 parochi
299 1032 573 1089 obligationes
605 1036 805 1085 statuunt,
836 1034 901 1075 cui
937 1032 1147 1075 adiutores
1180 1032 1331 1075 dantur
1364 1031 1481 1075 liberi
1515 1046 1587 1075 seu
1621 1031 1721 1076 obli-

96 1105 178 1160 gati
215 1116 287 1159 per
319 1115 407 1146 can.
445 1102 571 1157 1333,
607 1101 902 1159 obligationem
949 1115 1114 1159 quoque
1148 1104 1187 1144 in
1222 1102 1386 1145 casibus
1425 1104 1595 1159 imponit
1630 1102 1725 1146 reli-

97 1175 221 1230 giosis
260 1186 349 1216 can.
386 1173 513 1221 1334,
549 1175 648 1216 dum
692 1185 782 1216 can.
820 1172 932 1215 1335
976 1186 1119 1216 curam
1166 1177 1381 1229 parentum
1431 1185 1478 1216 ac
1525 1173 1723 1216 similium

101 1249 247 1301 urgent
280 1249 319 1287 et
352 1256 442 1287 can,
477 1244 588 1286 1336
625 1246 714 1286 iura
747 1243 1047 1300 Episcoporum
1084 1246 1121 1286 in
1157 1243 1234 1287 hac
1269 1257 1311 1287 re
1344 1244 1504 1288 definit.

214 1315 312 1358 207.
349 1317 565 1367 Quorum
600 1319 676 1360 est
708 1317 828 1360 dare
855 1317 1206 1361 catecheticam
1230 1316 1635 1361 instructionem?
1661 1313 1723 1358 Ex

96 1385 258 1429 Litteris
282 1385 444 1442 encycl.
470 1385 525 1428 Pii
551 1385 587 1428 X
617 1401 637 1425 α
660 1384 823 1428 Acerbo
857 1387 980 1428 nimis
1003 1401 1023 1426 ))
1049 1386 1060 1407 ¹
1086 1385 1354 1428 desumemus
1376 1387 1723 1428 commentarium

97 1462 204 1501 cans
236 1458 370 1500 1329.
409 1472 428 1497 t(
455 1456 568 1500 Dabo
606 1455 735 1510 vobis,
770 1458 828 1499 sic
862 1469 1011 1512 nempe
1045 1455 1154 1499 Deus
1188 1470 1259 1512 per
1292 1456 1506 1499 leremiam
1553 1458 1722 1512 promit-

97 1527 219 1583 tebat,
241 1532 426 1584 pastores
444 1530 557 1570 iuxta
577 1540 819 1582 cormeum,
839 1531 879 1570 et
898 1532 1066 1583 pascent
1088 1541 1159 1570 vos
1182 1529 1352 1570 scientia
1376 1532 1415 1570 et
1438 1527 1624 1570 doctrina
1644 1542 1664 1568 ³>
1694 1525 1725 1571 ².

101 1597 320 1656 Proprium
354 1612 451 1656 erqo
496 1612 545 1640 ao
588 1598 889 1655 qrovissimnin
927 1597 1117 1655 officiunt,
1152 1611 1223 1641 seu
1259 1597 1479 1641 habitualis
1512 1597 1723 1654 obligatio,

97 1682 190 1713 nam
228 1672 265 1712 in
300 1672 386 1714 cit.⁸
420 1669 527 1712 Litt.¹
562 1669 760 1725 legimus:
800 1684 820 1709 <1
844 1668 960 1712 Unde
995 1671 1142 1711 merito
1174 1670 1337 1724 scripsit
1361 1668 1513 1711 Bened.
1537 1667 1629 1710 XlV
1652 1668 1722 1711 de-

96 1753 234 1784 cessor
266 1740 430 1784 Noster:
466 1739 568 1783 lllud
604 1739 874 1793 affirmamus,
908 1751 1099 1794 magnam
1135 1752 1277 1781 eorum
1325 1743 1498 1795 partem,
1543 1741 1611 1795 qui
1656 1751 1721 1781 ae-

98 1810 469 1867 ternissuppliciis
502 1811 768 1864 damnantur,
802 1822 891 1853 eam
936 1809 1214 1853 calamitatem
1261 1814 1459 1866 perpetuo
1497 1809 1637 1853 subire
1670 1808 1725 1852 ob

97 1884 372 1939 ignorantiam
418 1884 710 1937 mysteriorum
751 1881 862 1935 fidei,
896 1886 1015 1938 quae
1044 1882 1151 1924 scire
1193 1885 1232 1923 et
1270 1880 1443 1924 credere
1489 1882 1724 1924 necessario

97 1952 262 2006 debent,
300 1957 341 1995 ut
375 1955 480 1995 inter
517 1952 671 1995 electos
713 1956 959 2008 cooptentur
982 1967 1019 1994 w).
1056 1951 1156 1994 lllud
1197 1966 1215 1991 ε(
1241 1951 1423 1994 officium
1447 1967 1467 1992 ³>
1502 1955 1723 2008 pastorum

94 2023 348 2081 praesertim
382 2023 622 2065 animorum
656 2028 728 2077 est,
762 2035 856 2066 nam
890 2022 1126 2065 sacerdotes
1159 2021 1363 2079 quoslibet
1395 2022 1445 2065 ad
1480 2034 1569 2065 eam
1594 2023 1724 2065 scien-

97 2096 194 2137 tiam
232 2094 548 2150 impertiendam
574 2093 751 2137 destinat
776 2093 907 2136 Deus:
949 2108 968 2133 c(
992 2092 1041 2136 Et
1064 2093 1196 2149 legem
1233 2095 1445 2150 requirent
1468 2106 1516 2136 ex
1542 2106 1612 2135 ore
1635 2094 1726 2135 eius

99 2164 266 2222 (nempe
314 2164 583 2221 sacerdotis):
633 2166 730 2221 quia
779 2163 951 2219 angelus
999 2163 1161 2206 Domini
1207 2165 1465 2206 exercituum
1510 2167 1631 2206 est».
1665 2188 1721 2192 ——

98 2233 318 2280 Obiectum
353 2235 531 2292 (lenique
555 2235 677 2278 officii
702 2240 762 2277 est
786 2233 1080 2277 eateelretieanz
1100 2233 1250 2291 populi
1273 2233 1512 2290 christiani,
1537 2235 1722 2276 omnium

99 2308 207 2349 enim
242 2305 562 2349 christianorum
597 2305 906 2348 institutionem
941 2318 1012 2361 per
1035 2318 1078 2348 se
1105 2305 1166 2348 vel
1204 2318 1275 2361 per
1306 2304 1407 2348 alios
1442 2304 1719 2360 peragendam

98 2390 249 2419 curare
281 2376 472 2432 exemplo
508 2376 595 2419 lesu
630 2374 793 2427 Christi,
827 2378 897 2432 qui
932 2376 982 2418 de
1011 2389 1054 2418 se
1089 2389 1160 2432 per
1203 2375 1348 2418 lsaiam
1394 2376 1604 2432 professus
1637 2378 1720 2417 est:

104 2463 123 2488 «
148 2446 442 2502 Evangelizare
467 2446 717 2503 pauperibus
751 2448 859 2489 misit
892 2459 958 2489 me
980 2462 1018 2489 )>.
1046 2472 1098 2476 —
1129 2462 1147 2487 ε(
1175 2449 1260 2489 Hoc
1282 2446 1441 2489 scilicet
1473 2444 1723 2489 catechistae

100 2531 250 2560 munus
282 2522 354 2571 est,
393 2519 608 2560 veritatem
643 2517 825 2574 aliquam
859 2517 1116 2560 tractandam
1161 2519 1373 2572 suscipere
1410 2515 1472 2559 vel
1506 2516 1557 2559 ad
1596 2516 1720 2558 tidem

102 2588 165 2631 vel
200 2588 249 2631 ad
284 2588 529 2631 christianos
565 2601 699 2630 mores
734 2590 1022 2643 pertinentem,
1056 2600 1231 2644 eamque
1265 2589 1376 2630 omni
1411 2600 1461 2630 ex
1496 2591 1611 2643 parte
1635 2585 1722 2629 illu-

99 2664 253 2701 strare:
289 2660 483 2715 quoniam
537 2672 635 2701 vero
683 2658 918 2700 emendatio
963 2661 1072 2700 vitae
1115 2658 1208 2700 finis
1252 2657 1428 2701 docendi
1462 2669 1551 2700 esse
1584 2656 1720 2710 debet,

97 2733 257 2785 oportet
291 2728 557 2772 catechistam
592 2730 943 2785 comparationem
985 2731 1199 2771 instituere
1233 2741 1278 2771 ea
1314 2730 1420 2771 inter
1462 2740 1569 2785 quae
1612 2726 1722 2770 Deus

216 2881 227 2902 1
256 2881 299 2914 15
326 2881 418 2925 Apr.
450 2881 550 2915 1915.
580 2901 622 2905 —-
649 2881 663 2902 2
689 2880 762 2914 ler.
792 2880 866 2922 ΙΙΙ,
895 2881 952 2914 15.
