1965 3240
649 186 758 220 PARS
785 187 856 220 ΙΙΙ.
887 208 897 212 -
926 188 982 221 De
1007 190 1116 221 cultu
1148 190 1282 224 divino
1712 193 1779 227 145

151 306 408 348 inimicitiam
447 306 589 359 vitent,
626 304 689 348 vel
723 304 917 348 socialem
953 308 1262 349 conviventiam
1288 310 1466 351 t'ox‘eant.
1490 311 1607 352 cuius
1629 322 1777 354 causae

150 366 398 432 gravitatem
434 374 642 418 multoties
675 374 726 418 ob
753 377 1086 419 circumstantias
1119 391 1206 419 esse
1240 377 1406 421 dubiam
1433 382 1524 436 quis
1559 380 1677 423 facile
1711 396 1778 423 co-

148 447 323 503 gnoscit,
348 445 524 502 ideoque
557 446 657 489 dicit
691 458 822 489 canon
858 445 968 489 illam
1004 446 1052 489 ab
1085 446 1308 506 Episcopo,
1345 452 1412 506 qui
1449 450 1570 493 rebus
1604 451 1778 507 publicis

148 517 282 574 quoad
317 529 434 559 saera
468 517 786 572 superintendit,
824 516 863 559 in
898 531 997 559 casu
1031 517 1147 560 dubii
1175 519 1436 576 probandam
1472 535 1521 563 ex
1546 535 1635 564 can.
1662 535 1776 578 prae-

148 592 268 644 cepte
302 601 375 644 pro
410 587 594 631 lidelium
628 590 864 639 securitate,
899 588 1090 646 illiusque
1124 593 1289 633 nomine
1328 606 1347 630 «
1371 594 1479 634 venit
1513 606 1676 649 quoque
1700 593 1777 637 Ab·

150 657 221 702 bas
256 657 318 701 vel
356 657 565 701 Praelatus
598 657 791 701 nullius»
832 658 940 715 (can.
968 660 1067 713 215,
1099 660 1117 715 ξ
1143 659 1200 716 ⁶2),
1224 665 1261 703 et
1292 677 1309 701 ((
1335 660 1482 703 Vicat-ii
1509 675 1554 705 ae
1582 663 1776 707 Praefecti

148 728 371 785 Apostolici
406 729 551 772 eodem
588 731 676 772 iure
704 731 748 771 >in
784 743 857 772 suo
893 732 1101 773 territorio
1135 731 1315 786 gaudent
1337 748 1356 771 »
1396 732 1504 785 (can.
1540 733 1637 786 att,
1661 740 1685 787 ξ
1724 733 1775 790 l).

147 797 259 842 Haec
286 812 384 841 vero
418 798 633 842 tolerantia
660 798 859 842 limitibus
881 802 1197 856 circumscripta
1221 801 1421 845 edicitur:
1458 802 1499 844 in
1523 802 1776 846 nantolis-0-

145 883 240 912 rum
272 869 568 927 quorumlibet,
603 874 646 913 ut
690 872 727 912 in
766 871 811 927 ἐϋ
852 873 892 911 1δι
924 870 964 927 a)
998 870 1220 929 funeribus
1264 873 1456 929 equidem
1492 887 1585 917 eum
1633 874 1777 917 ritibus

146 940 281 984 cultus
316 940 511 997 religiosi,
546 941 740 998 idemque
774 942 937 984 dicatur
966 941 1008 998 b)
1035 944 1072 985 in
1098 943 1259 1001 izecpliis
1284 945 1388 986 inter
1412 958 1481 987 eos
1504 944 1776 999 celebrandis·‚

143 1010 185 1068 c)
218 1010 508 1068 similibusque
547 1010 793 1060 sollenmiis,
832 1025 868 1054 v.
919 1026 957 1068 g.
1005 1012 1195 1069 baptismi
1239 1014 1505 1069 suscipiendi,
1548 1017 1775 1071 gratiarum

145 1084 319 1125 actionis
343 1081 394 1125 ob
416 1081 582 1125 civilem
609 1095 791 1130 eausam,
830 1087 923 1136 etc,
948 1085 1023 1126 nisi
1063 1084 1231 1127 aliunde
1271 1085 1491 1141 prohibitio
1515 1086 1683 1129 alterius
1716 1086 1774 1129 di-

146 1154 267 1196 vinae
291 1153 394 1209 legis
418 1158 576 1209 urgeat,
603 1158 770 1210 propter
792 1166 917 1211 quam
941 1153 1133 1198 subditur
1156 1155 1307 1211 duplex
1330 1157 1533 1201 conditio:
1557 1156 1776 1201 darnumdo

142 1223 431 1281 pervers-ionis
456 1226 493 1267 in
519 1226 735 1268 assistente
759 1227 936 1281 passive,
960 1231 999 1268 et
1027 1225 1222 1269 scandali
1243 1226 1417 1270 aliorum
1445 1230 1685 1278 praesertim
1711 1241 1775 1272 ea-

143 1293 393 1338 tholicorum
429 1295 680 1353 perieulum,
718 1296 828 1353 quod
869 1295 1114 1352 prohibetur
1152 1297 1243 1353 lege
1290 1299 1550 1341 vitandorum
1596 1298 1774 1355 illorum,

142 1365 317 1422 singulis
364 1368 402 1409 in
452 1365 617 1410 casibus
671 1365 777 1409 absit
825 1367 972 1410 saltem
1026 1381 1099 1424 per
1154 1369 1398 1424 prudentem
1448 1383 1589 1412 eorum
1642 1383 1772 1413 remo-

142 1438 311 1481 tionem.
356 1481 362 1490 ,

264 1577 342 1613 1⁶25.
373 1581 556 1615 Decreta
583 1581 988 1624 declarationesque
1017 1583 1150 1624 cong.
1181 1584 1223 1616 S.
1252 1583 1413 1617 Officii:
1448 1585 1499 1617 de
1536 1588 1774 1619 communi=

142 1642 317 1673 catione
345 1641 387 1673 in
417 1642 575 1675 divinis
602 1651 699 1675 cum
727 1642 1021 1676 acatholicis.1
1049 1639 1096 1676 De
1122 1641 1359 1676 haereticorum
1396 1640 1563 1677 Ecclesiae
1589 1650 1646 1677 ant
1672 1654 1772 1689 syna-

140 1709 244 1744 qoqae
269 1697 511 1744 aedificatione.
538 1699 701 1746 Archiep.
731 1698 861 1746 Smyrn
877 1700 903 1734 ‘-’.

263 1756 327 1792 «9.
355 1757 390 1793 Si
419 1759 485 1804 pue
511 1769 713 1795 concorrere
740 1770 805 1794 con
831 1759 962 1795 denaro
988 1760 1057 1796 alla
1085 1760 1241 1796 sabbrica
1267 1760 1300 1795 di
1328 1761 1441 1797 chiese
1468 1762 1650 1798 ereticbe't’
1677 1762 1712 1797 Si
1742 1763 1774 1798 fa

141 1827 212 1852 una
238 1821 385 1863 questua
410 1817 578 1864 all’uopo:
618 1818 645 1853 si
674 1820 741 1865 puo
769 1824 975 1865 permettere
1000 1819 1063 1855 che
1090 1819 1098 1854 i
1126 1820 1275 1855 cattolici
1315 1820 1597 1856 contribuiseano
1622 1822 1773 1857 allorchc

139 1887 226 1911 sono
251 1875 436 1912 riccrcati?
464 1898 507 1902 —
533 1877 586 1912 Ad
614 1876 633 1912 9
660 1889 731 1913 non
759 1878 871 1915 licere.

264 1934 315 1970 10.
345 1934 401 1971 Gli
428 1936 544 1981 operai
573 1936 737 1979 cattolici;
767 1937 956 1973 lavorando
983 1937 1076 1973 nella
1103 1937 1259 1974 fabbrica
1284 1938 1316 1973 di
1357 1939 1470 1974 chiese
1508 1939 1667 1980 erctche‚
1694 1950 1771 1984 pos-

138 2005 225 2029 sono
250 1994 426 2030 rimettere
451 1995 599 2041 qualche
624 1995 695 2031 loro
720 1996 878 2041 giornata
906 2008 926 2032 a
951 1996 1120 2033 benefizio
1146 1997 1234 2033 delle
1261 1997 1477 2033 medesime?
1495 2019 1540 2024 —
1563 1998 1614 2033 Ad
1637 1997 1677 2033 lt}
1702 2009 1771 2034 non

141 2053 290 2089 licere».

258 2112 303 2148 Ex
334 2112 417 2148 lnst.
442 2113 485 2149 ad
515 2113 587 2150 vic.
616 2114 759 2161 Aplum.
788 2115 1028 2151 Kentuebiens
1042 2117 1068 2150 3.
1102 2116 1185 2151 «An
1216 2117 1422 2162 permissum
1450 2116 1493 2151 sit
1519 2117 1770 2152 baereticorum

136 2171 301 2207 ecclesias
327 2183 388 2207 seu
414 2184 610 2220 synagogas
636 2173 848 2210 aedificare?
875 2196 917 2200 —
958 2174 1032 2210 Non
1060 2186 1133 2210 esse
1172 2174 1433 2221 inquietandos
1473 2175 1663 2211 dummodo
1700 2187 1770 2211 non

135 2230 229 2265 adsit
254 2231 474 2272 scandalum,
503 2243 567 2268 nec
593 2232 638 2267 sit
664 2233 699 2267 in
727 2238 967 2280 contemptum
1002 2233 1192 2278 religionis.
1230 2233 1333 2269 Curet
1367 2239 1482 2269 autem
1520 2234 1707 2280 Episcopus
1735 2240 1769 2270 ut

137 2289 289 2325 artifices
316 2301 376 2337 per
401 2290 640 2327 missionarios
657 2297 690 2328 et
708 2293 940 2328 confessarios
958 2298 1152 2339 opportune
1178 2293 1410 2334 instruantur,
1436 2294 1577 2339 quando
1594 2305 1613 2329 a
1634 2294 1770 2340 propria

139 2350 348 2394 praestanda
373 2360 477 2396 opera
502 2350 538 2385 in
573 2351 730 2387 ecclesiis
762 2363 822 2388 seu
861 2352 1048 2399 synagogis
1086 2352 1314 2388 aedificandis
1340 2364 1375 2388 se
1401 2352 1576 2387 abstinere
1606 2353 1767 2388 debeant.

136 2407 317 2444 Tenentur
347 2409 477 2445 scilicet
502 2409 547 2445 ab
574 2421 675 2456 opere
713 2422 749 2446 se
790 2411 986 2447 abstinere:
1030 2412 1065 2446 10
1107 2411 1167 2447 Ubi
1196 2412 1394 2447 huiusmodi
1422 2423 1508 2457 opus
1537 2412 1770 2447 communiter

138 2466 309 2503 habeatur
335 2479 396 2514 pro
422 2468 522 2514 signo
560 2470 784 2515 protestative
823 2470 929 2506 salsae
966 2471 1170 2516 religionis3
1200 2471 1237 2505 20
1263 2471 1314 2506 vel
1341 2471 1473 2516 aliquid
1504 2471 1537 2505 in
1567 2471 1639 2517 ipso
1665 2471 1770 2506 conti-

138 2531 264 2562 neatur
289 2527 379 2573 quod
407 2539 467 2573 per
493 2540 530 2562 se
556 2528 685 2564 directe
710 2540 752 2565 ac
777 2530 880 2565 unice
905 2530 1077 2576 exprimat
1102 2530 1381 2576 reprobationem
1408 2530 1566 2565 catholici
1594 2530 1719 2572 cultus,
1737 2535 1768 2565 et

137 2585 425 2632 approbationem
444 2587 601 2622 damnati
621 2587 734 2623 cultus
752 2588 1023 2631 haereticorum3
1051 2588 1088 2622 30
1112 2593 1172 2624 aut
1199 2593 1331 2624 constet
1354 2588 1504 2623 artifices
1522 2588 1707 2623 catholicos
1725 2588 1767 2623 ad

124 2644 223 2689 'opus
248 2645 339 2690 adigi
369 2645 421 2681 vel
448 2645 559 2681 vocari
586 2646 630 2681 ab
658 2646 839 2682 haereticis
866 2647 901 2682 in
936 2652 1174 2693 contemptum
1202 2647 1390 2682 catholicae
1417 2647 1606 2691 religionis.
1635 2668 1679 2672 —
1706 2646 1766 2682 (jc-

137 2705 250 2737 terum
277 2703 438 2749 quamvis
464 2709 560 2739 extra
586 2704 648 2740 hos
682 2716 783 2741 casus
819 2705 1040 2752 relinquendi
1081 2706 1150 2740 sint
1178 2706 1213 2739 in
1243 2705 1331 2740 bona
1372 2705 1449 2748 nde,
1479 2716 1614 2751 semper
1650 2710 1765 2740 tamen

141 2762 306 2797 monendi
334 2767 416 2798 sunt
443 2773 487 2799 ne
512 2763 764 2799 baereticorum
792 2764 898 2800 cultui
927 2764 1100 2810 cooperari
1130 2765 1367 2800 intendant».

256 2891 267 2913 ¹
296 2890 495 2925 Monitore
521 2892 658 2926 eccles.
686 2892 790 2927 Voti.
831 2893 889 2926 IX
923 2899 962 2927 et
990 2893 1038 2927 X.
1071 2915 1113 2919 —
1139 2894 1152 2915 ‘2
1180 2894 1198 2928 ’ἶ
1239 2894 1312 2927 Iul.
1347 2894 1445 2928 1564.
1486 2893 1588 2927 Mon.
1628 2894 1762 2927 eccles.

137 2934 230 2971 Dec.
259 2937 366 2972 XVI.
399 2959 440 2963 -
467 2940 481 2961 3
507 2940 551 2972 14
577 2939 661 2974 Ian.
694 2940 795 2974 1818.
826 2942 918 2975 Dec.
946 2941 1038 2974 XVI
1065 2941 1114 2975 ad
1144 2944 1196 2974 11.

221 3015 318 3043 Bmt'r
340 3031 358 3038 -
385 3016 506 3045 Comm.
535 3017 619 3046 Τειι.
645 3017 720 3046 0001.
746 3018 818 3046 Iar.
845 3020 926 3047 Can.
1645 3019 1679 3045 lt}
