1965 3240
138 123 207 156 524
327 122 413 155 Lm.
441 121 514 155 ΙΙΙ.
543 141 556 146 -
582 121 693 156 PARS
717 121 785 156 VI.
815 142 827 146 -
853 121 911 156 De
935 122 1045 156 bonis
1076 122 1267 156 Ecclesiae
1298 122 1578 167 temporalibus

139 253 218 283 non
252 242 304 283 sit
335 242 403 297 qui
442 240 540 283 velit
573 253 677 283 onus
710 239 766 282 illi
802 242 1032 283 iniunctum
1056 240 1209 290 subire,
1243 244 1298 295 et,
1331 240 1364 282 si
1387 241 1690 285 recurrendum
1714 243 1767 285 sit

138 310 188 354 ad
221 310 369 353 Sedem
404 309 684 366 Apostolieam
717 324 792 367 pro
827 310 1110 354 moderatione
1142 312 1294 360 oneris,
1327 314 1459 354 totum
1490 315 1561 355 aut
1593 312 1677 355 fere
1705 315 1766 355 to-

137 386 225 424 tum
257 381 547 424 insumendum
582 383 647 436 sit,
681 386 755 438 pro
798 383 990 437 expensis
1033 381 1082 424 ad
1128 379 1167 423 id
1200 381 1477 425 necessariis?
1511 386 1552 425 et
1583 382 1697 440 quid,
1731 385 1765 426 si

137 453 400 507 permittatur
432 453 625 508 episcopo
660 453 697 494 in
732 452 973 495 fundatione
1007 456 1051 494 ut
1084 453 1211 508 possit
1242 451 1482 496 huiusmodi
1517 466 1645 498 onera
1678 467 1764 498 mo-

137 522 307 565 derari?
341 548 394 552 —
427 521 551 566 Sacra
575 520 725 579 Congr.
748 520 921 566 Concilii
946 522 1180 578 respondit:
1215 521 1277 565 Ad
1313 522 1340 566 1.
1375 522 1461 566 Etsi
1496 522 1677 580 legatum
1713 527 1765 568 sit

136 593 240 636 adeo
273 597 409 647 tenue,
444 593 712 636 nihilominus
745 606 818 649 pro
853 593 1094 636 reductione
1117 595 1255 637 oneris
1279 597 1469 651 utsupra
1492 596 1686 651 impositi,
1712 595 1766 640 ab

136 665 197 717 iis,
217 664 267 707 ad
287 677 390 722 quos
408 666 601 720 pertinet,
620 664 771 708 Sedem
790 663 1071 720 Apostolicam
1096 677 1185 707 esse
1208 664 1460 721 adeundam,
1478 678 1584 723 quae
1607 665 1764 724 absque

136 734 219 778 ulla
253 737 438 791 impensa
472 735 509 778 id
545 739 696 778 statuet
729 735 837 792 quod
885 737 1016 791 magis
1056 737 1094 777 in
1140 734 1315 778 Domino
1349 748 1371 779 e
1403 749 1448 779 re
1481 749 1569 780 esse
1607 737 1765 781 iudica-

139 808 258 848 verit.
297 804 588 848 Verumtamen
621 808 653 848 si
689 808 727 848 in
763 807 850 862 ipsa
884 805 1073 849 beneficii
1119 808 1328 849 erectione
1367 819 1572 863 expresse·
1596 812 1764 851 cautum

136 876 261 920 fuerit
294 881 337 919 ut
369 876 490 919 liceat
524 876 726 933 Episcopo
760 879 989 920 iniunctum
1024 889 1128 919 onus
1161 877 1361 920 reducere
1394 882 1433 921 et
1466 878 1687 928 moderari,
1709 878 1764 922 le-

135 960 228 1003 gem
266 946 370 990 lianc
403 947 670 1001 fundationis,
703 960 827 1005 quam
863 947 1030 991 decreta
1064 946 1142 991 hac
1175 947 1226 991 (le
1261 961 1303 991 re
1337 948 1445 991 edita
1480 962 1560 992 non
1593 949 1767 993 sustule-

136 1022 244 1070 runt,
278 1031 366 1061 esse
403 1017 582 1061 validam
631 1022 670 1061 et
716 1017 1021 1061 observandam
1049 1036 1086 1060 ».
1121 1018 1240 1073 Quod
1275 1032 1471 1076 expresse
1506 1033 1617 1064 nunc
1655 1022 1766 1076 viget

136 1090 249 1131 iuxta
283 1091 569 1145 exceptionem
604 1088 632 1146 ξ
666 1089 709 1131 1⁰
742 1095 848 1132 can.³
885 1089 990 1133 1551
1028 1091 1242 1145 insertam,
1286 1094 1326 1133 et
1368 1090 1604 1135 authentica
1638 1093 1766 1135 inter-

138 1161 366 1215 pretatione
398 1159 621 1202 suffultam.

720 1345 953 1382 TITULUS
988 1345 1179 1383 XXVIII.

439 1443 504 1487 De
536 1444 669 1488 bonis
698 1445 1022 1488 eeeIesIastieis
1052 1445 1458 1489 administrandis.

182 1594 265 1631 CAN.
295 1594 395 1630 1518.
428 1617 444 1621 -
475 1595 651 1631 Romanus
679 1595 834 1631 Pontifex
860 1601 911 1632 est

133 1642 291 1677 omnium
319 1642 488 1678 bonorum
515 1643 827 1678 ecclesiasticorum
855 1655 910 1679 su-

136 1700 274 1735 premus
299 1690 563 1725 administrator
580 1695 613 1725 et
631 1691 862 1736 dispensator.
884 1700 888 1701 ⁷

182 1735 265 1773 CAN„
295 1736 395 1771 1519.
419 1738 474 1783 -ξ
499 1739 526 1772 l.
555 1737 632 1772 Loci
662 1737 840 1774 Ordinarii
860 1743 911 1773 est

134 1784 253 1819 sedulo
289 1784 480 1829 advigilare
513 1784 811 1822 administrationi
838 1797 910 1820 om-

135 1831 233 1865 nium
275 1831 444 1867 bonorum
483 1832 796 1868 ecclesiasticorum
823 1844 912 1878 quae

136 1878 170 1912 in
198 1889 259 1913 suo
285 1879 457 1914 territorio
475 1879 545 1913 sint
565 1890 627 1914 nec
646 1891 686 1914 ex
713 1881 787 1915 eins
813 1880 913 1915 iuris-

135 1925 287 1960 dictione
315 1926 441 1961 fuerint
470 1926 651 1967 subducta,
671 1928 777 1962 salvis
802 1927 915 1972 legiti-

135 1972 201 2006 mis
229 1973 572 2019 praescriptionibus,
601 1986 690 2019 quae
714 1975 827 2010 eidem
856 1986 912 2021 po-

134 2019 222 2054 tiora
248 2020 323 2055 iura
349 2021 518 2056 tribuant.

181 2070 200 2108 g
224 2066 256 2100 ³2.
286 2066 411 2103 Habita
438 2068 572 2104 ratione
590 2068 731 2110 iurium⁷
747 2069 915 2114 legitima-

133 2124 211 2149 rum
237 2116 529 2150 consuetudinum
565 2120 598 2151 et
635 2116 913 2151 circumstantia-

133 2172 225 2203 rum,
255 2159 447 2204 Ordinarii‚
468 2167 663 2208 opportune
687 2163 789 2198 editis
817 2174 912 2209 pecu-

134 2207 278 2242 liaribus
298 2208 587 2246 instructionibus
606 2210 699 2245 intra
717 2210 804 2246 fines
828 2210 914 2246 iuris

134 2256 343 2296 eommunis,
365 2256 568 2292 universum
595 2258 914 2293 administrationis

134 2302 303 2337 bonorum
332 2304 643 2340 ecclesiasticorum
664 2305 842 2350 negotium
861 2316 913 2340 or-

134 2349 329 2384 dinandum
357 2355 490 2386 curent.

183 2395 266 2431 (tm.
297 2396 395 2432 ¹520.
435 2419 451 2423 -
485 2402 503 2440 ξ
534 2398 562 2433 1.
594 2398 643 2433 Ad
680 2399 744 2434 hoc
782 2410 913 2434 munus

134 2442 198 2478 rite
224 2443 424 2479 obeundum
463 2445 609 2490 quilibet
637 2444 848 2481 Ordinarius
874 2446 910 2480 in

134 2500 196 2525 sua
221 2490 360 2526 civitate
386 2492 569 2538 episcopali
591 2491 784 2528 Consilium
812 2493 912 2527 insti-

134 2541 219 2574 tuat,
253 2539 342 2583 quod
381 2544 515 2575 constet
555 2540 723 2585 praeside,
764 2540 822 2585 qui
861 2545 912 2575 est

134 2584 277 2629 ipsemet
305 2584 527 2629 Ordinarius,
556 2592 589 2621 et
614 2587 749 2622 duobus
767 2587 819 2622 vel
839 2587 912 2632 plu-

134 2630 231 2666 ribus
259 2632 340 2666 viris
367 2632 513 2670 idoneis.
544 2634 629 2669 iuris
654 2634 759 2669 etiam
786 2634 910 2675 civilis,

134 2683 304 2723 quantum
335 2679 404 2714 fieri
435 2686 557 2726 potest,
596 2681 726 2726 peritis,
762 2681 807 2716 ab
837 2681 911 2725 ipso

134 2725 335 2763 Ordinario.
367 2727 486 2763 audito
518 2728 692 2773 (Iapitulo,
726 2728 909 2773 eligendis,

135 2772 201 2806 nisi
225 2773 296 2807 iure
315 2774 365 2808 vel
385 2776 636 2810 consuetudine
658 2775 820 2821 peculiari
842 2776 911 2810 iam

135 2819 203 2853 alio
226 2821 462 2871 'aequivalenti
495 2822 596 2857 modo
632 2822 786 2867 legitime
813 2822 915 2857 fuerit

139 2876 327 2911 provisum.

1032 1601 1051 1639 ξ
1082 1597 1114 1631 2.
1145 1597 1240 1633 Citra
1265 1597 1493 1643 apostolicum
1520 1597 1710 1642 indultum,
1741 1599 1762 1633 ii

983 1655 1004 1679 a
1030 1655 1174 1680 munere
1199 1645 1494 1680 administratoris
1519 1645 1764 1687 excluduntur,

984 1691 1042 1737 qui
1070 1702 1148 1727 cum
1176 1690 1365 1727 Ordinario
1391 1692 1454 1727 loci
1484 1693 1595 1738 primo
1624 1693 1677 1728 vel
1712 1704 1762 1729 se-

984 1739 1099 1774 cundo
1136 1739 1455 1783 consanguinitatis
1493 1739 1545 1775 vel
1583 1740 1766 1775 affinitatis

984 1787 1093 1830 gradu
1120 1787 1297 1822 coniuncti
1326 1789 1408 1820 sint.

1032 1837 1050 1875 ἓ
1078 1832 1109 1867 3.
1142 1833 1215 1869 Loci
1244 1832 1454 1869 Ordinarius
1479 1833 1516 1868 in
1542 1834 1764 1870 administra-

983 1880 1064 1914 tivis
1077 1880 1214 1916 actibus
1229 1881 1370 1916 maioris
1385 1881 1551 1917 momenti
1569 1880 1763 1917 Consilium

983 1927 1301 1963 administrationis
1325 1928 1447 1963 audire
1477 1939 1521 1964 ne
1547 1929 1764 1975 praetermit-

984 1979 1053 2012 tat:
1083 1975 1188 2010 huius
1207 1980 1324 2011 tamen
1343 1975 1478 2011 sodales
1496 1980 1613 2011 votum
1634 1976 1763 2012 habent

984 2026 1121 2057 tantum
1141 2023 1389 2064 consultivum.
1406 2023 1474 2057 nisi
1490 2023 1564 2059 iure
1583 2024 1762 2059 communi

984 2069 1019 2103 in
1047 2069 1186 2105 casibus
1224 2070 1422 2115 specialiter
1446 2071 1617 2116 expressis
1644 2072 1695 2107 vel
1723 2082 1764 2106 ex

983 2116 1112 2151 tabulis
1156 2117 1371 2153 fundationis
1413 2128 1531 2153 eorum
1570 2128 1762 2154 consensus

984 2163 1152 2208 exigatur.

1031 2215 1050 2253 ξ
1077 2210 1109 2246 4.
1136 2211 1278 2247 Sodales
1305 2211 1408 2247 huius
1427 2210 1571 2247 Consilii
1592 2212 1764 2248 iusiuran—

983 2258 1067 2292 dum
1094 2258 1136 2293 de
1162 2269 1307 2294 munere
1325 2259 1413 2294 bene
1431 2269 1470 2294 ac
1492 2258 1637 2294 fideliter
1655 2259 1763 2295 adim-

985 2305 1111 2351 plendo
1137 2316 1252 2341 coram
1281 2304 1469 2342 Ordinario
1495 2306 1668 2343 emittant.

1032 2352 1116 2387 CAN.
1144 2352 1246 2387 1521.
1278 2374 1295 2378 -
1324 2357 1342 2395 ἓ
1372 2353 1403 2387 l.
1433 2352 1571 2388 Praeter
1588 2353 1653 2389 hoc
1669 2353 1761 2389 dioe-

984 2409 1156 2439 cesanum,
1192 2400 1385 2435 Consilium
1427 2400 1760 2442 administrationis,

985 2444 1194 2482 Ordinarius
1237 2447 1299 2482 loci
1340 2446 1374 2481 in
1418 2447 1761 2483 administrationem

984 2493 1153 2529 bonorum
1181 2505 1270 2539 quae.
1306 2494 1348 2529 ad
1385 2493 1540 2539 aliquam
1579 2495 1761 2530 ecclesiam

983 2541 1034 2575 vel
1063 2541 1175 2576 locum
1204 2542 1299 2586 pium
1327 2541 1502 2586 pertinent
1540 2546 1573 2576 et
1610 2552 1649 2576 ex
1688 2541 1763 2577 iur‘e

984 2587 1036 2623 vel
1062 2588 1193 2623 tabulis
1221 2588 1436 2623 fundationis
1461 2599 1563 2623 suum
1598 2599 1668 2623 non
1702 2588 1760 2624 ha-

985 2634 1068 2669 bent
1101 2635 1436 2676 administratorem,
1477 2640 1633 2670 assumat
1671 2636 1762 2670 viros

985 2682 1156 2728 providos=
1183 2682 1325 2717 idoneos
1362 2687 1395 2717 et
1433 2682 1513 2717 boni
1553 2682 1757 2723 testimonii,

983 2729 1122 2775 quibus,
1151 2729 1268 2775 elapso
1293 2729 1457 2767 triennio,
1487 2728 1572 2764 alios
1598 2729 1758 2771 sufficiat,

984 2776 1050 2810 nisi
1080 2776 1232 2811 locorum
1259 2776 1543 2812 circumstantiae
1561 2776 1654 2811 aliud
1682 2787 1759 2812 sua-

982 2823 1100 2858 deant.

1031 2873 1049 2911 ξ
1077 2869 1108 2905 9.
1136 2869 1235 2913 Quod
1262 2870 1289 2904 si
1318 2869 1415 2905 laicis
1441 2874 1555 2916 partes
1586 2869 1758 2915 quaedam
