1965 3240
161 136 231 170 526
359 135 442 166 L113.
470 132 543 166 ΙΙΙ.
573 152 585 156 -
613 131 724 165 PARS
750 131 817 165 VI.
847 150 859 155 -
884 132 942 164 De
967 129 1295 172 bom'sEcclesiae
1316 129 1603 173 «temporalibus

163 252 292 295 clerici,
308 250 457 295 religiosi
484 260 523 285 ac
548 260 665 284 rerum
682 248 937 284 ecclesiastica-

162 311 241 335 rum
266 298 580 338 administratores
608 296 646 330 in
671 307 816 342 operum
851 295 939 330 loca-

162 347 257 382 tione
281 345 409 381 debent
432 344 613 388 assignare
639 343 806 389 operariis
833 343 941 378 hone-

163 398 252 428 stam
280 393 476 436 iustamque
503 390 719 435 mercedem;
757 400 878 424 curare
903 394 939 424 ut

164 440 267 475 iidem
308 439 439 485 pietati,
468 438 593 473 idoneo
622 437 791 483 temporis
816 437 941 482 spatio,

163 492 305 528 vacent;
332 485 428 521 nullo
455 490 553 531 pacto
578 495 635 519 eos
660 484 831 519 abducere
848 483 940 519 ado-

164 534 306 570 mestica
342 543 426 568 cura
465 532 766 578 parsimoniaeque
811 531 937 571 studio.v

164 592 276 626 neque
293 580 368 626 plus
378 579 508 615 eisdem
524 579 702 624 imponere
712 578 825 624 operis
835 589 941 624 quam

165 628 254 663 vires
282 628 393 663 ferant
420 637 533 672 neque
559 626 592 661 id
619 637 729 670 genus
752 625 842 671 quod
861 636 941 660 cum

161 679 272 711 aetate
298 685 450 719 sexuque
481 673 658 708 dissideat.

213 722 296 758 CAN.
319 720 419 756 1525.
442 742 458 746 -
480 724 499 762 ξ
518 720 545 754 l.
562 719 754 765 Reprobata
768 719 942 754 contraria

165 768 428 805 consuetudine.
457 767 769 811 administratores,
799 771 869 801 tam
889 777 942 801 ec-

165 816 347 852 clesiastici
368 826 473 861 quam
493 815 583 855 laici,
601 814 753 849 cuiusvis
778 813 942 848 ecclesiae

164 864 271 899 etiam
297 862 505 898 cathedralis
531 866 590 896 aut
616 861 679 896 loci
708 861 754 906 pii
775 861 942 896 canonice

165 910 267 946 erecti
283 914 342 945 aut
356 908 662 949 confraternitatis,
675 908 823 952 singulis
837 907 942 942 annis

165 958 276 994 officio
301 961 465 992 tenentur
491 956 656 991 reddendi
685 955 856 990 rationem
883 956 941 990 ad-

166 1003 435 1040 ministrationis
462 1001 648 1038 Ordinario
674 1002 751 1037 loci.

213 1056 232 1094 ξ
259 1051 292 1085 2.
322 1050 357 1086 Si
385 1062 423 1085 ex
452 1050 615 1096 peculiari
643 1050 717 1084 iure
742 1049 820 1084 aliis
846 1049 889 1084 ad
909 1049 941 1083 id

165 1098 356 1143 designatis
371 1097 457 1132 ratio
475 1097 650 1133 reddenda
665 1097 719 1138 sit,
735 1102 821 1131 tunc
838 1096 942 1132 ctiam

1012 247 1157 281 nomine
1180 246 1346 282 ecclesiae
1371 258 1415 282 ne
1440 246 1606 283 inchoent
1631 248 1684 284 vel
1709 259 1791 284 con-

1013 298 1183 329 testentur
1197 293 1264 328 nisi
1281 293 1459 329 licentiam
1473 294 1689 330 obtinuerint
1707 296 1792 331 scri-

1016 345 1071 387 pto
1096 341 1214 375 datam
1249 338 1428 376 Ordinarii
1464 341 1539 383 loci,
1565 347 1625 377 aut
1651 342 1789 387 saltem,

1013 389 1040 422 si
1068 398 1122 423 res
1148 391 1277 432 urgeat,
1305 388 1424 423 vicarii
1454 389 1596 431 foranei,
1627 389 1685 435 qui
1714 395 1790 426 sta-

1014 435 1076 469 tim
1104 432 1333 470 Ordinarium
1371 435 1414 470 de
1451 446 1615 472 concessa
1651 436 1793 472 licentia

1013 481 1193 517 certiorem
1222 482 1364 518 reddere
1393 482 1507 518 debet.

1062 529 1142 564 CAN.
1174 527 1276 563 1527.
1307 550 1324 555 -
1352 533 1371 571 ἓ
1400 529 1430 565 1.
1459 529 1531 565 Nisi
1553 530 1648 576 prius
1666 530 1709 566 ab
1728 529 1795 566 Or·

1014 575 1151 611 dinario
1181 576 1244 611 loci
1282 576 1481 612 facultatem
1514 576 1791 623 impetraverint,

1015 623 1154 668 scriptis
1191 623 1358 665 dandam,
1395 623 1697 660 administratores
1739 625 1792 660 in-

1017 670 1128 705 valide
1176 676 1274 706 actus
1318 675 1451 717 ponunt
1493 671 1552 716 qui
1596 672 1794 708 ordinariae
1857 704 1859 707 .

1015 717 1334 753 administrationis
1373 718 1460 754 fines
1498 723 1530 753 et
1564 719 1706 754 modum
1737 730 1792 755 ex·

1016 765 1154 799 cedant.

1063 815 1081 857 §
1111 811 1144 847 ⁶2.
1175 811 1325 847 Ecclesia
1343 823 1414 847 non
1432 817 1570 848 tenetur
1586 813 1794 859 respondere

1016 859 1057 894 de
1095 859 1331 894 contractibus
1368 859 1412 894 ab
1451 860 1795 896 administratoribus

1016 907 1092 941 sine
1110 906 1252 941 licentia
1271 907 1500 952 competentis
1519 905 1714 953 Superioris
1733 908 1797 942 ini-

1016 955 1074 998 tis,
1105 953 1171 988 nisi
1211 954 1351 999 quando
1389 959 1422 989 et
1456 959 1628 999 quatenus
1659 955 1695 989 in
1721 966 1794 991 rem

1017 1012 1116 1035 suam
1146 1011 1284 1036 versum
1311 1001 1368 1035 sit.

1064 1047 1147 1083 CAN.
1182 1046 1282 1082 1528.
1314 1069 1330 1073 -
1359 1047 1428 1082 Etsi
1455 1048 1499 1083 ad
1524 1048 1796 1084 administratio-

1016 1106 1096 1130 nem
1124 1105 1194 1130 non
1223 1100 1410 1130 teneantur
1435 1095 1536 1131 titulo
1557 1095 1715 1131 beneficii
1744 1097 1796 1132 vel

167 1146 377 1182 Ordinarius
403 1144 464 1179 loci
494 1145 544 1179 vel
571 1145 645 1179 eius
668 1144 845 1188 delegatus
863 1155 942 1178 cum

166 1193 220 1227 his
244 1193 461 1231 admittatur,
488 1202 529 1226 ea
555 1192 628 1236 lege
654 1196 691 1226 ut
716 1191 817 1226 aliter
836 1191 944 1226 factae

167 1239 388 1275 liberationes
415 1239 498 1284 ipsis
524 1238 868 1273 administratoribus
885 1238 943 1272 mi-

167 1287 265 1322 nime
291 1286 536 1328 suffragentur.

215 1333 299 1369 clx.
334 1332 433 1367 1526.
465 1352 480 1359 -
510 1332 821 1367 Administratores
848 1331 943 1367 litem

1017 1142 1116 1177 officii
1144 1142 1381 1182 ecclesiastici,
1409 1142 1710 1179 administratores
1736 1143 1795 1189 qui

1018 1201 1147 1225 munus
1173 1201 1332 1235 expresse
1370 1190 1422 1225 vel
1459 1190 1562 1225 tacite
1595 1195 1795 1236 susceptum

1016 1237 1187 1272 arbitratu
1213 1248 1275 1272 suo
1301 1237 1482 1272 dimittunt
1505 1237 1553 1273 ita
1572 1242 1608 1272 ut
1625 1238 1796 1272 damnum

1018 1332 1152 1366 tionem
1177 1336 1355 1367 tenentur.

293 1453 388 1496 430.
430 1455 684 1509 Inscriptio
723 1454 864 1498 tituli.
907 1452 1102 1509 Sequitur
1150 1450 1313 1494 Titulus
1352 1450 1537 1495 XXVIII
1574 1454 1796 1508 inscriptus

173 1523 229 1567 De
265 1523 380 1567 bonis
415 1522 709 1566 ecclesiasticis
743 1536 791 1566 ex
827 1534 917 1565 can.
957 1522 1079 1576 1497,
1113 1522 1141 1580 ξ
1174 1522 1193 1565 1
1232 1524 1422 1578 cognitis,
1444 1534 1492 1565 ac
1520 1526 1615 1566 'vere
1648 1521 1797 1566 talibus

171 1599 259 1651 post
292 1608 435 1637 eorum
467 1595 800 1651 acquisitionem,
833 1592 1204 1645 admz'm'slramlz's,
1235 1597 1322 1635 tum
1358 1606 1431 1649 per
1454 1606 1599 1636 eorum
1632 1606 1796 1636 conser-

173 1668 394 1719 vationem,
429 1678 478 1707 ne
512 1665 713 1719 iurentur,
749 1666 991 1707 amittantur
1028 1663 1091 1706 vel
1125 1664 1323 1706 damnum
1360 1666 1579 1719 patiantur,
1603 1668 1690 1706 tum
1725 1676 1797 1720 per

171 1736 514 1790 meliorationem,
550 1740 634 1778 tuin
668 1735 853 1778 curando
887 1748 1029 1777 eorum
1063 1735 1438 1791 fructificationem,
1471 1739 1558 1777 tum
1591 1734 1796 1790 exigendo

173 1806 233 1849 vel
269 1806 500 1863 colligendo
534 1807 691 1849 fructus
724 1819 882 1860 eorum,
918 1810 1002 1848 tum
1047 1805 1228 1862 denique
1272 1805 1363 1859 Illos
1401 1805 1701 1849 distribuendo.
1736 1804 1794 1848 De

171 1876 405 1920 huiusmodi
442 1877 799 1920 administratione
822 1878 934 1919 circa
960 1875 1062 1919 bona
1089 1875 1336 1932 religionum
1370 1889 1549 1919 canones
1582 1878 1797 1919 inveniun-

171 1953 237 1991 tur
269 1950 307 2002 in
342 1961 430 2004 cap.
465 1947 532 2002 lll,
566 1947 671 1990 tituli
706 1946 756 2001 X,
789 1946 876 1992 Lib.
910 1946 955 2002 ll,
989 1947 1059 1990 sed
1095 1947 1279 1989 nonnulli
1313 1946 1435 1990 huius
1474 1947 1580 1990 tituli
1618 1960 1797 1991 canones

173 2021 399 2074 respiciunt
431 2032 596 2076 quoque
629 2018 986 2061 administratores
1023 2017 1251 2079 religiosos.

221 2097 224 2100 ’
291 2089 386 2133 431.
424 2092 674 2135 Canonum
708 2090 832 2134 ordo
866 2087 958 2131 talis
992 2093 1065 2131 est.
1100 2089 1194 2131 lura
1229 2093 1315 2131 tum
1357 2088 1532 2132 Romani
1572 2088 1797 2144 Pontificis,

173 2165 258 2203 tum
292 2157 503 2203 Ordinarii
539 2159 630 2213 loci,
667 2164 709 2202 ut
743 2158 1057 2202 fundamentum
1095 2160 1363 2215 praecedunt,
1388 2159 1552 2203 ethaeo
1574 2164 1666 2203 sunt
1690 2159 1799 2203 obie-

173 2235 285 2274 ctum
318 2235 493 2287 quatuor
529 2243 733 2274 canonum
769 2229 1037 2282 1518-1521,
1070 2230 1141 2273 sed
1175 2230 1256 2273 duo
1292 2232 1538 2286 posteriores
1572 2231 1797 2285 respiciunt

173 2299 397 2344 ConsilIum
433 2306 471 2344 et
505 2314 714 2358 personas,
748 2301 817 2357 qui
850 2299 972 2342 huius
1014 2300 1384 2343 administrationis
1428 2305 1586 2357 partem
1628 2299 1796 2344 habent.

174 2369 439 2415 Connectitur
473 2385 570 2428 ergo
605 2371 737 2428 logice
770 2383 860 2414 can.
894 2370 1007 2413 1522>
1041 2384 1135 2414 cum
1168 2370 1436 2428 sequentibus
1469 2383 1599 2428 usque
1632 2371 1681 2414 ad
1707 2383 1798 2414 can.

176 2441 302 2496 1526,
337 2444 406 2498 qui
440 2442 821 2485 administratorum
857 2440 1130 2497 obligationes
1162 2444 1398 2485 successive
1422 2441 1473 2485 ab
1497 2441 1677 2484 ineundo
1711 2454 1798 2483 mu-

175 2525 273 2555 nere
308 2513 499 2556 referunt.
535 2513 595 2556 Ac
618 2513 797 2570 denique
820 2512 990 2555 eflecius
1028 2517 1196 2556 actuum
1236 2512 1604 2555 administrationis
1631 2512 1799 2555 edicunt

176 2595 265 2626 can.
303 2583 428 2637 1527,
463 2584 574 2626 1528
610 2587 797 2640 respectu
844 2584 971 2638 ipsius
1013 2582 1236 2639 Ecclesiae,
1271 2583 1536 2640 quandonam
1569 2582 1698 2626 libera
1735 2581 1797 2625 vel

177 2653 385 2695 indemnis
419 2653 619 2696 redditur.

296 2723 392 2768 432.
429 2727 506 2770 lus
540 2726 742 2772 Romani
781 2725 1039 2769 Pontificis
1083 2726 1142 2767 sic
1185 2726 1379 2780 exprimit
1424 2738 1514 2767 can.
1550 2724 1683 2767 1518.
1718 2721 1798 2765 Βο-

180 2807 325 2835 manus
360 2793 572 2851 I’onliseoe,
605 2807 685 2851 qua
718 2796 946 2850 primatum
989 2793 1145 2837 habens
1183 2795 1479 2838 iurisdictionis
1511 2796 1551 2837 in
1584 2806 1726 2836 omnes
1759 2797 1798 2836 et

178 2863 362 2920 singulas
394 2864 599 2908 Ecclesias
632 2870 671 2908 et
705 2877 902 2921 personas
934 2863 1138 2921 quaslibet
1171 2864 1349 2908 morales
1382 2867 1420 2907 in
1455 2876 1516 2920 ea,
1550 2862 1673 2907 habet
1693 2862 1799 2906 lianc

1017 1284 1142 1319 exinde
1168 1284 1332 1320 ecclesiae
1364 1284 1540 1327 obveniat,
1579 1285 1623 1320 ad
1661 1285 1798 1321 restitu·
1844 1318 1846 1321 .
