1965 3240
137 117 206 150 264
396 116 479 150 Lm.
505 116 577 149 ΙΙΙ.
607 136 619 141 -
646 116 756 150 PARS
780 116 845 150 IV.
872 136 884 141 -
910 116 968 150 De
993 118 1217 160 mayz'sterio
1243 117 1503 151 ecclesiastico

137 235 164 293 ξ
198 234 240 292 ⁶2)
276 235 317 291 b)
349 234 412 277 vel
445 233 648 291 Superior
677 233 904 292 reliyiosas
938 235 1182 290 respective,
1217 233 1284 277 ille
1317 247 1480 291 semper
1496 233 1760 293 firmitatem,

138 307 212 348 nisi
252 307 438 348 «concio
473 304 660 347 habenda
694 307 745 348 sit
778 309 935 348 tantum
979 304 1029 347 ad
1076 303 1289 360 religiosos
1327 308 1542 361 exemptos
1577 304 1762 363 aliosque

138 376 189 419 [le
222 375 373 434 quibus
406 378 443 418 in
478 387 567 418 can.
604 375 685 417 514
719 374 746 432 ξ
772 376 808 430 l,
834 377 871 418 in
897 375 1097 431 religione
1120 373 1301 417 clericali
1327 390 1364 428 ³),
1391 387 1484 418 nam
1510 380 1607 419 tunc
1629 375 1762 420 solum

143 463 163 488 «
186 447 256 490 dat
276 459 417 489 eorum
438 446 671 502 Superior»
695 446 924 489 secundum
958 447 1271 489 constitutiones
1309 460 1330 486 «
1355 445 1590 489 facultatem
1616 462 1635 487 »
1672 460 1765 490 con·

137 517 343 571 cionandi,
376 515 440 559 vel
475 519 512 559 in
547 516 637 559 aliis
669 516 833 560 casibus
871 516 1111 572 «Superior
1144 515 1405 572 religiosus»
1444 516 1515 559 (lat
1547 516 1763 560 licentiam

137 586 425 633 concionandi,
459 587 639 630 scilicet:
674 587 840 644 quando
869 602 890 627 ((
913 588 1179 630 concionator
1197 585 1406 643 (quilibet)
1428 586 1555 630 verba
1580 588 1765 631 facturus

137 663 197 702 est
231 658 478 701 monialibus
511 660 760 714 exemptis»
798 658 906 713 (can.
960 657 1071 700 1338
1104 659 1129 711 ἓ
1162 656 1219 714 ⁶2),
1259 670 1306 700 ac
1348 670 1514 713 semper
1557 672 1578 698 ((
1600 660 1764 701 concio-

137 728 350 772 natoribus
384 728 586 784 religiosis
617 730 761 784 (ipsius
793 727 1000 783 subditis),
1034 731 1077 770 ut
1114 726 1305 780 facultate
1329 732 1494 783 recepta
1519 730 1574 770 uti
1599 727 1758 771 liceat»

138 802 196 843 eis
215 799 322 857 (can.
344 799 469 851 1339,
494 801 518 852 ἓ
542 799 595 855 2).
623 798 822 841 Praedicti
848 811 961 854 ergo,
988 802 1030 840 ut
1052 810 1176 854 supra
1201 797 1452 854 explicatum
1478 802 1549 852 est,
1570 798 1763 856 cuiquam

137 885 188 914 ne
219 869 459 920 concedant,
494 869 579 912 wisi
606 869 731 927 prius
770 874 928 912 constet
967 868 1291 912 concedentibus
1334 869 1479 912 morali
1514 870 1762 913 certitudine

138 941 188 984 de
219 941 309 983 eius
336 954 506 996 nempe:
542 942 846 984 concionatoris
878 939 918 996 a)
953 939 1069 982 bonis
1103 939 1286 982 moribus
1326 938 1367 996 b)
1392 944 1432 982 et
1459 939 1509 982 de
1541 939 1764 997 sufficienti

137 1011 332 1055 doctrina
363 1011 544 1054 scilicet:
585 1013 798 1054 «scientia
834 1015 873 1053 et
908 1010 1194 1064 idoneitate»,
1226 1010 1361 1067 quoad
1397 1010 1470 1054 bas
1490 1024 1567 1068 per
1589 1024 1762 1053 examen

138 1085 302 1141 proprie
335 1083 492 1126 dictum
516 1081 572 1125 ad
593 1095 785 1124 normam
808 1096 899 1127 ean.
924 1084 1032 1137 877,
1058 1084 1082 1135 ἓ
1106 1084 1140 1132 1,
1167 1082 1274 1124 idem
1301 1080 1619 1138 praescribentis
1651 1083 1760 1125 circa

143 1154 512 1198 «iurisdictionem
562 1158 631 1196 aut
680 1153 886 1196 licentiam
926 1153 1227 1196 audiendarum
1275 1153 1578 1195 confessionum
1612 1166 1758 1196 conce-

138 1226 316 1270 dendam
342 1241 379 1281 »,
413 1238 485 1268 seu
521 1229 564 1267 ut
595 1227 710 1267 aiunt
733 1223 910 1267 Normae
934 1237 972 1266 n.
1001 1224 1075 1267 10:
1115 1238 1136 1264 <c
1158 1224 1385 1267 secundum
1422 1225 1766 1280 praescriptiones

138 1310 244 1355 quae
291 1298 478 1354 sequenti
528 1298 663 1352 capite
712 1296 948 1339 tradentur:
999 1297 1030 1337 si
1084 1308 1180 1338 vero
1228 1297 1365 1351 agitur
1397 1295 1448 1338 de
1480 1295 1764 1339 sacerdotibus

137 1369 515 1412 extradioecesanis
551 1366 614 1410 vel
648 1370 700 1410 de
735 1366 937 1423 religiosis
981 1369 1281 1424 cuiuscumque
1323 1364 1508 1421 Ordinis,
1542 1369 1616 1409 nisi
1652 1369 1764 1423 prius

138 1441 416 1495 respectivum
453 1435 724 1482 Ordinarium
759 1442 798 1480 et
830 1438 1095 1493 Superiorem
1131 1436 1489 1493 interpellaverint
1521 1449 1568 1480 ac
1601 1451 1766 1494 respon·

138 1512 292 1553 sionem
328 1508 600 1552 favorabilem
637 1508 921 1552 habuerint».

255 1579 341 1623 Nec
375 1579 649 1622 omittendum
685 1579 752 1622 hic
786 1592 824 1622 n.
864 1594 883 1620 ((
910 1579 975 1621 1⁶2.
1000 1576 1248 1623 Ordinarius
1270 1581 1355 1636 qui,
1380 1578 1431 1621 ob
1455 1578 1765 1622 informationes

138 1655 181 1693 ut
213 1662 337 1706 supra
370 1654 561 1706 acceptas
594 1654 664 1692 aut
697 1649 818 1693 aliam
854 1649 905 1693 ob
939 1662 1120 1697 causam,
1155 1651 1360 1692 censuerit
1396 1651 1433 1691 in
1469 1648 1643 1691 Domino
1666 1662 1761 1692 con-

137 1720 327 1764 cionandi
364 1720 600 1763 facultatem
634 1720 757 1763 alicui
791 1720 1013 1776 denegare,
1042 1720 1193 1762 sufficit
1228 1723 1270 1762 ut
1304 1719 1481 1775 idipsum
1518 1721 1669 1775 petenti
1704 1721 1760 1762 fa-

138 1790 330 1834 cultatem
365 1790 569 1846 significet
602 1792 699 1847 quiu
734 1790 842 1833 aliud
878 1790 1018 1845 addat,
1051 1789 1131 1832 soli
1160 1789 1240 1832 Deo
1272 1789 1481 1832 rationem
1504 1788 1653 1832 desua
1676 1803 1764 1832 sea-

141 1860 271 1903 tentia
304 1859 568 1903 redditurus.

256 1929 434 1974 Normae
466 1931 702 1988 sequendae
738 1945 809 1987 pro
853 1934 1022 1975 canonis
1069 1931 1332 1975 observantia
1380 1933 1490 1974 circa
1539 1932 1762 1987 praefatam

138 2000 343 2044 facultatis
376 2003 683 2044 concessionem
718 2006 813 2044 sunt
844 2007 1086 2059 sequentes:
1123 2001 1190 2046 14.
1226 2002 1291 2044 15.
1328 2001 1394 2043 16.
1432 2001 1496 2044 17.
1533 2001 1599 2045 18.

256 2074 281 2125 ἓ
312 2074 354 2114 2.
390 2071 448 2121 Si,
477 2085 669 2114 concessa
702 2071 910 2129 facultate
943 2071 1005 2115 vel
1039 2071 1212 2115 licentia
1245 2072 1293 2115 ad
1328 2084 1514 2115 normam
1552 2077 1703 2127 praec.⁵
1724 2071 1761 2126 ἒ

138 2144 319 2197 canonis,
358 2142 419 2185 vel
455 2144 577 2185 etiam
625 2142 764 2185 illicite
808 2148 949 2186 contra
996 2155 1161 2186 normas
1203 2143 1254 2185 de
1287 2155 1403 2186 sacra
1444 2142 1762 2199 praedicatione,

138 2213 416 2270 eoovpererim
453 2229 472 2253 ((
497 2211 708 2258 Ordinarii
745 2213 807 2257 vel
841 2214 1083 2270 Superiores
1122 2214 1365 2270 religiosi»,
1409 2216 1477 2271 qui
1521 2215 1761 2257 alterutram

139 2286 430 2337 concesserint,
475 2284 738 2327 veeessarias
782 2284 879 2341 (non
926 2287 1004 2328 iam
1052 2285 1300 2342 mediocres)
1333 2284 1461 2338 dotes,
1507 2287 1758 2341 «pietatem,

139 2357 353 2398 scientiam
387 2360 508 2412 atque
543 2355 851 2398 idoneitatem»
894 2355 1090 2412 (Normae
1123 2369 1160 2398 n.
1198 2355 1269 2413 11)
1303 2355 1344 2398 ia
1369 2355 1760 2412 concionatore‚qui

140 2424 373 2468 facultatem
412 2425 473 2468 vel
511 2425 716 2468 licentiam
752 2425 941 2472 obtinuit,
973 2425 1225 2475 desiderari,
1258 2430 1354 2469 tunc
1387 2424 1531 2468 debent
1563 2427 1631 2482 qui
1665 2438 1761 2468 con·

139 2500 351 2539 cesserunt
384 2496 641 2550 alterutram,
674 2510 765 2538 eam
791 2510 1001 2551 revocare,
1042 2497 1168 2539 idest:
1212 2498 1544 2540 concionatorem
1589 2511 1609 2536 ((
1634 2495 1762 2539 facul-

140 2571 222 2609 tate
260 2566 320 2608 vel
357 2566 519 2609 licentia
546 2582 565 2607 ))
604 2568 784 2622 privare,
819 2567 942 2624 idque
976 2567 1109 2610 eidem
1151 2569 1354 2610 intimare.
1402 2565 1579 2618 Verbum
1624 2571 1759 2609 tamen

145 2639 510 2692 «compererint»
549 2637 842 2680 certitudinem
878 2637 1076 2680 moralem
1114 2639 1298 2694 requirit,
1331 2639 1427 2694 quia
1449 2636 1758 2680 subditcanon:

141 2706 181 2748 in
217 2705 339 2749 dubio
374 2706 424 2749 (le
455 2707 663 2757 doctrina,
697 2706 842 2750 debent
876 2707 1001 2749 certis
1039 2707 1298 2763 aryamentis
1321 2706 1622 2750 dubilationem
1644 2720 1762 2749 exea-

143 2782 240 2827 tere,
275 2777 383 2820 unde
419 2782 638 2833 peccarent
684 2778 914 2821 voluntarie
962 2793 981 2818 ((
1007 2780 1044 2820 in
1080 2777 1206 2822 (lubio
1230 2793 1250 2818 ))
1299 2781 1624 2834 perseverantes,
1658 2790 1760 2820 novo

141 2847 267 2889 etiam
300 2848 505 2898 eraun'ne,
542 2848 667 2892 idest:
700 2861 779 2890 non
814 2847 1001 2891 obstante
1034 2848 1142 2905 quod
1179 2850 1355 2904 primum
1382 2860 1555 2890 examen
1579 2848 1760 2890 fortassis
