1965 3240
127 149 198 184 286
389 149 472 183 Ltss.
499 148 572 182 ΙΙΙ.
603 168 614 174 -
641 148 752 182 PARS
777 147 842 182 IV.
869 167 882 173 ·
907 148 965 182 De
993 149 1219 192 maytsterio
1245 149 1500 183 ecclesiastico

130 281 208 311 non
245 270 561 324 reperiantur»,
581 267 637 311 ad
668 272 825 310 statum
859 265 1097 309 clericalem
1130 266 1398 320 instituatur,
1430 267 1539 325 quod
1577 268 1763 325 implicat

129 352 199 382 eos
237 339 405 392 (calere,
439 351 487 382 ac
522 338 713 395 religiose
746 338 926 382 educare
959 342 999 380 et
1032 337 1325 381 ecclesiasticis
1358 337 1630 394 disciplinis»
1670 353 1760 383 eru-

132 410 235 458 dire,
270 414 314 453 ut
345 423 394 452 ex
428 415 531 467 seq.⁵
562 408 790 453 canonibus
824 407 991 464 patebit.

253 479 469 523 Distinctio
501 482 819 523 seminat-iorum
855 483 942 535 post
976 477 1099 522 Conc.
1134 477 1244 523 Trid.
1278 483 1317 522 et
1360 479 1409 523 ad
1454 481 1542 523 eius
1581 485 1759 524 mentem

136 551 301 594 inducta
336 550 664 594 commendatur.
702 549 742 592 ln
778 549 952 592 Decreto
987 548 1096 592 illius
1120 548 1298 605 legitur:
1339 565 1359 591 «
1383 549 1467 593 Hos
1501 564 1650 606 pueros
1672 550 1773 608 Epiae

133 635 283 677 scopus
317 623 354 664 in
379 621 546 675 classes,
579 625 678 678 quot
710 622 745 663 ei
783 619 1006 674 videbitur,
1030 619 1187 662 divisos
1221 621 1335 663 iuxta
1358 634 1500 664 eorum
1528 634 1761 673 numerum,
1817 648 1820 649 ν

132 696 324 746 aetatem,
357 705 406 736 ac
439 694 477 735 in
517 691 734 747 disciplina
767 690 1047 734 ecclesiastica
1084 704 1362 747 progressum,
1398 693 1561 748 partim,
1597 705 1691 735 cum
1724 694 1761 736 61

133 766 409 819 opportunum
437 760 645 804 videbitur
667 760 938 804 ecclesiarum
967 762 1193 803 ministerio
1216 760 1408 804 addicet:
1442 763 1590 818 partim
1617 763 1654 804 in
1679 761 1761 805 col-

135 833 241 890 legio
274 832 525 876 erudiendos
558 831 766 880 retinebit,
801 831 986 889 aliosque
1021 833 1057 873 in
1095 831 1228 874 locum
1254 831 1497 875 eductorum
1522 832 1699 875 sufficiet
1721 848 1760 875 )).

133 903 332 948 Similiter
362 903 390 961 ξ
411 905 456 946 2.
493 902 738 946 Curandum
783 907 827 944 ut
869 902 913 944 iu
950 901 1182 945 maioribus
1216 902 1470 959 praesertim
1494 901 1761 950 dioecesibus,

133 989 228 1018 nam
267 990 286 1015 (‹
313 977 350 1016 in
386 973 447 1016 1115
465 989 485 1014 ))
522 974 768 1017 decreverat
801 973 994 1030 Synodus
1026 972 1289 1016 Tridentina:
1330 975 1500 1030 «possit
1532 973 1762 1030 Episcopus

134 1059 258 1089 unum
298 1045 360 1088 vel
396 1043 512 1100 plura
547 1046 585 1086 in
619 1043 813 1098 dioecesi,
855 1048 974 1099 prout
1012 1043 1088 1086 sibi
1119 1047 1397 1099 opportunum
1433 1043 1655 1098 videbitur,
1691 1043 1760 1087 113-

134 1118 231 1160 bere
264 1117 514 1159 seminaria:
549 1127 655 1172 quae
689 1119 824 1157 tamen
859 1114 910 1157 ab
944 1114 1012 1156 illo
1047 1127 1141 1167 uno,
1175 1114 1283 1171 quod
1311 1116 1348 1156 in
1373 1115 1542 1157 civitate
1575 1119 1758 1157 erectum

136 1187 198 1231 tel
232 1189 499 1230 constitutum
535 1186 669 1240 suerit,
706 1187 744 1228 in
789 1185 982 1229 omnibus
1021 1185 1339 1241 dependeant».
1383 1182 1548 1229 Omissa
1581 1184 1657 1228 1136
1689 1185 1758 1228 116-

134 1259 351 1315 pendentia
387 1259 425 1300 in
449 1269 620 1311 canone,
653 1259 712 1300 sic
746 1257 1011 1300 decernitur:
1046 1255 1144 1298 bina
1176 1256 1308 1299 solum
1337 1256 1653 1299 constituantur
1689 1255 1760 1298 Se-

133 1329 345 1372 miuuriu:
381 1340 486 1385 quae
521 1330 574 1371 ita
608 1328 939 1371 determinantur
972 1329 1138 1370 nomine
1171 1340 1219 1370 ac
1254 1340 1319 1370 re:
1354 1325 1394 1383 a)
1415 1325 1759 1382 miuus‚scilieet,

127 1413 205 1458 pro
234 1399 381 1457 pueris
413 1398 655 1441 litterarum
689 1398 868 1440 seientia
903 1397 1135 1440 imbuendis
1168 1398 1218 1441 ad
1264 1410 1451 1440 normam
1494 1410 1583 1440 can.
1630 1397 1756 1447 1364,

131 1470 174 1527 b)
209 1470 361 1523 maius,
390 1483 469 1527 pro
503 1468 687 1511 alumnis
713 1467 1014 1527 philosophiae
1046 1483 1095 1511 ae
1138 1467 1373 1525 tlieoloyi'ae
1414 1481 1485 1518 seu
1520 1467 1758 1511 alterutrius

129 1541 265 1585 studio
298 1539 556 1594 vacantibus,
590 1540 783 1597 equidem
818 1540 868 1583 ad
905 1553 1090 1583 normam
1126 1552 1214 1583 can.
1241 1539 1368 1594 1365,
1392 1541 1490 1597 quin
1516 1552 1684 1582 necesse
1707 1541 1758 1582 sit

128 1612 237 1670 quod
272 1611 426 1654 alumni
463 1624 535 1667 per
568 1624 694 1654 unum
720 1610 981 1667 alterumque
1004 1612 1274 1653 seminarium
1296 1614 1517 1652 transeant.

246 1680 369 1726 Conc.
403 1681 513 1724 Trid.
548 1681 829 1724 consideravit
861 1679 1122 1737 hypothesim
1146 1696 1153 1722 :
1194 1695 1214 1720 «
1237 1679 1277 1722 Si
1302 1681 1340 1722 in
1365 1679 1502 1736 aliqua
1529 1681 1756 1735 provincia,

129 1753 329 1797 ecclesiae
363 1756 473 1795 tanta
507 1756 748 1809 paupertate
783 1751 982 1804 laborent,
1018 1756 1060 1793 ut
1092 1750 1312 1806 collegium
1349 1753 1386 1792 in
1421 1749 1628 1807 aliquibus
1653 1752 1755 1806 erigi

130 1838 208 1867 non
245 1826 371 1880 possit
394 1839 432 1863 ».
467 1822 656 1879 Amplior
688 1823 761 1865 fuit
793 1821 895 1865 11366
928 1824 1098 1865 canonis
1130 1820 1421 1874 consideratio,
1455 1825 1494 1863 61
1517 1822 1667 1863 omisso
1690 1821 1758 1863 de-

129 1900 241 1938 creto
265 1895 439 1938 Sanctae
473 1893 641 1950 synodi,
675 1895 733 1936 516
769 1894 1033 1948 praescripsit
1065 1894 1089 1944 ξ
1120 1893 1163 1934 3.
1189 1891 1234 1934 Si
1252 1891 1452 1934 constitui
1470 1891 1755 1934 Seminarium

128 1966 168 2022 a)
204 1965 509 2015 dioecesanum,
544 1977 693 2020 nempe
731 1978 751 2004 «
776 1965 1000 2020 unicuique
1033 1963 1254 2006 dioecesi»
1295 1964 1508 2018 propritim
1542 1962 1592 2004 de
1615 1964 1753 2018 quoin

127 2037 172 2094 ξ)
212 2037 266 2090 1³,
298 2040 489 2093 nequeat,
509 2048 588 2077 non
613 2035 697 2078 sola
723 2039 977 2090 paupertate,
1001 2033 1073 2077 sed
1098 2032 1280 2090 qualibet
1304 2046 1353 2076 ex
1378 2045 1515 2085 causa,
1537 2038 1624 2084 aut,
1649 2032 1691 2089 b)
1711 2032 1754 2074 iu

128 2107 352 2150 constituto
387 2105 629 2149 Seminurio
662 2107 751 2148 sive
786 2107 944 2159 maiori,
978 2107 1067 2148 sive
1102 2106 1235 2156 unico,
1279 2104 1627 2161 quandocumque
1660 2116 1752 2146 eon-

130 2178 294 2221 renieus
327 2177 541 2220 institutio
576 2176 879 2231 intellectualis,
918 2176 1085 2219 additur
1106 2177 1214 2218 enim
1236 2174 1504 2233 praesertim,
1538 2176 1634 2231 quia
1669 2186 1752 2217 ma-

127 2251 189 2305 gis
222 2250 454 2291 necessaria
489 2252 527 2290 61
560 2250 678 2291 6111115
710 2247 895 2290 desectus
916 2246 1075 2290 facilius
1108 2246 1299 2289 accidere
1333 2250 1478 2302 potest,
1509 2244 1755 2302 inpliiloso-

125 2318 262 2376 pliieis
296 2333 344 2361 ae
378 2317 621 2375 tlieoloqieis
662 2316 917 2375 disciplinis,
960 2316 1237 2367 desideretur,
1279 2319 1331 2359 ita
1375 2321 1415 2359 ut
1459 2317 1648 2359 satislieri
1683 2328 1752 2358 ne-

127 2394 263 2445 queat,
299 2391 461 2431 interim
494 2387 728 2446 Episcopus
767 2390 924 2431 «cuius
967 2389 1133 2430 nomine
1175 2388 1285 2430 venit
1317 2399 1482 2444 quoque
1515 2384 1655 2428 Abbas
1690 2384 1751 2427 vel

129 2459 339 2502 Praelatus
373 2458 524 2502 nullius
548 2475 566 2496 >³
606 2458 713 2515 (can.
762 2458 859 2512 215,
892 2461 917 2511 ξ
950 2458 1008 2515 ⁶2),
1043 2457 1236 2500 olzemnos
1271 2459 1458 2513 proprios
1500 2455 1544 2498 iu
1567 2454 1752 2498 alienum

128 2529 411 2572 Seminarium
443 2529 627 2573 scilicet:
662 2528 831 2573 alterius
865 2529 1066 2572 dioecesis
1089 2541 1158 2571 seu
1183 2527 1374 2571 abbatiae
1401 2526 1463 2569 vel
1494 2525 1752 2576 praelaturae

127 2600 278 2643 nullius
310 2600 452 2642 mittat
486 2600 758 2642 instituendos
781 2600 975 2657 equidem
1000 2601 1192 2655 expensis
1216 2599 1406 2655 propriae
1429 2597 1644 2652 dioecesis,
1667 2596 1752 2638 rnisi

128 2670 411 2713 Semiuurium
445 2670 487 2727 b)
517 2669 923 2712 iuterdioeeesuiziim
957 2670 1089 2712 idest:
1124 2668 1311 2725 pluribus
1344 2667 1602 2710 dioecesibus
1640 2679 1749 2710 com—

126 2754 262 2794 mune,
296 2743 384 2783 sive
419 2740 494 2783 1136
513 2741 725 2783 dioeceses
758 2740 807 2782 ad
844 2752 967 2782 unam
993 2741 1250 2796 provinciam
1275 2737 1596 2781 ecclesiasticam
1632 2738 1752 2792 perti-

127 2815 260 2865 neant,
302 2826 322 2851 ((
346 2824 393 2853 ox
431 2809 632 2853 fructibus
666 2822 809 2852 earum
842 2814 1040 2864 erectum,
1068 2812 1105 2852 in
1130 2808 1280 2866 quibus
1311 2807 1486 2863 singulis
1528 2806 1748 2862 collegium

125 2881 343 2924 661111116116
378 2883 530 2923 institui
567 2894 643 2923 non
683 2885 827 2936 potest,
874 2879 940 2923 ubi
986 2882 1101 2936 pueri
1146 2880 1308 2922 illarum
1343 2878 1614 2933 ecclesiarum
1648 2877 1746 2920 edu·
