1965 3240
217 162 300 196 Trr.
326 162 477 198 XXIII.
504 183 517 189 ·
543 164 599 198 De
620 167 783 208 praevia
811 176 975 200 censura
1002 167 1193 201 librorum
1221 180 1432 213 cot-nmque
1453 171 1606 215 prohib.
1657 171 1725 205 327

100 284 382 325 successivum
418 283 623 338 ordinem,
646 289 740 340 apte
774 283 916 327 titulus
950 287 987 327 in
1022 285 1103 327 duo
1127 289 1258 342 capita
1294 288 1508 343 dividitur,
1534 302 1580 332 ac
1615 303 1726 346 prae·

101 352 208 396 cedit
233 351 367 410 Capul
388 351 417 395 Ι.
442 352 499 395 De
514 354 690 410 praevia
711 353 912 397 librorum
934 368 1126 409 censura,
1146 359 1209 399 cui
1235 358 1500 415 subsequitur
1521 358 1654 417 (apul
1676 359 1724 405 ll.

104 422 162 466 De
191 422 476 481 prohibitione
508 423 726 481 libror-mn,
760 428 855 482 quia
900 428 1057 482 primus
1089 431 1205 469 actus
1250 428 1478 483 prohibitus
1511 435 1568 473 est
1603 431 1725 473 tulere

94 493 265 547 librum,
301 495 483 537 tortassis
515 495 573 552 ob,
601 509 801 539 censurae
835 496 1073 540 favorabilis
1106 498 1327 541 detectum.

220 564 316 607 270.
353 567 604 612 Ecclesiae
638 569 711 612 ius
748 571 801 613 et.
830 569 1131 623 significatio
1166 570 1372 615 iuridica
1410 574 1546 616 verbi
1581 574 1727 618 libro-

102 649 221 681 rum.
243 635 355 678 Sicut
380 635 430 678 de
456 649 570 679 more
596 639 873 692 praemittitur
902 638 1223 681 t‘umlamentalis
1248 640 1349 682 tituli
1376 655 1465 682 eim.
1492 644 1615 683 1311.
1639 642 1665 698 ξ
1691 646 1724 686 1.

99 703 326 749 Ecclesiae.
348 710 487 762 utpote
515 709 699 750 societati
736 709 941 763 perfectae
977 710 1014 750 in
1041 709 1163 751 linem
1189 710 1444 765 spiritualem
1479 711 1728 755 sensibiliter

102 776 434 833 prosequendum
470 777 697 831 ordinatae,
733 783 793 820 es!
826 778 891 821 ius
925 792 1022 835 erga
1074 782 1261 835 proprios
1303 780 1490 824 subditos
1532 782 1728 837 em'qenaeli

100 849 223 889 etiam
258 849 459 890 coactivis
509 849 655 891 mediis
703 854 870 905 propter
912 863 1054 893 curam
1100 850 1234 895 eidem
1286 853 1568 895 imminentem
1604 854 1646 909 a)
1680 867 1728 895 ne

100 916 242 971 libros,
277 931 378 975 quos
412 917 505 976 ipsa
545 932 618 974 per
650 919 876 963 destinatos
908 921 957 963 ad
1004 920 1080 963 ltoc
1115 923 1227 963 viros
1271 924 1422 977 peritos
1456 922 1611 966 imlieio
1654 937 1727 966 sno

103 989 213 1031 circa
236 1001 378 1031 eorum
404 993 642 1032 contentum
680 996 797 1046 prout
824 990 973 1047 legenti
1011 991 1236 1048 prudenter
1260 992 1326 1035 ille
1352 998 1473 1049 patet,
1498 999 1622 1036 antea
1649 1008 1725 1037 non

100 1059 387 1116 reeoynoeerit
424 1060 548 1103 veluti
585 1062 874 1105 inoffensirum
912 1062 1144 1118 legentibus
1177 1076 1225 1106 ac
1258 1063 1391 1106 eidem
1429 1063 1651 1119 Ecclesiae,
1685 1066 1729 1121 fi-

99 1128 213 1172 deles
244 1132 302 1173 sic
336 1130 433 1174 dicti
484 1136 651 1188 propter
701 1133 793 1175 tidei
844 1138 1149 1176 sacramentum
1194 1139 1432 1191 susceptum
1482 1135 1621 1189 estant,
1656 1150 1726 1179 seu

99 1199 273 1243 aliorum
320 1203 420 1244 iuris
467 1202 620 1258 publici
672 1204 836 1257 saciant,
870 1209 908 1246 et
941 1218 965 1245 a
1000 1204 1211 1261 quibusvis
1245 1207 1319 1247 etsi
1363 1205 1616 1255 acatholicis,
1664 1206 1726 1249 vel

98 1274 343 1315 auctoritate
378 1272 627 1328 pollentibus
659 1273 792 1316 editos
841 1276 918 1317 iam
959 1274 1164 1318 «libros»
1204 1289 1254 1317 ea*
1298 1275 1411 1318 iteam
1444 1290 1514 1319 seu
1561 1290 1728 1332 propor-

100 1344 253 1385 tionata
287 1357 415 1385 caiisa
450 1357 521 1400 per
545 1344 868 1388 ecclesiasticam
898 1347 1185 1388 auctoritatem
1223 1347 1530 1402 perpendenda,
1553 1347 1623 1390 sed
1650 1360 1726 1390 non

102 1426 173 1469 pro
197 1412 314 1456 libitu
336 1413 589 1471 prohibendi
610 1417 695 1458 suis
718 1415 911 1473 equidem
934 1415 1154 1472 probitioui
1175 1416 1363 1471 subditis,
1382 1430 1560 1474 quorum
1584 1417 1728 1474 plenae

99 1486 267 1539 spiritus
301 1485 571 1528 incolumitati
607 1489 844 1542 prospicere
879 1491 1054 1530 tenetur.

208 1548 301 1599 *Sub
326 1558 591 1612 inscriptione
616 1557 708 1600 data
733 1562 793 1600 est
816 1557 1001 1601 delinitio
1026 1558 1117 1602 libri
1144 1561 1307 1615 proprie
1330 1559 1441 1603 (ticli.
1465 1558 1565 1603 Cum
1591 1565 1726 1603 autem

104 1625 256 1682 «leges
289 1626 594 1670 ecclesiasticae
627 1628 921 1685 intelligendae
954 1632 1033 1672 sint
1065 1630 1294 1673 secundum
1337 1633 1544 1687 propriam
1583 1630 1727 1674 verbo-

102 1710 191 1740 rum
224 1699 569 1753 significationem
606 1701 644 1741 in
681 1704 792 1742 textu
818 1704 857 1742 et
881 1704 1075 1743 contextu
1100 1701 1403 1744 consideratam
1425 1717 1463 1755 ›),
1488 1706 1531 1745 ut
1563 1702 1727 1746 diversa

105 1767 327 1811 verborum
360 1770 608 1825 significatio
641 1782 662 1812 a
697 1768 848 1813 Codice
884 1772 1037 1814 intenta
1073 1773 1185 1814 iuxta
1221 1772 1474 1828 praecedens
1498 1774 1560 1815 ius
1582 1773 1727 1816 admit-

100 1843 223 1893 tatur,
257 1838 399 1883 debuit
433 1839 543 1882 illam
580 1840 799 1884 iuridicam
834 1842 998 1884 etlicere
1034 1844 1071 1884 in
1104 1842 1132 1900 ξ
1164 1844 1206 1884 9.
1245 1842 1371 1895 Quae·
1393 1843 1465 1885 svb
1500 1842 1573 1885 leoc
1608 1843 1728 1886 tilulo

103 1911 139 1952 in
174 1909 366 1953 omnibus
399 1923 488 1955 can.
526 1911 771 1954 1385-1405
820 1911 871 1954 (le
918 1911 1040 1955 libris
1076 1912 1327 1957 verbotenus
1367 1913 1727 1970 praescribentlar.

62 1996 70 2005 ·
101 1980 356 2038 proindeque
389 1994 559 2024 normae
591 1984 680 2025 sive
716 1985 1006 2039 praeceptivae
1039 1986 1128 2026 sive
1163 1983 1452 2040 prohibitivae,
1484 1984 1729 2042 publicatio-

100 2050 220 2093 nibus
253 2065 301 2094 eo
334 2051 441 2108 quod
478 2052 630 2108 publici
666 2055 768 2096 iuris
802 2055 918 2108 liunt,
942 2054 983 2109 a)
1017 2053 1173 2097 d'imv'is
1206 2057 1321 2112 quasi
1359 2057 1395 2097 in
1431 2055 1518 2098 dies
1545 2056 1729 2112 singulas

100 2133 173 2163 seu
206 2121 472 2178 quotidianis,
517 2121 558 2177 b)
589 2122 820 2180 perioclt'ee's
844 2126 881 2166 in
918 2124 1108 2180 periodos
1142 2114 1356 2182 quasdam,
1399 2139 1435 2169 v.
1460 2139 1519 2181 gr.
1556 2126 1728 2182 singulis

101 2204 265 2248 quoque
285 2191 614 2236 bebdomadibus
635 2193 697 2237 vel
719 2194 941 2249 mensibus,
976 2200 1053 2239 etc.
1074 2195 1113 2252 c)
1134 2202 1173 2238 el
1196 2196 1298 2238 aliis
1330 2195 1456 2238 editis
1481 2199 1517 2238 in
1553 2197 1725 2239 aliorum

103 2260 312 2318 publicum
340 2276 456 2306 usum
482 2263 654 2321 scriptis
674 2278 745 2321 per
767 2269 959 2309 auctores
978 2265 1240 2323 qm'lmslihel,
1266 2269 1354 2309 sive
1391 2266 1513 2309 libelli
1538 2269 1630 2320 sint,
1655 2281 1725 2309 seu

102 2334 316 2389 opuscula,
334 2336 424 2378 sive
449 2334 556 2390 tolia,
582 2337 671 2379 sive
704 2349 968 2393 quocumque
1002 2337 1081 2380 alio
1106 2340 1271 2380 nornine
1304 2338 1586 2393 designentur,
1611 2352 1644 2380 v.
1666 2352 1725 2394 gr.

102 2406 246 2459 oratic,
265 2407 464 2458 carmina,
497 2407 790 2461 conterentiae,
816 2412 892 2450 etc.
917 2412 955 2450 et
981 2410 1017 2450 in
1053 2422 1359 2465 ‹pieinctnnque
1394 2410 1514 2451 tinem
1541 2422 1587 2451 ac
1611 2422 1726 2452 occa-

102 2474 431 2532 sionequalibet,
475 2475 744 2533 applicentur
790 2479 827 2519 vi
863 2477 984 2521 huius
1017 2481 1186 2521 canonis
1223 2481 1281 2522 sic
1314 2481 1529 2521 statuentis
1564 2479 1724 2535 publica

102 2547 347 2589 auctoritate
382 2546 490 2590 illius
527 2547 641 2591 verbi
682 2550 847 2604 propria
880 2550 1128 2604 significatio
1166 2552 1204 2592 in
1246 2549 1406 2605 legibus
1438 2550 1727 2592 ecclesiasticis

101 2621 217 2673 seq.⁵,
241 2616 326 2659 nisi
348 2616 469 2660 aliud
499 2624 657 2661 constet
680 2623 792 2662 certo
813 2621 850 2662 iu
875 2619 1013 2677 aliquo
1033 2632 1204 2675 canone,
1230 2620 1446 2664 videlicet:
1483 2623 1727 2676 restringen-

102 2686 196 2730 dam
222 2699 310 2730 esse
332 2691 698 2745 praescriptionem
719 2689 768 2732 ad
791 2693 996 2747 propriam
1026 2691 1208 2734 usualem
1234 2691 1348 2734 verbi
1368 2692 1724 2747 significationem.

223 2758 319 2800 271.
356 2761 432 2805 lus
466 2763 771 2816 praecedens
793 2763 855 2807 de
879 2764 972 2808 hoc
992 2764 1133 2808 titulo
1157 2768 1206 2808 et
1239 2763 1443 2807 historia
1466 2775 1524 2807 ac
1556 2763 1724 2807 funda-

103 2831 343 2875 mentales
376 2833 609 2876 rationes.
641 2829 727 2874 Hac
763 2833 799 2873 in
838 2845 879 2874 re
914 2831 992 2874 Leo
1030 2831 1116 2874 xttt
1154 2847 1233 2875 rec.
1272 2845 1391 2874 tnetn.
1432 2830 1548 2874 nobis
1580 2832 1724 2874 obtulit

105 2903 261 2955 partem
298 2900 453 2943 codicis
488 2901 711 2957 perfectam
749 2904 786 2944 in
823 2900 931 2945 hunc
965 2902 1127 2945 titulum
1179 2902 1415 2945 translatam
1451 2915 1543 2944 cum
1579 2916 1724 2958 oppor-
