1965 3240
150 168 216 202 146
735 165 821 199 Lxss.
849 164 921 198 ΙΙΙ.
950 184 963 189 -
989 163 1046 198 De
1072 164 1183 198 rebus

267 284 314 320 De
339 295 470 320 accessu
496 283 732 319 catholicorum
757 282 801 318 ad
825 281 1063 318 haereticorum
1088 279 1439 327 schismaticorumque
1464 279 1631 315 ecclesias.

270 343 428 390 Kentury
445 344 470 378 1.

273 418 287 436 «
307 404 342 438 2.
371 404 425 437 An
454 402 554 438 liceat
579 401 759 437 catholicis
784 401 880 437 adire
906 401 1036 447 templa
1061 399 1343 436 haereticorum?
1382 418 1426 425 —
1461 399 1511 434 Ad
1538 398 1558 433 2
1589 398 1717 440 Licere,
1748 397 1776 432 si

152 464 279 500 adeant
305 472 419 497 merae
445 460 655 496 curiositatis
681 471 798 501 causa,
826 459 958 505 absque
983 459 1055 494 ulla
1078 458 1397 494 communicatione
1423 458 1458 492 in
1486 457 1605 499 sacris,
1644 456 1679 491 in
1710 467 1780 502 qua

153 523 232 558 talis
257 521 372 557 aditus
398 519 632 556 communiter
658 519 823 555 habeatur
851 529 912 564 pro
937 523 1015 554 actu
1044 517 1265 563 protestative
1281 516 1386 552 falsae
1403 516 1597 561 religionis:
1625 515 1780 562 quando-

155 581 296 628 quidem
322 579 426 615 sicuti
451 579 597 625 profana
621 578 792 621 aedificia,
822 577 872 612 sic
897 582 930 612 et
954 576 1086 622 templa
1111 576 1362 612 haereticorum
1389 575 1498 616 adire,
1522 579 1574 611 est
1599 578 1696 610 actus
1723 583 1783 620 per

157 650 192 675 se
217 638 438 680 indifferens3
465 637 522 683 qui
550 647 621 671 non
648 635 716 670 nisi
743 646 763 671 a
791 646 894 682 pravo
921 634 1002 676 fine,
1032 634 1084 670 vel
1110 645 1148 670 ex
1176 633 1450 669 circumstantiis
1474 632 1620 668 efficitur
1654 631 1779 667 malus.

231 713 260 732 ».
289 697 409 732 Postea
433 695 666 731 enuntiantur
693 693 713 729 4
739 705 840 730 casus
866 693 1039 734 malitiae;
1065 697 1098 729 et
1123 692 1296 728 clauditur
1324 692 1404 727 Dec.

277 754 471 791 Tribunien
486 755 513 788 ².

282 814 505 860 «Episcopus
531 811 775 848 Tribuniensis
802 810 942 846 mandet
969 809 1149 845 catholicis
1174 809 1239 844 sibi
1266 808 1431 844 subiectis
1465 818 1509 843 ne
1542 806 1710 842 accedant
1742 805 1785 841 ad

161 875 286 911 missas
312 878 345 909 et
369 872 438 909 alia
463 872 576 907 officia
599 871 720 906 divina
747 871 780 905 in
808 869 962 906 ecclesiis
988 868 1301 910 schismaticorum,
1339 867 1547 913 eosdemque
1585 869 1724 901 moneat
1749 864 1786 899 in

162 946 243 971 casu
269 932 444 969 carentiae
470 931 595 967 Missae
620 929 871 966 catholicorum
898 939 969 964 non
997 927 1105 964 teneri
1133 932 1315 974 praecepto
1340 926 1482 962 Missam
1509 924 1723 961 audiendi».

280 992 375 1028 Miss.
405 989 582 1036 Aetiopiae
595 990 622 1024 3.

287 1066 300 1083 «
322 1050 365 1087 Se
389 1050 529 1086 almeno
554 1048 645 1084 nelle
672 1047 756 1083 feste
783 1045 966 1093 principali
994 1044 1175 1081 dell'anno
1201 1054 1350 1090 possano
1376 1043 1385 1078 i
1412 1042 1608 1086 convertiti,
1637 1052 1697 1088 pcr
1721 1040 1789 1076 evi-

164 1117 238 1147 tare
263 1111 294 1146 16
321 1108 553 1156 persecuzioni
580 1107 648 1143 alle
673 1106 767 1153 quali
794 1104 1093 1148 soccomberebbe,
1121 1115 1218 1139 come
1242 1103 1329 1138 altre
1355 1102 1456 1143 volte,
1485 1101 1519 1137 la
1542 1100 1710 1145 religione
1726 1104 1791 1135 cat·

166 1171 283 1214 tolica,
311 1168 504 1215 comparire
529 1166 621 1202 nelle
646 1166 760 1201 chiese
785 1164 875 1210 degli
903 1163 1104 1205 scismatici,
1130 1174 1148 1198 e
1174 1162 1371 1198 trattenersi
1392 1172 1475 1208 poco
1501 1165 1628 1206 tempo,
1654 1158 1794 1205 quando

167 1229 415 1277 specialmente
439 1226 486 1272 gli
515 1225 700 1261 scismatici
727 1223 922 1263 celebrano,
960 1234 977 1258 e
1014 1222 1169 1258 recitano
1195 1221 1203 1256 i
1228 1220 1338 1256 divini
1377 1220 1491 1261 officii,
1527 1230 1631 1254 senza
1664 1227 1796 1253 veruna

169 1287 413 1335 cooperazione
441 1297 460 1321 ο
486 1294 655 1320 6011561150
680 1283 713 1319 al
739 1283 805 1318 rito
833 1281 970 1323 eretico,
1012 1292 1070 1316 ma
1106 1281 1297 1316 solamente
1336 1279 1473 1314 baciare
1510 1278 1542 1313 la
1577 1281 1675 1324 porta
1706 1275 1798 1311 della

170 1347 299 1391 chiesa,
330 1346 399 1381 sare
424 1350 475 1380 tre
499 1343 699 1380 adorazioni
723 1342 792 1378 alla
818 1341 919 1377 Ssma
944 1340 1090 1382 Trinita,
1119 1350 1284 1375 venerare
1310 1338 1340 1374 16
1367 1349 1463 1374 sacre
1488 1336 1648 1382 imagini,
1676 1346 1694 1371 e
1712 1334 1796 1371 reci-

170 1411 243 1442 tare
269 1406 524 1452 privatamente
550 1402 697 1449 qualche
722 1401 845 1443 salmo,
875 1400 986 1442 Pater,
1015 1400 1086 1435 Ave
1111 1410 1131 1435 0
1155 1399 1243 1435 altre
1268 1397 1373 1433 simili
1401 1396 1567 1433 orazioni.
1598 1395 1634 1432 R.
1661 1393 1795 1430 Ssmus.

172 1465 342 1501 decrevit:
367 1464 546 1508 Negative.

294 1524 324 1559 l.
355 1523 409 1558 An
435 1522 640 1558 decretum4
674 1531 742 1566 quo
774 1518 976 1566 prohibetur
1001 1516 1179 1552 catholicis
1206 1515 1508 1551 schismaticorum
1535 1512 1651 1548 Missis
1687 1516 1720 1547 et
1745 1522 1799 1547 eo·

174 1595 252 1620 rum
278 1581 494 1618 orationibus
520 1580 698 1620 interesse,
728 1578 944 1622 intelligatur
968 1576 1071 1612 etiam
1101 1586 1161 1622 pro
1187 1575 1270 1610 locis
1289 1575 1324 1609 in
1344 1573 1473 1620 quibus
1490 1583 1561 1608 non
1580 1570 1802 1617 reperiuntur

176 1642 371 1678 sacerdotes
397 1639 570 1681 catholici,
598 1643 631 1674 et
657 1638 698 1673 de
724 1636 939 1672 orationihus
965 1635 999 1669 in
1028 1634 1155 1680 quibus
1181 1633 1269 1668 nihil
1296 1637 1417 1668 contra
1435 1631 1537 1666 fidem
1565 1635 1597 1666 et
1623 1629 1729 1664 ritum
1747 1639 1802 1663 ca—

176 1701 343 1737 tholicum
371 1699 527 1734 habetur.
554 1718 598 1723 —
628 1697 663 1732 R.
691 1695 825 1731 Ssmus.
853 1694 1007 1730 censuit:
1036 1693 1250 1728 Affirmative
1272 1706 1311 1727 n-

297 1759 349 1794 Ad
376 1769 448 1793 rem
474 1757 579 1792 etiam
607 1755 687 1790 facit
702 1756 727 1788 5.

303 1832 317 1850 «
338 1817 370 1852 2.
401 1817 411 1852 1
437 1815 599 1855 cattolici.
630 1815 638 1849 i
667 1813 775 1860 quali,
804 1824 900 1848 come
926 1811 1103 1858 impiegati
1131 1810 1222 1845 civili
1249 1808 1304 1844 del
1323 1818 1485 1853 governo,
1506 1817 1590 1842 sono
1608 1804 1744 1840 invitati
1764 1803 1804 1839 ed

181 1876 347 1922 obbligati
374 1876 428 1911 dal
457 1884 607 1920 governo
632 1883 732 1918 greco
757 1871 1006 1907 d’intervenire
1031 1870 1097 1904 alle
1117 1867 1286 1909 funzioni,
1314 1867 1377 1902 che
1405 1877 1464 1912 per
1490 1866 1574 1901 feste
1599 1863 1633 1899 di
1660 1868 1752 1899 corte
1778 1863 1805 1896 si

184 1939 290 1973 fanno
316 1935 407 1971 nelle
432 1934 546 1970 chiese
571 1932 695 1977 greche
721 1930 952 1971 scismatiche,
971 1940 1041 1964 non
1061 1927 1296 1964 celebrandosi
1319 1926 1351 1961 la
1370 1925 1494 1969 Messa,
1515 1935 1585 1960 non
1605 1923 1633 1957 si
1651 1933 1808 1958 avranno

183 1997 226 2033 ad
253 1995 461 2041 inquietare,
491 2003 526 2028 se
552 2002 612 2038 per
637 1990 696 2026 tali
724 1990 795 2025 loro
822 1988 993 2036 personali
1022 1989 1245 2028 circostanze,
1264 1985 1515 2029 intervengano
1531 1982 1600 2018 alla
1613 1980 1806 2026 doxologia,

185 2055 314 2103 purche
340 2065 409 2088 non
438 2052 617 2098 prendano
643 2054 739 2096 parte
764 2048 858 2084 nella
885 2047 1086 2089 medesima,
1115 2049 1148 2081 61
1174 2055 1305 2080 meram
1332 2043 1566 2090 praesentiam
1593 2039 1806 2076 materialem

186 2114 373 2151 exhibeant
398 2122 499 2147 causa
529 2109 669 2145 honoris
695 2107 807 2143 civilis
828 2122 857 2143 »,

285 2171 330 2208 De
355 2169 581 2205 communione
608 2167 706 2202 vetica
732 2167 766 2201 in
793 2165 916 2201 [livinis
942 2164 975 2199 in
1003 2162 1147 2199 ecclesiis
1173 2162 1296 2197 haeret.
1326 2168 1355 2196 et
1381 2160 1513 2197 seln‘sm.

312 2229 383 2265 vie.
415 2230 478 2274 Ap.
509 2226 637 2273 Smyrn
653 2226 679 2259 6.

313 2303 327 2321 «
348 2290 401 2324 An
429 2288 529 2322 liceat
553 2284 743 2325 catholicis,
772 2282 955 2329 baptismis
983 2280 1247 2327 protestantium
1275 2284 1307 2314 61
1333 2290 1452 2314 60111111
1478 2276 1707 2313 concionibus
1726 2276 1814 2311 inte-

191 2359 296 2391 resse,
324 2358 387 2382 nec
413 2357 484 2381 nou
512 2344 744 2380 matrimoniis
770 2347 801 2378 et
827 2340 1010 2387 baptismis
1035 2349 1250 2384 graecorum,
1281 2338 1315 2372 in
1343 2337 1470 2383 quibus
1504 2347 1563 2382 per
1589 2346 1633 2377 se,
1666 2334 1718 2370 vel
1756 2344 1816 2380 per

192 2407 278 2442 alios
303 2404 493 2450 aliquando
518 2403 622 2438 etiam
649 2402 758 2437 officio
786 2400 911 2446 patrini
941 2398 1155 2445 funguntur.¹
1178 2396 1214 2432 R.
1242 2395 1430 2432 Catholicis
1455 2394 1659 2440 regulariter
1681 2404 1751 2428 non
1779 2392 1816 2426 li-

193 2476 268 2502 cere
295 2463 547 2499 haereticorum
574 2466 634 2497 aut
659 2459 960 2496 schismaticorum
987 2456 1223 2496 concionibus,
1251 2454 1435 2501 baptismis
1453 2458 1486 2489 et
1506 2452 1738 2488 matrimoniis
1765 2451 1815 2485 in-

194 2530 330 2560 teresse.
359 2521 524 2557 Absolute
549 2525 665 2568 autem
692 2530 761 2554 non
790 2518 904 2557 licere,
935 2526 997 2551 nec
1025 2526 1083 2560 per
1108 2525 1143 2550 se
1172 2526 1233 2550 nec
1254 2525 1311 2560 per
1324 2514 1423 2554 alios,
1446 2512 1541 2557 fungi
1561 2511 1670 2547 officio
1692 2510 1816 2556 patrini

198 2583 234 2617 in
261 2580 442 2627 baptismis
469 2579 526 2625 qni
555 2578 806 2614 haereticorum
835 2575 914 2610 tiliis
940 2574 983 2609 ab
1011 2573 1192 2608 haereticis
1220 2573 1513 2607 ministrantur».

316 2639 474 2684 Archicp.
502 2637 673 2684 Corcyren
689 2638 714 2671 ⁷.

323 2713 336 2730 <‹
357 2726 426 2733 .....
445 2708 558 2743 neque
584 2695 762 2731 catholicis
788 2694 907 2730 eodem
937 2702 1079 2728 munere
1107 2691 1266 2737 (patrini)
1295 2690 1389 2735 iungi
1425 2689 1503 2724 licet
1537 2688 1573 2722 in
1612 2686 1734 2722 iisdem
1761 2684 1820 2720 Sa-

322 2817 331 2836 1
374 2815 415 2847 13
442 2814 523 2847 Ian.
551 2812 652 2847 1818.
679 2812 783 2846 Mon.
813 2810 905 2844 eccl.
926 2810 996 2844 IX.
1029 2830 1072 2834 —-
1099 2809 1112 2831 '2
1130 2810 1151 2843 5
1171 2809 1261 2843 Dec.
1285 2807 1387 2841 1668.
1409 2806 1501 2840 Dec.
1521 2804 1552 2838 I.
1576 2825 1616 2828 —
1644 2804 1658 2825 3
1686 2803 1729 2836 10
1747 2802 1821 2846 Ap.

207 2862 296 2897 1704
323 2862 413 2897 Dec.
438 2861 470 2894 1.
503 2881 546 2885 —
576 2862 589 2882 ⁴
620 2860 640 2894 7
671 2861 773 2903 Aug.
805 2858 907 2892 1704.
947 2858 1038 2891 Dec.
1067 2856 1086 2890 I
1104 2877 1147 2881 —
1167 2857 1180 2876 5
1206 2855 1296 2889 Dec.
1326 2854 1384 2888 XI
1409 2853 1479 2898 Ep.
1509 2850 1752 2885 Sanctorien.
1782 2869 1824 2873 —

210 2911 252 2943 12
279 2909 372 2942 Maii
401 2908 503 2942 1841.
542 2928 583 2932 —
620 2907 634 2928 6
665 2908 682 2940 1
710 2906 804 2940 Maii
833 2904 934 2947 1770,
960 2904 1051 2938 Dec.
1081 2903 1148 2937 VI.
1184 2923 1226 2928 --
1262 2903 1273 2923 7
1302 2902 1417 2935 Anno
1444 2900 1547 2934 1871.
1576 2898 1667 2931 Dec.
1695 2895 1821 2930 XVH.
