1965 3240
0 2693 6 2771 ἱ

475 159 478 162 ⁴
521 145 604 179 ΤΙΤ.
631 143 721 178 XII.
748 164 761 169 -
787 144 845 179 De
869 146 1079 189 sepultura
1103 145 1359 179 ecclesiastica
1709 144 1753 178 71

123 272 289 310 tuorum
324 269 483 309 tantum
530 276 602 320 per
650 274 858 306 cameram
900 262 1105 319 lapideam
1152 264 1279 318 ipsius
1312 267 1495 318 cryptae.
1530 259 1756 314 Quaeritur

123 351 245 394 ergo:
282 337 342 380 An
379 336 536 379 licitum
573 336 623 377 sit
658 336 695 376 in
733 333 956 390 praedictis
989 332 1202 376 Altaribus
1250 333 1564 376 Sacrtffianctum
1611 332 1755 376 Missae

0 409 6 459 ξ
50 451 61 461 ⁴,
123 409 381 453 Sacrificium
420 418 633 463 peragere,
668 406 862 462 quamvis
897 407 934 446 in
970 404 1073 447 linea
1110 408 1221 447 recta
1256 403 1331 446 sub
1366 403 1493 446 Altari
1528 406 1607 447 sint
1640 404 1757 447 cada-

125 492 223 523 vera
258 481 295 521 in
334 480 573 535 pavimento
608 476 817 533 cryptae?
851 474 898 518 Et
933 476 972 518 S.
1005 474 1048 518 C.
1084 474 1417 531 respondendnm
1453 488 1540 517 esse
1574 477 1755 518 censuit:

124 550 185 593 Ad
222 548 265 594 V.
303 549 577 603 Allirmative,
633 549 746 590 iuxta
797 545 892 590 Dec.
937 559 977 589 n.
1027 546 1153 589 3460.
1203 545 1405 589 Senonen.
1450 545 1499 587 Ξῖ
1537 545 1607 588 lul.
1646 546 1756 588 1878

124 621 174 664 aa
211 620 241 663 n
267 636 305 663 ».
897 605 900 609 ’

240 691 282 735 ln
317 691 395 734 Rit.
432 690 547 734 Rom.
582 688 732 745 legitur
766 689 803 731 1:
844 703 863 728 ‹<
888 686 1102 731 Cadavera
1144 691 1281 729 autem
1328 700 1453 743 prope
1487 686 1631 729 altaria
1673 700 1751 730 non

120 762 374 819 sepeliantur
398 777 435 806 )),
471 760 596 805 Cuius
628 750 836 816 generalis
871 760 1114 816 praescripti
1148 758 1536 800 determinationem
1575 760 1754 801 continet

121 836 332 891 responsio
366 833 403 876 S.
438 832 483 876 R.
518 830 559 876 C.
595 833 632 874 in
667 830 852 875 Romana
887 830 924 872 2;
965 828 1190 872 «Dubium
1228 828 1271 872 ll.
1306 827 1520 881 Quaenam
1556 829 1750 871 distantia

125 905 381 948 intercedere
431 902 551 947 debet
603 904 709 945 inter
741 901 883 945 Altare
917 905 955 944 et
989 900 1197 944 cadavera
1246 912 1353 957 quae
1401 902 1439 942 in
1490 899 1757 943 (joemeteriis

126 975 187 1019 vel
223 975 421 1019 Ecclesiis
453 974 613 1031 sepulta
647 978 777 1017 sunt?
801 972 847 1016 Et
872 972 910 1017 S.
938 972 984 1016 R.
1010 970 1051 1015 C.
1074 971 1409 1027 respondendum
1435 973 1607 1014 censuit.
1628 971 1689 1014 Ad
1713 970 1755 1015 ll.

121 1046 337 1091 Cadavera
369 1045 421 1090 ab
454 1046 583 1089 Altari
619 1044 751 1088 tribus
784 1043 934 1088 cubilis
987 1044 1142 1086 distare
1189 1041 1364 1086 debere:
1400 1048 1437 1085 ct
1473 1047 1554 1085 tres
1597 1041 1758 1086 cubitos

124 1131 213 1161 esse
246 1118 329 1161 fere
364 1130 492 1160 unum
531 1121 708 1159 metrum
745 1114 1038 1171 longitudinis:
1074 1118 1198 1171 atque
1232 1113 1337 1156 lianc
1362 1113 1597 1156 distantiam
1623 1113 1753 1169 sepul-

124 1201 288 1231 crorum
324 1187 376 1231 ab
409 1186 540 1230 Altari
576 1186 767 1230 sufficere
791 1201 829 1228 )).
870 1184 987 1228 Hanc
1027 1183 1288 1240 disciplinam
1335 1185 1481 1226 retinet
1516 1196 1646 1226 canon
1682 1182 1757 1226 hoc

125 1259 248 1301 modo
281 1261 334 1313 ξω
360 1258 413 1301 2¹³⁰
448 1270 730 1315 prosequens:
765 1255 972 1299 cadavera
1007 1260 1145 1298 (testem
1182 1268 1288 1312 quae
1316 1268 1449 1312 prope
1481 1253 1621 1296 altare
1652 1267 1759 1296 sum-

124 1334 238 1386 ptum
286 1343 380 1373 cum
430 1331 580 1386 stipite,
631 1331 721 1372 sive
772 1326 987 1371 Immobile
1041 1328 1130 1370 sive
1185 1325 1336 1369 mobile
1384 1327 1447 1381 sit,
1497 1330 1535 1368 et
1586 1323 1758 1368 ubilibet

123 1403 261 1449 situm,
296 1399 463 1458 sepulta
489 1399 604 1457 forle
627 1404 724 1442 sum
747 1399 948 1442 adversus
982 1397 1078 1442 Ru}
1117 1396 1235 1441 Rom.
1261 1399 1577 1453 praescriptum,
1601 1394 1757 1437 distent

125 1471 174 1515 ab
207 1485 252 1515 eo
286 1471 435 1514 saltem,
482 1470 621 1528 spatio
666 1478 763 1524 (non
810 1471 890 1512 iam
928 1470 1028 1523 fere,
1072 1467 1163 1525 sed)
1198 1467 1324 1510 unius
1358 1466 1493 1519 metri,
1532 1466 1640 1523 quod
1676 1466 1759 1509 suf-

125 1545 232 1595 licit;
263 1556 383 1585 serus
416 1540 669 1585 itlissam’ae'n
703 1540 846 1583 Allari
880 1553 1006 1596 prope
1040 1541 1117 1582 sito
1152 1537 1364 1581 celebrare
1393 1551 1470 1579 non
1497 1535 1759 1590 l1'‹²el‚(lonec

125 1612 305 1656 cadaver
336 1617 603 1656 removeatur
635 1611 829 1669 equidem
869 1611 918 1654 ad
957 1622 1145 1653 normam
1193 1622 1283 1653 can.
1331 1609 1461 1663 1214,
1507 1610 1580 1651 nisi
1631 1623 1650 1648 «
1675 1609 1758 1651 sere

125 1697 252 1728 unum
288 1689 464 1727 metrum
516 1682 785 1739 longitudinis
833 1682 955 1725 distet
980 1697 1020 1735 ›)‚
1070 1686 1166 1724 tunc
1214 1682 1324 1724 enim
1366 1679 1468 1723 levis
1500 1683 1604 1722 esset
1644 1684 1757 1722 certo

127 1755 229 1799 baec
263 1754 499 1812 probibitio.

766 1915 1002 1952 TITULUS
1034 1915 1123 1952 XII.

587 2010 650 2053 De
684 2010 930 2064 sepultura
963 2009 1300 2052 ecclesiastica.

173 2138 258 2176 Cis.
293 2139 393 2175 1203.
425 2160 441 2165 -
470 2143 489 2182 ξ
520 2139 548 2174 l.
577 2138 744 2174 Fidelium
779 2139 902 2174 defun·
977 2137 1036 2173 alii
1065 2136 1208 2172 cuilibet
1241 2138 1348 2172 actui.
1381 2141 1550 2181 tanquam
1571 2145 1639 2169 non
1667 2134 1759 2169 adie-

125 2192 259 2223 ctorum
286 2198 427 2233 corpora
454 2186 654 2233 sepelienda
673 2191 767 2229 sunt,
793 2197 904 2232 repro·
977 2184 1238 2231 etarhabeatur.

126 2234 206 2270 bata
232 2240 422 2270 eorundem
449 2234 673 2270 crematione.
1027 2231 1111 2267 CAN.
1142 2230 1242 2266 1204.
1273 2253 1288 2257 —
1319 2230 1505 2276 Sepultura
1528 2228 1761 2264 ecclesiastica

173 2284 192 2329 ᾖ
218 2281 251 2319 ⁶2.
278 2281 311 2317 Si
340 2282 418 2328 quis
445 2282 567 2328 quovis
595 2281 696 2316 modo
718 2281 905 2316 mandave—
979 2280 1139 2314 consistit
1174 2279 1209 2313 in
1250 2278 1427 2314 cadaveris
1469 2276 1698 2312 translatione
1716 2275 1757 2310 ad

127 2329 171 2364 rit
199 2334 234 2364 ut
260 2340 384 2375 corpus
409 2340 511 2364 suum
539 2333 724 2369 cremetur,
746 2328 905 2363 illicitum
980 2327 1174 2362 ecelesiam.
1201 2326 1371 2372 exsequiis
1398 2336 1501 2371 super
1529 2324 1611 2358 illud
1640 2323 1674 2357 in
1702 2333 1757 2358 ea-

126 2376 758 2422 estbaneexequivoluntatem;quae
773 2376 800 2410 si
818 2375 907 2411 adie-
980 2374 1059 2410 dem
1097 2374 1292 2409 celebratis.
1336 2373 1429 2407 illius
1473 2371 1687 2417 depositione
1722 2370 1757 2404 in

127 2429 181 2459 cta
225 2424 326 2459 fuerit
361 2423 569 2467 contractui‚'
604 2427 811 2459 testamento
849 2427 909 2458 aut
982 2421 1054 2457 loco
1081 2422 1233 2467 legitime
1259 2421 1423 2466 deputato
1452 2419 1610 2454 fidelibus
1636 2417 1758 2453 defun-

981 2470 1046 2504 ctis
1072 2469 1275 2505 condendis

250 2602 318 2645 57.
354 2604 612 2659 Inscriptio
644 2603 792 2648 Tituli
825 2615 885 2648 ac
917 2602 1257 2647 introductorii
1291 2612 1521 2645 canones.
1545 2597 1626 2640 lam
1662 2608 1757 2639 con-

130 2673 379 2717 siderandus
403 2677 462 2716 est
487 2672 608 2716 huius
627 2672 828 2716 Sectionis
854 2677 1088 2728 postremus
1113 2670 1274 2714 Titulus
1296 2668 1385 2716 XII,
1410 2671 1528 2712 cuius
1548 2668 1758 2722 inscriptio

136 2742 193 2786 De
225 2742 448 2801 sepultura
480 2742 781 2793 ecclesiastiea,
803 2755 910 2801 quae
934 2745 971 2786 in
997 2746 1086 2786 can.
1114 2741 1223 2785 1204
1249 2739 1513 2792 describitur,
1533 2737 1653 2781 babet
1678 2749 1760 2779 am-

238 2897 250 2919 1
279 2896 359 2931 Tit.
389 2896 452 2937 VI,
481 2896 572 2941 Cap.
601 2896 633 2938 I,
661 2908 700 2930 n.
733 2896 767 2930 9.
800 2915 843 2922 —
869 2896 883 2918 ‘2
910 2896 952 2929 12
975 2895 1056 2930 Ian.
1084 2894 1187 2935 1897,
1216 2906 1255 2929 n.
1284 2893 1389 2927 3944.
