1965 3240
138 102 206 136 506
332 101 417 134 LIB.
448 101 517 135 III.
547 121 559 126 -
586 101 698 135 PARS
723 100 789 134 VI.
819 120 831 124 -
857 99 915 134 De
938 100 1048 135 bonis
1073 101 1266 135 Ecclesiae
1294 101 1574 145 temporalibus

138 233 216 263 non
251 233 340 263 esse
372 232 394 263 a
427 220 464 263 S.
501 219 606 263 Sede
640 218 969 275 approbandam,
1001 219 1116 262 salva
1150 219 1275 262 iudici
1311 223 1509 275 potestate
1532 219 1761 277 quidquam

139 293 177 333 in
211 292 254 344 §⁰
289 289 333 332 20
365 290 549 333 eiusdem
583 291 755 333 canonis
787 289 1050 345 indigitatum
1083 289 1289 344 exigendi.

256 360 354 404 420.
405 362 556 406 Varia
609 355 1013 417 praescriptionis
1060 361 1307 416 legislatio
1350 362 1544 403 statuitur
1588 363 1627 403 vi
1670 374 1761 402 caii.

141 433 274 475 1508.
310 430 708 488 Praeseriplioiiem,
741 443 863 487 quam
890 430 1159 486 multiplicem
1186 443 1275 473 esse
1299 432 1338 473 in
1362 429 1513 474 Codice
1536 430 1765 487 deprehen-

140 502 289 555 dimus,
325 501 545 545 videlicet:
580 502 629 545 ad
666 501 800 558 legem
850 501 1173 544 ecclesiasticam
1223 501 1506 557 derogandam
1549 505 1660 554 (can.
1695 501 1763 555 27,
1809 538 1812 542 Α

138 572 166 630 ἓ
201 572 243 630 1)
278 572 340 615 vel
376 572 652 616 inducendam
698 571 806 629 (can.
853 571 942 628 28),
986 576 1029 614 ut
1067 586 1087 612 <‹
1112 573 1331 628 privilegia
1367 574 1524 629 acquiri
1560 574 1758 628 possint»

141 643 250 700 (can.
287 643 355 699 63,
389 648 415 698 ἓ
451 642 506 699 1),
541 643 590 686 ad
627 642 889 695 beneficium,
923 642 1030 699 quod
1066 642 1244 685 clericus
1288 642 1480 698 possidet,
1515 643 1765 700 quandoque

140 713 409 757 obtinendum
446 713 554 771 (can.
590 713 735 769 1446),
773 728 794 754 (<
817 718 959 756 contra
983 715 1045 755 ius
1071 717 1310 768 patronatus
1332 728 1352 754 J>
1393 712 1500 770 (can.
1527 713 1654 766 1470,
1677 716 1702 767 ἓ
1726 714 1765 766 1,

142 783 222 841 3⁰),
256 789 300 827 ut
338 800 358 825 ((
381 787 419 827 111
454 786 721 828 contentiosis
752 785 936 827 actiones
968 788 1053 826 tum
1088 783 1220 826 reales
1243 788 1329 826 tum
1356 783 1593 839 personales
1632 786 1764 827 extin-

140 860 332 911 guantur,
366 855 417 899 de
449 860 556 898 statu
602 867 916 912 personarum»
965 856 1150 910 exceptis
1183 853 1291 911 (0311.
1330 854 1475 911 1701),
1510 859 1553 897 ut
1589 866 1763 910 «poena

141 927 269 982 infligi
304 939 383 969 non
420 928 545 982 possit
568 941 587 967 1)
612 926 721 983 (can.
774 925 899 980 2233,
932 924 960 982 ξ
996 925 1048 977 1),
1097 929 1139 967 ut
1186 940 1207 965 «
1231 925 1459 968 criminalis
1501 927 1608 968 actio
1659 927 1764 981 peri-

142 1001 320 1040 matur»
359 996 468 1053 (0311.
504 997 662 1050 1702),
713 997 877 1053 praeter
919 995 992 1038 lias
1040 1008 1140 1051 ergo
1178 1010 1197 1036 ((
1224 998 1592 1052 praescriptionem
1619 1012 1638 1037 >>
1680 1001 1767 1038 tan-

142 1081 266 1125 quam
300 1067 548 1125 acquirendi
580 1067 686 1111 bona
720 1066 962 1123 temporalia
996 1071 1036 1109 et
1069 1068 1158 1109 iura
1193 1066 1478 1110 huiuscemodi
1514 1072 1552 1109 et
1591 1080 1633 1109 se
1667 1066 1765 1109 libe-

140 1138 270 1181 randi
302 1138 353 1182 ab
386 1139 581 1182 oneribus
622 1138 757 1196 quoad
808 1137 874 1180 illa
923 1136 1090 1180 modam
1122 1136 1173 1180 ab
1207 1139 1317 1179 omni
1358 1137 1539 1180 humana
1571 1139 1766 1180 societate

141 1210 247 1251 iuste
282 1211 553 1265 recognitum,
585 1221 633 1252 ac
666 1208 838 1265 proinde
865 1213 996 1265 prout
1029 1212 1089 1249 est
1123 1207 1205 1250 tale
1239 1209 1468 1250 institutum
1504 1207 1763 1250 moderatum

142 1292 214 1335 pro
248 1284 434 1336 tempore
466 1279 753 1336 applicationis
786 1278 830 1321 iii
863 1277 1132 1335 leyislatioiie
1177 1291 1273 1321 vere
1317 1278 1386 1320 tali
1429 1278 1500 1321 sed
1545 1277 1664 1320 civili
1701 1291 1765 1320 re-

140 1351 349 1408 spectivae
379 1350 567 1393 nationis
598 1350 666 1406 (ad
699 1362 823 1407 quam
866 1351 1069 1405 pertineat
1112 1348 1201 1392 illas
1245 1350 1381 1392 facere
1416 1348 1561 1405 leges),
1597 1348 1664 1392 ubi
1701 1362 1766 1392 res

139 1426 234 1464 sunt
266 1423 368 1465 sitae
405 1421 468 1465 vel
502 1422 553 1464 ad
587 1434 711 1477 quam
739 1423 914 1476 pertinet
937 1421 1157 1477 acquirens
1182 1419 1245 1462 vel
1271 1433 1313 1462 se
1339 1419 1531 1474 liberans,
1552 1420 1695 1462 saltem
1724 1424 1766 1463 ut

142 1491 294 1536 ibidem
339 1495 519 1536 existens
551 1492 828 1535 ecclesiastica
866 1502 1053 1546 persona,
1087 1489 1164 1534 sub
1196 1490 1396 1533 alterutro
1430 1493 1538 1533 enim
1575 1495 1765 1547 respectu

142 1562 420 1619 legislationes
454 1562 545 1606 illae
578 1562 865 1618 disponuntur,
896 1559 1088 1603 Ecclesia
1122 1560 1249 1603 idest:
1284 1573 1478 1617 suprema
1512 1562 1601 1603 eius
1624 1565 1763 1604 aucto-

142 1636 239 1676 ritas
274 1647 345 1690 per
379 1633 487 1676 hunc
519 1646 718 1676 canonem
751 1645 829 1690 pro
862 1631 979 1674 bonis
1010 1630 1308 1674 ecelesiasticis
1342 1633 1380 1673 in
1415 1643 1505 1675 can.
1526 1630 1653 1687 1497,
1675 1631 1703 1688 ξ
1727 1632 1765 1686 1,

140 1705 321 1748 delinitis
353 1706 391 1746 in
426 1704 503 1747 hac
538 1708 652 1760 parte
702 1703 876 1746 iuridica
927 1703 1191 1745 moderandis
1239 1701 1402 1759 recipit,
1448 1714 1496 1745 30
1533 1704 1565 1744 si
1600 1703 1765 1758 propria

140 1778 384 1818 auctoritate
419 1776 542 1818 fuerit
575 1773 735 1831 legibus
773 1773 851 1816 illis
896 1773 1109 1816 moderata
1150 1775 1435 1829 praescriptio,
1479 1772 1607 1826 salvo,
1645 1777 1687 1815 ut
1721 1772 1765 1815 li-

141 1849 311 1890 mitante
348 1846 409 1889 vel
444 1848 678 1902 corrigente
712 1847 841 1901 ipsam
887 1844 1097 1887 diversam
1145 1843 1459 1899 legislationem,
1501 1843 1766 1900 praescripto

140 1931 345 1960 canonum
379 1917 450 1974 qai
482 1921 715 1974 sequuntur
746 1917 982 1959 necessarii.
1016 1919 1059 1957 ut
1093 1916 1246 1957 iustitia
1282 1913 1391 1957 illius
1415 1916 1587 1957 instituti
1607 1918 1646 1957 et
1668 1926 1766 1970 erga

142 1987 368 2032 Ecclesiam
405 1991 441 2030 111
477 1993 563 2031 tuto
598 1990 649 2030 sit
683 1989 827 2044 posita.

262 2059 359 2103 421.
395 2061 535 2105 Bona
569 2060 906 2105 ecclesiastiea
943 2061 1086 2103 extra
1125 2059 1566 2114 praescriptionem
1604 2059 1769 2114 posita

141 2130 199 2171 sic
234 2133 450 2171 enumerat
468 2142 558 2171 ean.
584 2130 715 2171 1509.
750 2126 1088 2183 Praescriptioiii
1122 2126 1302 2169 obiiooeia
1332 2139 1412 2169 iton
1439 2131 1537 2168 suat
1560 2125 1768 2183 quaelibet

141 2198 421 2242 ecclesiastica
455 2198 559 2242 bona
594 2203 633 2241 et
666 2200 755 2241 iura
805 2197 1045 2253 temporalia
1100 2197 1161 2240 vel
1212 2196 1457 2253 spiritualia,
1496 2200 1540 2239 ut
1571 2209 1768 2252 expresse

144 2274 409 2312 recensentur
444 2270 557 2324 baec,
593 2282 671 2312 11011
707 2269 894 2312 obstante
931 2268 1059 2311 Partis
1091 2281 1139 2311 30
1175 2268 1277 2310 1111111
1318 2267 1678 2323 inscriptionibus:

260 2341 315 2382 1.⁰
354 2339 471 2393 Quae
502 2345 599 2382 sunt
632 2339 740 2382 iuris
773 2338 919 2393 divini,
956 2339 993 2381 id
1029 2343 1089 2381 est
1121 2338 1190 2381 tali
1226 2341 1315 2381 iure
1347 2338 1552 2388 ordinata,
1584 2337 1670 2380 sive
1693 2351 1766 2380 iia-

143 2409 311 2458 turalis,
335 2425 369 2453 v.
391 2424 450 2467 gr.
476 2423 582 2468 quae
606 2411 713 2453 furto
737 2409 872 2452 ablata
896 2409 1047 2452 debent
1071 2411 1244 2465 restitui,
1264 2408 1350 2451 sive
1370 2408 1544 2466 positivi
1569 2422 1605 2449 v.
1626 2421 1688 2464 gr.
1707 2411 1767 2451 est

144 2481 326 2523 invalida
344 2481 499 2524 auditio
518 2482 819 2524 confessionum
841 2492 861 2522 3
883 2493 961 2522 11011
981 2479 1211 2532 sacerdote,
1239 2478 1302 2522 vel
1327 2491 1349 2522 a
1372 2479 1588 2522 sacerdote
1612 2478 1768 2536 absque

144 2551 440 2604 iurisdictione,
474 2551 655 2594 Ecclesia
700 2549 805 2593 hanc
850 2563 926 2592 11011
972 2549 1213 2606 supplente;
1250 2575 1301 2579 —
1335 2548 1400 2594 2⁰
1438 2547 1555 2602 Quae
1587 2547 1769 2591 obtineri

141 2627 316 2678 possam
358 2635 409 2664 ear·
445 2621 531 2664 3010
567 2620 791 2678 privilein
830 2619 1074 2677 apostolico,
1120 2622 1175 2663 uti
1220 2619 1456 2675 exemplum
1493 2618 1694 2662 babemus
1728 2620 1766 2661 in

143 2704 233 2747 cap.
268 2692 289 2734 4
330 2692 420 2735 «de
453 2691 794 2735 consuetudine»
847 2690 895 2744 (l,
929 2690 972 2747 4)
1019 2690 1075 2733 X:
1132 2690 1372 2733 «Pervenit
1419 2689 1468 2732 ad
1514 2689 1765 2732 audientiam

145 2767 325 2805 nostram
361 2762 434 2819 (ait
468 2762 603 2805 lnnoc.
640 2761 718 2816 lll),
762 2761 870 2818 quod
919 2762 1086 2818 quidam
1131 2760 1341 2816 simplices
1383 2759 1621 2803 sacerdotes
1658 2759 1766 2815 apud

143 2830 536 2889 Constantinopolim
563 2845 608 2875 ea
633 2836 891 2875 sacramenta
916 2836 1187 2887 praesumunt
1212 2830 1403 2874 fidelibus
1426 2829 1638 2885 exhibere,
1662 2841 1767 2886 quae
