1965 3240
175 133 218 166 18
370 159 374 162 .
408 130 490 164 Lm.
519 128 590 162 III.
619 149 631 154 -
659 128 767 162 PARS
792 126 844 160 Π.
872 145 887 153 -
912 126 969 160 De
996 127 1087 160 loeis
1112 128 1148 160 et
1173 126 1410 170 temporibus
1434 128 1558 160 saeris

171 250 434 301 dicationem,
471 246 728 289 ()rdinarz'as
761 248 798 300 a)
832 243 1181 298 00113011311111,1110
1213 248 1337 300 atque
1371 243 1479 287 hunc
1512 243 1562 286 ad
1597 256 1784 287 normam

172 331 261 361 can.
290 317 396 359 11112
429 320 453 370 g
490 317 524 370 1,
548 316 638 358 eius
670 315 870 359 ecclesiae
903 312 1191 369 aedificationi
1223 327 1273 355 ne
1300 312 1514 371 praebeat,
1539 313 1582 371 b)
1607 319 1681 356 aut
1702 313 1788 356 sal-

173 394 263 442 tem,
286 386 362 429 sub
394 373 651 429 conditione:¹
675 385 712 427 .ςὶ
743 384 854 441 forte
885 382 1109 439 aedificata
1140 381 1274 440 fecerit
1310 382 1372 425 vel
1408 396 1502 426 cum
1538 389 1690 439 praec.³
1725 397 1791 426 vc-

171 460 230 500 titi
265 458 601 512 transgressione,
638 454 699 497 vel
734 456 828 512 quia
869 454 961 497 illae
995 453 1251 496 conditiones
1293 465 1403 496 nunc
1438 456 1570 509 primo
1604 455 1791 497 innotue-

171 532 277 581 runt,
310 541 401 569 eam
444 540 493 568 ne
525 531 733 568 consecret
765 527 869 568 sicut
915 526 952 566 in
997 526 1063 567 cit.
1099 523 1391 573 declarat10ne‚
1427 525 1508 566 imo
1550 537 1647 566 neve
1679 523 1791 567 bene-

170 597 296 641 dicat.
329 596 584 640 Disiunctiva
610 595 760 639 locutio
783 597 820 649 ξ’
846 607 924 637 non
950 599 1010 637 est
1033 594 1082 637 ad
1108 591 1322 638 Ordinarii
1348 593 1519 638 liberam
1545 593 1789 638 electionem

172 667 383 710 referenda
415 666 484 709 sed
512 666 659 722 pendet
692 667 743 709 ab
767 668 1012 715 extrinseca,
1035 664 1194 707 scilicet
1225 664 1276 708 ab
1299 664 1500 708 ecclesiae
1532 664 1789 720 diversitate,

172 743 212 780 ut
245 740 381 780 statim
417 737 586 792 patebit.

287 808 325 851 S.
349 807 427 851 Rit.
451 806 723 863 Congregatio
758 808 794 848 in
828 804 1006 849 Cuneen.
1042 805 1286 849 decreverat
1311 806 1565 849 moderando
1599 808 1637 848 in
1673 809 1789 862 praxi

173 877 379 921 rubricam
411 890 534 933 supra
567 880 665 921 cit.m
698 876 777 920 Rit.
811 876 929 919 Rom.
949 875 985 916 1:
1022 891 1042 916 ((
1062 875 1306 919 1110011111010
1339 875 1491 919 debent
1523 876 1715 933 Episcopi
1749 881 1791 920 ut

170 947 378 991 Ecclesiae
400 947 545 990 saltem
578 946 835 990 cathedrales
858 953 896 989 et
931 946 1187 1002 parochiales
1208 946 1449 989 solemniter
1481 952 1787 990 consecrentur.

171 1018 313 1072 Quoad
348 1020 528 1060 minores
560 1017 768 1070 ecclesias,
792 1019 823 1059 si
858 1016 987 1059 nolint
1011 1019 1066 1059 uti
1103 1019 1191 1059 iure
1214 1029 1287 1059 suo
1321 1016 1411 1060 illas
1433 1017 1674 1060 solemniter
1697 1031 1790 1061 con-

170 1088 372 1142 secrandi,
397 1087 632 1131 facultatem
656 1087 837 1130 tribuant
860 1086 1152 1131 Sacerdotibus
1175 1100 1243 1130 eas
1268 1086 1537 1130 benedicendi
1558 1103 1598 1129 ›).
1623 1087 1709 1131 Hoc
1729 1091 1789 1130 ius

172 1161 345 1202 retinent
379 1158 588 1202 Ordinarii
622 1158 803 1201 locorum
839 1158 889 1200 ad
925 1171 1111 1201 normam
1146 1170 1236 1201 can.
1264 1158 1375 1201 1155
1409 1160 1433 1211 ἓ
1468 1159 1504 1213 1,
1538 1159 1672 1215 quoad
1707 1159 1791 1201 offi-

171 1231 279 1272 cium
315 1242 411 1271 vero
444 1230 500 1271 510
535 1241 580 1271 ea
621 1228 849 1284 «liturgica
883 1228 947 1271 lex
982 1242 1176 1284 expresse
1209 1231 1471 1285 corrigitur»
1512 1228 1619 1286 (can.
1646 1228 1688 1285 ‘’2)
1712 1228 1788 1272 sub

172 1301 195 1353 ξ
225 1300 268 1343 3.
304 1298 502 1341 Sollentia?
545 1298 595 1342 ob
629 1301 911 1342 caeremonias
943 1299 1257 1342 consecratione
1287 1298 1535 1342 dedicentur
1567 1299 1694 1343 cultui
1729 1299 1788 1342 di-

135 1391 140 1396 ·
174 1372 267 1412 vino
300 1369 498 1412 ecelesiae
520 1368 783 1412 cathedrales
807 1383 856 1413 ex
884 1375 1117 1426 praecepte,
1141 1373 1264 1413 etiam
1291 1371 1418 1413 multo
1444 1373 1557 1426 prius
1579 1375 1788 1414 construc-

173 1445 234 1482 tae
267 1454 313 1483 ac
347 1439 599 1489 benedictae,
648 1446 699 1495 et,
733 1446 934 1497 qzatntam
982 1441 1074 1496 fieri
1109 1446 1257 1498 potest,
1293 1442 1402 1498 quod
1438 1442 1523 1485 sere
1558 1443 1595 1484 iu
1631 1442 1788 1485 deside-

172 1512 275 1553 rium
314 1510 374 1553 101
409 1510 623 1553 consilium
650 1511 807 1565 10011111,
832 1511 1031 1554 ecelesiae
1053 1512 1094 1566 a)
1118 1511 1366 1569 colleyiatae
1389 1512 1515 1555 idest:
1541 1512 1790 1568 capitulares

170 1580 403 1636 collegiales
435 1583 492 1623 sic
516 1581 648 1624 dictae
684 1586 849 1637 propter
877 1582 1142 1638 «capitulum
1176 1582 1390 1638 collegiale
1419 1582 1665 1625 clericorum
1685 1597 1705 1622 ))
1735 1581 1787 1624 ibi

171 1653 495 1706 inservientium⁷
532 1651 573 1708 b)
609 1651 900 1694 conventuales
943 1658 1109 1708 propter
1151 1652 1347 1696 familiam
1392 1653 1539 1695 domus
1572 1652 1789 1708 religiosae

171 1722 368 1764 adnexae.
396 1722 457 1764 vet
492 1722 737 1765 clericorum
773 1725 810 1765 in
845 1726 1055 1766 communi
1084 1725 1312 1766 viventium
1349 1737 1462 1766 more
1486 1723 1788 1779 religiosorum,

169 1791 208 1847 c)
238 1791 498 1847 paroeciales
532 1791 582 1835 ob
625 1805 766 1835 curam
801 1795 1046 1837 animarum.
1081 1792 1199 1837 Circa
1243 1798 1402 1836 ceteras
1434 1793 1631 1836 ecclesias
1665 1792 1789 1847 nulla,

174 1874 245 1903 nec
281 1860 382 1903 levis
415 1867 473 1904 est
507 1861 715 1918 obligatio.

288 1930 614 1975 (sitinsecrationis
649 1932 768 1975 liuius
811 1933 1054 1977 tribuendae
1090 1934 1277 1977 limitatio
1322 1936 1478 1977 ratione
1513 1932 1787 1976 materialium

173 2000 379 2044 Ecclesiae
412 2004 602 2044 statuitur
637 2005 673 2045 in
701 2003 728 2059 ξ
750 2006 790 2045 4.
815 2002 1005 2046 Ecclesia
1025 2005 1065 2060 a)
1089 2019 1140 2047 2⁰21·
1163 2004 1277 2061 [19110
1300 2005 1435 2061 quoad
1460 2006 1636 2060 parietes
1661 2002 1702 2059 b)
1729 2002 1789 2045 vel

172 2070 287 2127 ferro
320 2072 358 2127 0)
393 2071 526 2115 aliove
559 2073 740 2127 metallo,
775 2088 852 2116 non
887 2088 935 2117 cx
973 2081 1101 2131 petra,
1136 2075 1332 2118 lateribus
1370 2079 1447 2118 etc.
1482 2077 1519 2117 in
1557 2076 1788 2130 praecipuis

174 2143 260 2183 cius
304 2141 497 2197 partibus,
533 2142 715 2185 benedito·
754 2150 903 2200 potest.¹
949 2145 1233 2189 benedictione
1275 2145 1496 2196 Ecclesiae,
1530 2158 1611 2187 11011,
1650 2149 1789 2186 aatem

174 2212 409 2253 coie.s·es·rar1'
443 2216 616 2268 proprie.
655 2213 741 2257 Huc
777 2217 919 2257 ret'orri
955 2218 1069 2258 iuvat
1102 2218 1347 2272 rescriptum
1381 2216 1420 2259 S.
1454 2216 1602 2271 Congr.
1636 2214 1713 2259 Rit.
1749 2218 1787 2257 in

176 2294 251 2323 una
289 2282 429 2325 l'ortus
465 2283 660 2339 Principis
680 2286 715 2327 2:
747 2301 765 2325 a
787 2286 847 2328 An
882 2286 1055 2329 ecclesia
1079 2291 1314 2330 constructa
1342 2286 1402 2329 vel
1437 2286 1713 2329 construenda
1737 2299 1787 2328 ex

175 2355 341 2394 materia
362 2366 465 2409 quac
488 2360 744 2397 caementum
766 2361 967 2399 armatum
996 2361 1269 2412 nuncupatur,
1293 2359 1524 2400 consecrari
1554 2356 1699 2410 valeat,
1718 2356 1788 2399 ad-

174 2421 298 2465 hibita
334 2424 461 2465 fornia
495 2438 541 2466 ac
567 2428 642 2467 ritu
690 2426 816 2468 l'ont.S
849 2426 1010 2470 Romi?
1042 2429 1080 2470 S.
1114 2427 1192 2470 Rit.
1227 2426 1416 2483 Congr....
1455 2427 1787 2482 respondendum

173 2495 351 2534 censuit:
388 2494 643 2537 Attii-malim
685 2496 909 2539 dummodo
950 2498 996 2539 12)
1041 2500 1229 2541 crucium
1265 2497 1366 2552 loca,
1390 2502 1428 2540 et
1474 2503 1609 2553 postes
1642 2499 1787 2540 ianuae

175 2563 422 2618 principalis,
446 2567 523 2606 sint
557 2579 604 2607 ex
632 2565 765 2620 lapide
786 2583 822 2606 J).
847 2570 962 2621 Quae
996 2568 1176 2611 conditio
1207 2581 1284 2610 non
1308 2569 1516 2611 sulliceret
1550 2570 1588 2610 in
1613 2566 1785 2611 ecclesia

175 2637 404 2674 constructa
441 2648 487 2675 cx
528 2637 649 2677 vetita
684 2650 754 2691 per
787 2650 984 2680 (tationem
1022 2640 1204 2681 materia.

295 2701 463 2744 lienium
485 2718 532 2745 ex
547 2708 818 2748 caeremoniis
838 2710 1042 2763 requisitis
1061 2710 1098 2750 in
1119 2708 1317 2751 ccclesiae
1336 2710 1660 2761 consecratione,
1677 2706 1784 2749 illam

294 2855 340 2888 17
368 2856 468 2899 Aug.
501 2856 601 2895 1575,
631 2856 677 2889 ad
704 2856 734 2900 Ι,
764 2868 800 2889 11.
830 2858 933 2890 53114.
964 2878 1007 2881 -
1033 2858 1105 2891 212
1133 2859 1230 2893 Nov.
1262 2859 1373 2901 19093
1401 2858 1476 2893 CO.
1505 2858 1536 2901 I,
1567 2857 1647 2892 797.
