1965 3240
460 185 542 219 Trr.
570 185 658 219 XX.
687 205 697 211 -
726 185 782 220 De
810 187 909 220 verbi
935 186 1063 219 divini
1086 188 1377 230 praedicatione
1662 188 1730 223 ‘277

225 305 321 348 ⁵230.
357 307 622 351 Missiones
640 320 730 362 pro
748 307 1052 351 acatholicis.
1087 305 1221 348 Missio
1254 307 1345 349 data
1373 322 1443 363 per
1469 308 1597 351 lesum
1625 309 1731 364 Apo-

105 376 219 419 stolis
264 388 493 432 eorumque
541 375 864 428 successoribus,
899 380 940 418 ut
979 389 1028 419 ex
1065 375 1167 418 libro
1217 377 1392 419 Actuum
1444 378 1730 434 Apostolorum

106 452 215 504 patet
246 451 370 503 atque
404 459 452 488 ex
491 445 581 488 Dixi
620 446 729 489 l'auli
764 446 963 502 epistolis,
1007 450 1090 489 tum
1112 447 1160 489 ad
1182 450 1380 503 gentium,
1408 449 1733 506 imlaeorumque

105 519 439 571 conversionem,
474 521 559 559 tum
594 518 644 560 ad
679 517 960 560 Ecclesiarum
1009 520 1367 560 conservationem
1418 532 1463 561 ac
1508 521 1731 562 fomentum

105 590 144 630 in
181 586 297 631 bonis
331 586 540 643 operibus,
576 588 649 630 luit
682 587 883 631 ordinata.
921 613 972 617 -
1010 586 1190 630 Ecclesia
1227 590 1351 643 igitur
1385 588 1526 631 horum
1564 603 1734 638 memor,

105 663 142 702 et
167 657 302 716 quoad
328 657 431 701 alios
453 660 685 701 animarum
710 663 892 711 pastores
913 658 1089 714 idipsum
1110 658 1324 714 amplians,
1350 659 1472 701 edicit
1493 674 1583 702 ean.
1608 663 1732 702 1:550.

64 736 67 739 '
102 729 130 787 ξ
164 732 198 773 l.
237 727 465 771 Ordinarii
499 728 685 771 locorum
718 730 824 785 (can.
861 729 942 771 198
975 730 1000 782 ἓ
1036 728 1075 781 2)
1109 734 1147 770 e!
1178 728 1356 786 parcelli
1380 739 1482 778 (can.
1509 730 1608 785 4:513*
1643 744 1734 771 aea-

106 799 294 847 melicos,
328 801 417 842 sive
453 798 676 855 baptizatos
710 804 995 856 protestantes,
1029 801 1118 842 sive
1153 812 1230 841 non
1276 799 1499 855 baptizatos
1531 800 1732 857 quoslihet

105 871 307 924 homines,
340 882 495 927 eosque
519 871 588 927 qui
623 883 644 913 a
681 870 761 913 lide
793 869 919 913 semel
957 874 1121 926 recepta
1156 870 1395 913 defecerunt
1422 884 1492 926 per
1516 870 1733 920 haeresim,

103 943 349 998 apostasiam
404 940 465 984 vel
515 940 709 984 schisma.
758 941 801 983 in
848 941 938 983 suis
971 943 1205 997 respective
1253 940 1509 984 dioecesibus
1557 954 1731 999 quarum

109 1028 128 1053 «
152 1014 318 1055 nomine
352 1014 391 1054 in
427 1014 515 1055 iure
552 1014 721 1055 veniunt
755 1011 956 1055 Abbatiae
991 1011 1055 1054 vel
1092 1011 1356 1055 Praelaturae
1396 1012 1546 1055 nullius
1578 1029 1597 1053 »
1628 1026 1732 1057 can.

105 1084 201 1130 215.
235 1084 262 1141 ξ’
296 1084 336 1139 ἓ)
369 1096 448 1126 non
486 1096 583 1126 vero
619 1081 849 1126 Vicat-tatus
882 1087 921 1126 et
955 1083 1243 1126 Praefecturae
1276 1083 1553 1140 Apostolicae‚
1590 1089 1628 1126 e!
1659 1097 1734 1141 pa-

104 1154 254 1199 roeciis
289 1157 467 1211 proprie,
512 1166 619 1211 quae
668 1170 687 1194 «
710 1159 805 1197 sunt
849 1158 985 1211 partes
1018 1154 1220 1197 dioecesis
1253 1154 1303 1197 de
1337 1154 1487 1212 quibus
1527 1157 1564 1197 iu
1599 1158 1627 1210 ,ξ
1662 1155 1676 1197 1
1710 1171 1728 1195 J)

102 1232 209 1271 can.⁵
243 1226 342 1281 Χ216,
375 1225 505 1283 (unde
543 1225 864 1282 «parochorum
899 1228 1065 1269 nomine
1099 1228 1137 1268 in
1174 1225 1250 1269 hoc
1283 1229 1453 1269 canonis
1484 1225 1530 1284 ἑο
1565 1239 1642 1269 non
1671 1240 1735 1269 ve-

102 1299 219 1340 niunt.
251 1296 572 1354 quasi-parochi,
605 1298 674 1354 qui
709 1299 826 1353 quasi
867 1298 1079 1353 paroecias
1112 1301 1260 1353 regunt
1285 1297 1342 1353 »),
1376 1296 1570 1353 deyenles
1603 1296 1732 1353 quali-

102 1373 348 1424 tercumque
382 1368 586 1424 praelatos
609 1366 874 1418 acatholicos,
899 1367 1206 1410 commendatos
1229 1367 1309 1410 sibi
1330 1367 1566 1424 specialiter
1590 1368 1630 1409 in
1661 1366 1733 1410 Do·

103 1438 212 1482 mino
247 1439 373 1482 idest:
408 1451 457 1481 ex
492 1438 634 1482 divina
668 1437 869 1482 charitate
915 1443 1081 1494 propter
1115 1443 1322 1495 receptam
1364 1440 1644 1482 «missionem
1678 1439 1727 1481 ad

103 1512 377 1553 ministerium
412 1509 776 1566 praedicationis»
814 1510 923 1566 (can.
960 1509 1106 1567 1328),
1142 1508 1333 1553 habeant.
1379 1508 1497 1562 Quod
1533 1509 1732 1565 implicite

103 1583 279 1624 monitos
316 1580 402 1623 vult
435 1594 517 1635 eos,
560 1594 632 1637 per
677 1582 892 1624 missiones
937 1581 1221 1634 instituendas,
1266 1583 1298 1624 si
1343 1585 1542 1637 oporteat,
1587 1580 1733 1623 aliisve

101 1652 234 1695 modis
266 1653 509 1708 opportunis
541 1664 684 1695 eorum
719 1654 1036 1695 conversionem
1074 1652 1400 1709 promovendam
1436 1665 1537 1695 esse.

219 1722 296 1766 Hic
331 1722 617 1779 paragraphus
651 1723 907 1779 intelligatur
940 1736 1106 1781 quoque
1140 1724 1190 1767 de
1223 1724 1483 1767 dioecesibus
1506 1724 1544 1769 S.
1569 1723 1734 1782 Congr.⁸

101 1795 152 1838 de
187 1794 303 1851 Prop.
338 1793 438 1837 Fide
470 1793 682 1846 subiectis,
716 1794 786 1837 sed
814 1796 851 1837 in
877 1797 935 1837 eis
961 1794 1072 1850 leges
1108 1794 1379 1851 particulares
1411 1796 1595 1839 eiusdem
1630 1795 1732 1840 Con—

101 1867 354 1922 gregatienis
388 1865 439 1908 de
473 1864 550 1908 hac
585 1879 628 1909 re
666 1867 818 1922 vigent.
873 1864 1073 1909 Videlicet
1122 1871 1241 1922 prout
1290 1866 1440 1922 legitur
1482 1868 1520 1909 in
1554 1867 1731 1924 quadam

102 1935 375 1979 lustructione
409 1934 450 1978 ¹5
489 1950 509 1976 «
535 1935 605 1980 l....
643 1938 944 1994 uniusquisque
988 1936 1218 1997 Episcopus
1261 1941 1378 1980 curet
1412 1941 1451 1979 ut
1489 1939 1734 1980 missionarii

102 2006 252 2063 singuli
289 2005 472 2063 linguam
511 2009 720 2064 propriam
756 2009 959 2065 cuiusque
995 2010 1176 2064 regionis
1214 2010 1402 2064 apprime
1435 2008 1664 2061 addiscant,
1697 2013 1735 2051 et

103 2077 207 2120 duos
254 2077 401 2120 saltem
453 2092 502 2120 ex
553 2079 612 2121 eis
654 2078 827 2135 deputet
874 2078 1090 2122 exclusive
1133 2079 1182 2121 ad
1233 2078 1628 2135 evangelizationem
1665 2091 1732 2135 pa—

103 2161 347 2204 ganorum...
404 2147 521 2192 Hanc
569 2149 846 2205 quorumdam
900 2151 1253 2192 missionariorum
1304 2149 1630 2205 designationem
1681 2149 1730 2192 ad

102 2218 289 2262 ethnicos
307 2219 613 2263 convertendos
637 2220 867 2263 taciendam
889 2222 926 2262 in
953 2232 1201 2277 unaquaque
1225 2220 1378 2263 diocesi
1399 2221 1436 2264 S.
1456 2218 1497 2261 (1.
1519 2221 1732 2275 praecipit,

101 2292 260 2334 etiamsi
297 2290 335 2334 id
371 2292 507 2334 minus
539 2291 805 2334 commodum
841 2291 1032 2334 accidere
1081 2291 1270 2334 videatur
1309 2293 1387 2333 iam
1421 2292 1653 2334 constitutis
1687 2292 1730 2332 ti-

101 2360 255 2404 delium
290 2360 671 2416 communitatibus,
707 2361 757 2404 ad
795 2360 887 2404 boui
926 2361 1102 2404 Pastoris
1136 2360 1389 2416 exemplum,
1414 2362 1482 2417 qui
1509 2362 1730 2416 nonaginta

103 2444 251 2474 novem
285 2444 386 2474 oves
420 2431 656 2489 relinquere
691 2434 729 2474 in
763 2432 929 2475 deserto
965 2445 1042 2475 non
1092 2431 1253 2475 dubitat
1288 2436 1329 2474 ut
1361 2431 1526 2474 deviam
1562 2436 1733 2487 quaerat

101 2506 141 2545 et
172 2501 404 2545 reducat».
448 2502 688 2560 Sequuntur
729 2502 948 2560 qualitates
993 2502 1288 2559 praecellentes
1332 2501 1477 2544 horum
1525 2503 1733 2544 missiona-

103 2574 272 2615 riorum.
306 2571 382 2615 Hic
403 2573 614 2616 ‘adnotare
647 2575 763 2616 iuvat
795 2587 961 2617 normas
994 2574 1031 2617 S.
1066 2574 1215 2629 Congr.
1250 2573 1300 2615 ‹le
1336 2572 1451 2628 l'rop.
1489 2572 1584 2615 Fide
1622 2574 1730 2614 circa

102 2642 451 2700 praedicationem
488 2646 526 2686 in
564 2642 839 2688 Vicariatibus
862 2657 908 2688 ac
936 2645 1206 2687 Praefecturis
1240 2643 1391 2699 Aplcis.
1421 2645 1605 2698 vigentes
1638 2647 1731 2685 aute

100 2712 308 2767 Codicem,
342 2713 479 2758 adbuc
513 2719 603 2770 post
636 2713 758 2758 huius
802 2714 1121 2772 publicationem
1167 2714 1395 2757 servandas
1434 2726 1534 2756 esse.
1570 2712 1728 2755 Etenim

100 2789 195 2828 sunt
229 2784 340 2841 leges
375 2784 658 2841 particulares,
694 2796 741 2828 ac
777 2786 949 2841 proinde
993 2786 1089 2829 ‹lum
1135 2800 1186 2828 ss.
1232 2784 1459 2828 canonibus
1494 2797 1570 2826 non
1606 2797 1728 2839 oppo-

220 2938 231 2959 1
261 2938 303 2972 19
331 2937 466 2971 Martii
496 2937 598 2972 1893.
625 2937 877 2972 Collectanea
904 2938 940 2973 S.
968 2938 1008 2973 C.
1035 2937 1081 2972 de
1109 2938 1149 2972 P.
1179 2937 1219 2971 F.
1250 2949 1283 2971 n.
1316 2937 1416 2970 1893.
