1965 3240
170 120 241 154 420
315 121 398 156 Lm.
425 122 495 157 ΙΙΙ.
523 143 535 148 -
561 122 673 159 PARS
699 125 744 160 V.
774 147 787 152 -
813 127 870 162 De
894 128 1017 171 benef.
1045 132 1080 164 et
1105 131 1231 165 instit.
1260 126 1386 167 eccles.
1414 144 1495 168 non
1519 135 1649 180 colleq.

171 240 389 285 dicebatur
412 245 450 286 in
484 243 667 288 Romana
691 244 828 291 Curia.
855 248 866 269 ¹
906 247 1071 292 «Urbis
1103 249 1325 306 appellatio
1359 254 1501 308 muris,
1534 253 1690 298 Romae
1721 267 1793 299 au-

171 316 251 354 tem
287 314 594 359 continentibus
636 317 838 361 aedificiis
881 319 1036 374 finitur,
1074 320 1182 376 quod
1227 319 1350 365 latius
1392 327 1564 379 patet».
1597 324 1660 368 An
1694 324 1795 369 haec

169 382 390 439 appellatio
423 387 475 429 sit
509 389 676 443 propria
720 387 836 432 verbi
879 390 1127 446 significatio
1161 393 1199 433 in
1235 391 1313 436 hoc
1356 405 1527 448 canone,
1562 395 1626 439 vel
1662 398 1796 452 potius

170 454 270 498 illud
304 460 514 510 communi
550 471 625 502 usu
657 461 899 516 accipiatur,
934 465 1071 517 posset
1093 460 1288 517 dubitari,
1311 467 1504 522 quamvis
1542 479 1615 523 pro
1639 466 1706 510 illa
1730 479 1793 510 re-

169 527 456 583 spondendum
508 534 713 585 putemus,
761 533 856 588 quia
906 530 1008 575 baec
1053 531 1115 575 lex
1152 536 1349 578 canonica
1388 535 1607 580 «liberum
1643 539 1794 581 iurium

169 599 416 641 exercitium
450 604 678 643 coarctat»
727 600 835 656 (can.
871 601 958 654 19),
993 602 1101 645 unde
1149 605 1359 648 «strictae
1386 605 1527 649 subest
1554 608 1795 663 interpreta-

171 670 270 711 tioni
293 684 333 709 )).

288 739 346 783 Ex
382 740 518 785 Const.
565 741 621 784 Pii
669 740 697 783 V
747 758 770 784 c<
793 742 1067 787 lntolerabilis
1089 759 1110 784 »
1139 744 1153 766 ²
1197 745 1425 801 partialiter
1458 752 1700 791 conservata
1735 753 1796 792 est

171 823 348 867 sequens
380 810 457 855 sub
490 824 528 854 n.
561 812 609 854 3⁰
641 816 883 856 reservatio.
922 813 1057 857 «Sola
1092 819 1132 857 et
1154 818 1290 859 omnia
1328 815 1571 860 beneficia»
1609 818 1793 875 quaein-

170 880 311 924 valide
344 887 510 939 propter
543 895 633 927 can.
658 883 741 926 729
767 886 878 927 iuxta
898 885 1082 928 eiusdem
1103 884 1471 936 Commentarium,
1495 892 1649 932 attento
1672 891 1795 932 etiam

172 966 262 996 can.
300 953 425 999 1441,
459 953 506 996 ob
539 954 746 997 simoniae
783 955 930 997 vitiam
973 955 1130 999 collata
1162 957 1351 1015 fuerant,
1386 964 1551 1015 sumpto
1586 958 1712 1003 verbo
1744 960 1794 1003 ad

170 1037 315 1068 sensus
348 1026 627 1081 inscriptionis
659 1025 825 1082 Capitis.
861 1025 931 1070 Est
963 1040 1062 1083 ergo
1095 1028 1145 1071 ad
1182 1030 1309 1072 instar
1342 1041 1497 1085 poenae
1531 1029 1633 1074 haec
1666 1044 1797 1074 reser-

174 1097 297 1139 vatio.

289 1167 337 1209 4⁰
374 1167 559 1225 Denique
592 1172 635 1210 ut
668 1169 706 1210 in
743 1180 879 1224 praec.
917 1170 1005 1212 iure
1038 1167 1235 1225 beneficia
1267 1170 1477 1228 quaelibet
1519 1171 1628 1229 (can.
1665 1171 1795 1229 1409)

170 1236 318 1295 quibas
341 1237 514 1293 singulis
550 1236 760 1281 Romanas
798 1237 994 1296 Pontisea‘
1018 1252 1095 1296 per
1126 1253 1180 1296 se,
1217 1242 1292 1283 etsi
1324 1245 1441 1284 utens
1462 1244 1630 1297 organis
1652 1241 1796 1285 Roma-

169 1320 247 1352 nae
279 1307 441 1362 Curiae‚
462 1308 525 1351 vel
554 1321 632 1366 per
663 1307 901 1366 deleyatam
934 1309 1170 1366 generalem
1209 1310 1272 1354 vel
1307 1311 1357 1354 ad
1391 1324 1532 1355 casum
1557 1325 1706 1354 manas
1728 1325 1797 1370 ap-

165 1379 325 1437 posuit,
355 1382 562 1436 propriam
608 1393 809 1423 exercens
846 1383 1134 1424 auctoritatem
1170 1380 1236 1424 liis
1269 1386 1426 1425 tantum
1461 1383 1534 1440 qai
1564 1387 1798 1440 sequantur

170 1449 336 1494 modis:
368 1451 409 1507 a)
440 1450 478 1493 si
510 1449 752 1494 electionem
775 1454 989 1508 praeviam
1024 1451 1079 1495 ad
1101 1451 1340 1509 beneficiam
1376 1453 1678 1510 providendum
1707 1456 1796 1498 sive

171 1522 223 1565 ob
248 1534 465 1578 personam
490 1524 580 1565 sive
604 1521 656 1565 ob
680 1522 864 1565 eiusdem
889 1528 1026 1566 actum
1053 1523 1225 1566 irritam
1243 1523 1542 1578 declaraverit,
1562 1537 1611 1568 an
1635 1530 1796 1569 senten-

171 1595 226 1636 tia
264 1593 326 1636 vel
360 1593 527 1636 decreto
568 1605 712 1649 parum
758 1594 895 1649 relert,
931 1592 974 1650 b)
1008 1593 1070 1637 vel
1102 1595 1281 1637 vetuerit
1321 1595 1568 1652 simpliciter
1599 1595 1797 1639 electores

170 1663 227 1707 ad
258 1664 499 1707 electionem
529 1663 770 1722 procedere„
805 1677 910 1722 quae
944 1670 1079 1708 tamen
1116 1670 1282 1722 peracta
1306 1671 1413 1709 esset
1445 1680 1494 1709 ex
1528 1669 1796 1724 consequenti

171 1735 297 1789 nulla,
331 1740 374 1778 ut
409 1737 719 1791 praesupposita
753 1740 896 1778 contra
915 1748 1004 1779 can.
1035 1736 1142 1779 1434
1169 1738 1397 1780 irritantem
1423 1738 1795 1790 confirmationem,

170 1819 248 1849 non
283 1810 420 1850 autem
463 1808 495 1848 si
539 1806 672 1849 solum
711 1808 980 1849 «vetuerit»
1017 1806 1124 1850 hanc
1167 1808 1554 1861 contii·matiouem;
1589 1807 1629 1864 c)
1662 1808 1700 1851 si
1730 1821 1793 1851 re-

168 1877 483 1920 nunciationem
517 1877 651 1920 eidem
686 1875 802 1920 Rom.
842 1877 968 1920 Pont.i
1004 1882 1045 1920 ut
1077 1891 1200 1932 supra
1227 1882 1529 1934 praesentatam
1557 1878 1794 1924 admiserit.

173 1952 344 1992 vacante
363 1951 664 2005 consequenter
696 1947 767 1991 tali
790 1947 1021 1997 beneficio;
1056 1947 1099 2006 d)
1137 1948 1175 1991 si
1211 1948 1523 2005 beneficiarium
1552 1963 1793 2007 quemcum-

170 2032 250 2077 que
274 2022 396 2062 etiam
423 2033 471 2062 ex
499 2021 684 2075 personis
706 2018 784 2062 sub
807 2032 845 2061 n.
871 2019 914 2061 1⁰
945 2019 1202 2077 promoverit
1225 2022 1418 2077 quamvis
1440 2020 1489 2063 ad
1515 2020 1643 2064 solam
1663 2020 1796 2077 digni-

169 2094 308 2145 tatem,
351 2090 622 2132 transtulerit
660 2090 710 2133 ad
745 2089 856 2133 aliud
897 2089 1147 2134 beneficium
1187 2093 1261 2134 etsi
1307 2104 1386 2134 non
1430 2090 1565 2145 altius,
1604 2090 1796 2148 beneficio

172 2160 240 2203 illo
270 2161 519 2218 privaverit,
554 2163 591 2203 in
626 2160 777 2219 quibus
800 2160 876 2204 sub
901 2161 1034 2204 littera
1069 2161 1113 2218 d)
1139 2160 1304 2205 casibus
1325 2161 1571 2205 beneficium
1590 2164 1649 2205 sic
1674 2164 1796 2205 amis·

169 2245 259 2275 sum
297 2237 535 2275 reservatur
556 2251 564 2286 3
599 2231 638 2289 e)
663 2232 701 2274 si
723 2231 963 2288 beneficiam
980 2232 1276 2290 quodcumque
1294 2233 1337 2275 in
1357 2232 1639 2276 commendam
1661 2232 1794 2290 quoad

169 2305 478 2360 perceptionem
512 2316 661 2359 nempe
695 2304 916 2357 fructuum,
953 2316 1047 2346 cum
1083 2305 1211 2359 ipsius
1244 2304 1410 2347 forsitan
1442 2304 1798 2347 administratione

174 2374 235 2417 vel
272 2377 360 2417 sine
394 2388 454 2429 ea,
490 2373 666 2417 dederit.
701 2373 894 2417 Scilicet:
932 2379 1171 2417 reservatur
1204 2374 1339 2431 quoad
1376 2377 1655 2431 provisionem
1690 2373 1799 2417 illius

169 2444 220 2487 de
263 2444 542 2488 beneficiario.

291 2515 330 2558 ln
367 2515 559 2559 omnibus
592 2516 812 2559 antedictis
846 2515 1201 2560 reservationibus
1234 2521 1292 2559 est
1317 2515 1664 2572 subintelligenda
1700 2515 1800 2558 limi-

170 2589 269 2630 tatio
294 2586 510 2643 multiplex
535 2599 659 2644 quam
683 2587 809 2630 edicit
831 2587 859 2644 ξ
882 2589 923 2629 2.
948 2589 1001 2630 At
1025 2600 1239 2645 nunqnam
1263 2593 1361 2629 sant
1382 2592 1612 2641 reservata,
1636 2588 1795 2630 etiamsi

174 2658 414 2700 verificetur
446 2659 649 2714 appositio
674 2669 832 2707 manus,
858 2657 944 2699 nisi
966 2657 1010 2700 id
1033 2671 1230 2714 eoepresse
1251 2656 1436 2711 dieatvr,
1463 2657 1636 2713 proinde
1659 2658 1697 2699 in
1720 2658 1799 2699 sin-

171 2727 277 2784 gulis
311 2727 489 2782 casibus,
524 2729 565 2782 a)
597 2727 792 2784 beneficia
828 2730 992 2784 proprie
1026 2728 1136 2771 dicta
1161 2727 1269 2783 (can.
1292 2727 1438 2784 1909),
1462 2727 1531 2770 sed
1563 2726 1797 2776 manualia,

291 2883 300 2904 ¹
329 2883 375 2916 D.
414 2882 488 2916 «de
517 2882 724 2916 verborum
750 2880 1094 2925 significatione»,
1124 2881 1147 2914 1,
1178 2881 1228 2917 ΙΙ.
1256 2902 1299 2905 -
1325 2880 1339 2902 ‘²
1369 2884 1382 2913 1
1412 2880 1507 2913 Iun-²
1526 2879 1629 2919 1569,
1649 2882 1668 2920 ἓ
1693 2879 1726 2913 8.
