1965 3240
173 155 242 189 584
369 153 452 187 Lm.
478 151 549 186 III.
577 171 588 177 -
616 151 725 184 PARS
751 150 816 184 VI.
843 169 856 175 -
881 149 938 184 De
963 148 1073 183 bonis
1099 147 1291 182 Ecclesiae
1317 146 1596 190 temporalibus

178 273 240 317 vel
276 271 460 328 pluribus
482 267 716 315 Ordinariis
747 281 1003 323 concessum,
1037 268 1096 310 sic
1132 269 1193 309 est
1225 263 1553 321 intelligendum,
1578 263 1685 321 quod
1710 277 1793 307 non

172 341 442 402 protenditur
474 340 514 398 a)
547 354 620 384 nec
657 338 712 382 ad
744 338 856 383 alias
887 338 1059 391 Missas,
1092 338 1182 380 sive
1214 334 1548 381 manualessive
1581 335 1631 379 ad
1665 336 1796 379 instar

177 411 444 463 manualium,
478 411 544 466 (ex
585 407 818 465 contractu)
840 408 921 452 alio
945 406 1141 465 quolibet,
1171 407 1261 449 sive
1284 404 1374 462 (do)
1393 404 1515 449 brevi
1539 417 1665 448 manu
1688 403 1794 448 elee-

177 494 391 539 mosynam
425 481 487 538 (ut
518 478 719 536 applices)
746 478 931 533 Missam,
955 480 1043 521 sive
1075 476 1210 532 legato
1243 489 1339 519 cum
1367 488 1492 519 onere
1515 479 1560 518 ut
1581 476 1706 518 facias
1728 487 1794 518 ce-

178 553 339 597 lebrare
372 557 430 595 tot
463 550 603 594 Missas
636 563 707 606 pro
742 549 809 592 tali
843 551 1070 592 intentione
1103 549 1228 590 etiam
1260 549 1300 589 in
1336 550 1597 603 perpetuum,
1621 544 1795 600 debiam,

177 624 221 681 b)
255 636 329 666 nec
360 622 415 666 ad
447 621 537 665 alia
570 634 699 665 onera
741 620 826 664 sola
871 620 936 663 vel
970 632 1065 663 cum
1108 616 1325 661 Missarum
1359 615 1638 660 celebratione
1671 618 1710 659 in
1743 619 1800 659 ta-

181 694 286 739 bulis
315 693 414 752 piae
445 691 666 736 cuiuslibet
695 690 963 749 fundationis
996 691 1200 745 imposita.
1233 687 1464 744 Eapropter
1495 688 1534 748 S.
1553 686 1676 732 Conc.
1700 685 1802 731 Con-

179 765 393 811 sistorialis
426 764 552 807 edens
589 779 611 803 «
632 761 841 806 Circolare
865 763 900 804 ai
927 760 1047 804 Rdmi
1071 754 1266 804 Or‘dinari
1300 757 1460 802 d'ltalia
1477 773 1500 799 »
1527 758 1594 802 die
1619 757 1671 801 29
1695 756 1799 801 lunii

181 836 309 887 1919,
343 839 641 892 praeterquam
668 834 706 875 in
740 846 837 875 num
873 832 911 886 2,
946 832 1149 874 concessit
1178 829 1416 873 facultatem
1449 826 1684 874 Ordinariis
1715 829 1805 885 qui-

181 905 359 951 buslibet
392 907 430 947 in
470 905 580 947 dicto
612 904 820 946 territorio
853 902 903 946 ad
939 901 1222 945 reducendum
1256 899 1474 943 Missarum
1506 912 1727 942 numerum
1751 911 1801 942 ex

181 977 328 1033 legatis
361 975 426 1018 vel
462 977 538 1030 piis
571 972 895 1027 fundationibus,
927 976 966 1015 et
997 971 1174 1015 similem
1210 970 1445 1014 facultatem
1480 969 1668 1013 attribuit
1699 968 1804 1013 loco-

182 1060 274 1090 rum
308 1043 542 1090 Ordinariis
574 1047 682 1088 circa
727 1043 881 1100 Missas,
914 1056 1016 1101 quas
1060 1045 1099 1086 in
1132 1041 1254 1087 Curia
1300 1041 1362 1085 vel
1397 1041 1507 1098 apud
1540 1054 1584 1084 se
1617 1044 1807 1096 receptas

183 1117 399 1161 haberent.

302 1186 475 1230 Demum
511 1187 721 1243 praedicto
769 1185 916 1229 Curiae
947 1184 1064 1246 ‘stylo
1097 1185 1321 1228 conformis
1353 1188 1414 1226 est
1454 1182 1482 1240 ξ
1512 1184 1556 1226 3.
1591 1180 1806 1225 Indultum

183 1271 279 1301 vero
298 1257 508 1315 qenerale,
529 1264 730 1315 quatenus
754 1256 910 1300 indulto
933 1255 1100 1312 speciali
1125 1254 1260 1312 quoad
1281 1267 1402 1298 unam
1428 1254 1710 1297 fundationem
1735 1265 1828 1308 op-v

185 1330 363 1386 ponitur,
387 1330 475 1371 sive
504 1327 775 1384 «generale»
802 1330 854 1371 sit
873 1329 1030 1370 ratione
1048 1325 1380 1379 indultariorum‚
1400 1322 1490 1368 sive
1513 1322 1693 1380 speciale
1711 1334 1808 1377 qua·

184 1403 304 1442 tenus
328 1400 394 1441 uni
419 1395 642 1443 Ordinario
665 1398 874 1453 collatum,
897 1395 1126 1440 reducendi
1148 1409 1278 1439 onera
1296 1409 1375 1439 non
1401 1395 1614 1451 designata
1636 1393 1809 1451 piarum

185 1468 484 1528 fundationum
517 1469 579 1511 ita
611 1468 932 1526 1'ntelli9endmn
961 1473 1021 1510 est
1055 1459 1168 1510 iuxta
1191 1466 1309 1510 Sedis
1342 1465 1604 1522 Apostolicae
1628 1468 1809 1507 mentem

188 1540 254 1588 hic
287 1552 539 1596 expressam,
563 1552 610 1583 ac
645 1539 816 1596 proinde
849 1538 934 1582 nisi
967 1537 1087 1581 aliud
1119 1542 1277 1582 constet
1313 1550 1349 1580 v.
1381 1550 1441 1593 gr.
1475 1549 1524 1579 ex
1561 1533 1706 1578 indulti
1740 1546 1808 1590 ge-

188 1610 338 1654 neralis
381 1615 536 1665 tenore,
571 1615 692 1667 prout
735 1612 1013 1667 praesumitur
1060 1621 1225 1666 quoque
1269 1621 1318 1651 ex
1355 1605 1546 1664 precibus
1579 1604 1724 1648 indulti
1758 1603 1810 1647 ad

189 1681 471 1725 reductionem
507 1683 628 1725 unius
667 1686 824 1724 tantum
867 1680 1132 1730 fundationis,
1167 1684 1211 1722 ut
1254 1677 1518 1722 indulcarius
1546 1675 1688 1734 potius
1721 1673 1812 1718 alia

189 1765 333 1806 onera,
367 1752 579 1808 designata
623 1754 662 1794 in
706 1764 795 1796 can.
831 1751 958 1804 1544,
991 1753 1015 1805 ἓ
1062 1751 1098 1803 1,
1131 1763 1256 1807 quam
1301 1747 1458 1792 Missas
1501 1750 1539 1790 in
1574 1747 1814 1790 fundatione
1865 1800 1867 1802 q

193 1825 467 1879 praescriptas
498 1821 685 1865 reducat.

193 1974 385 2009 Expmon*
411 1984 534 2010 HUIUS
560 1975 644 2009 LIB.
667 1975 726 2008 III
745 1974 1078 2009 COMMENTAmUM
1104 1972 1267 2007 TEXTUS
1293 1982 1364 2006 Dm
1386 1972 1432 2005 29
1450 1972 1690 2006 Dmcmmssms
1710 1969 1814 2003 1921.

730 2240 880 2286 GLofflA
917 2255 953 2284 lN
992 2255 1171 2285 excuiffls
1203 2240 1288 2284 Duo

412 2328 455 2357 ET
489 2330 510 2357 A
546 2314 631 2357 lesu
669 2314 798 2357 Parni:
831 2326 969 2355 rurum
1001 2326 1162 2356 siccum
1197 2326 1240 2355 ET
1274 2325 1381 2355 meis
1414 2311 1600 2354 PmNcwE

811 2397 868 2427 srr
901 2397 940 2426 ix
973 2397 1097 2426 'ruam
1134 2396 1208 2426 PAX

678 2467 898 2497 uouiNissus
925 2467 1054 2496 nomn
1090 2465 1347 2496 votuum'ris.
