1965 3240
659 154 769 188 PARS
795 153 867 188 III.
896 173 908 180 -
937 153 992 187 De
1016 154 1127 188 cultu
1159 155 1292 188 (licina
1721 155 1788 189 149

277 272 440 319 Archiep.
472 270 682 307 Bukarcst1.

281 330 368 372 «Sc,
396 330 495 366 attesi
524 328 721 375 gravissimi
751 328 1028 369 inconvenienti,
1055 328 1081 363 si
1112 340 1192 374 posa
1220 329 1436 365 lecitamente
1462 332 1643 366 accordare
1661 332 1691 366 ai
1715 343 1788 377 pro-

158 390 298 427 testanti
327 389 419 425 nella
445 389 621 434 sepoltura
646 388 700 424 dei
730 388 799 423 loro
826 387 960 423 detunti
990 387 1378 434 l’accompagnamento
1403 390 1455 424 del
1483 391 1658 426 sacerdote
1684 396 1788 426 catto-

159 450 234 486 lico.
266 448 302 485 R.
331 447 508 494 Negaffive,
537 452 571 483 et
595 447 637 483 ad
679 452 890 487 mentem,...
932 448 1072 492 quando
1112 446 1131 480 l‘
1152 447 1346 482 intervenio
1383 449 1471 492 ‹lc-gli
1510 450 1785 485 e‹·‹·tesiastici....

158 508 282 544 rivcste
310 507 342 541 in
371 505 519 552 qualche
547 505 648 541 modo
675 505 682 540 i
711 505 870 541 caratteri
900 505 933 539 di
953 505 1073 540 azione
1091 516 1189 540 sacra
1193 532 1319 540 ........
1338 507 1441 541 Art-b.
1467 506 1589 542 l‘ienn.
1612 509 1654 541 311
1675 507 1786 543 Martii

159 565 291 603 1859...
322 580 336 598 α
355 565 568 607 Parochum‚-
589 564 636 600 uti
666 565 870 611 parochum,
901 564 1082 599 funeribus
1107 564 1377 600 acatholicorum
1405 566 1524 601 adesse
1559 578 1626 601 non
1665 578 1785 612 posse:

156 625 184 660 si
213 635 292 661 vero
317 628 455 660 tantum
482 623 631 659 civiliter
656 623 806 665 assistat,
833 623 966 668 absque
993 623 1145 658 vestibus
1183 623 1292 658 sacris
1317 629 1349 659 et
1375 624 1505 670 absque
1540 626 1607 660 ulla
1634 637 1787 661 commu-

157 683 332 719 nicatione
358 683 393 718 in
422 682 489 718 ritu
516 693 615 717 sacro
641 693 719 717 cum
750 681 945 723 haereticis,
975 681 1110 717 tolerari
1141 693 1251 727 posse,
1280 683 1468 719 dummodo
1496 685 1625 719 notorie
1655 690 1787 719 constet

155 743 197 779 de
224 742 362 778 vinculo
388 741 607 787 cognationis
632 741 705 776 sive
722 740 899 776 amicitiae
918 741 1007 776 inter
1027 741 1214 786 paroclium
1234 746 1266 777 et
1284 741 1485 777 defunctum
1505 743 1734 778 acatholicum
1753 758 1784 778 ι).

276 799 348 836 vic.
378 801 445 846 Ap.
471 799 679 841 Columben‚
708 798 838 845 Ceylan
854 800 880 835 2.

277 858 444 894 «Fideles
469 857 683 894 admonendi
711 862 794 892 sunt
821 868 864 893 ne
892 857 926 892 in
953 857 1160 893 cadaverum
1190 858 1392 894 humatione
1420 870 1489 894 una
1506 871 1584 894 cum
1606 860 1786 895 haereticis

153 929 194 954 ac
219 918 453 954 schismaticis
480 928 543 953 nec
571 927 688 963 preces
713 916 910 958 effundant,
939 927 1001 952 nec
1028 917 1154 952 terram
1182 917 1329 963 desuper
1354 917 1521 953 cadavera
1550 919 1582 952 in
1606 919 1695 953 fossa
1717 919 1785 954 iam

156 977 265 1024 posita
294 976 463 1017 inficiant,
493 976 524 1011 id
552 975 643 1022 quod
670 986 710 1012 eo
737 975 787 1011 vel
817 975 968 1010 maxime
995 975 1266 1021 improbandum
1294 981 1344 1011 est
1372 976 1406 1010 in
1433 976 1614 1012 clericis».

274 1035 437 1082 Archiep.
463 1033 593 1082 Smyrn
608 1036 634 1069 ³.

275 1108 290 1127 (ι
311 1093 345 1130 8.
375 1094 386 1129 1
412 1093 502 1139 greci
531 1093 687 1139 sogliono
716 1094 768 1128 nei
798 1093 870 1129 loro
897 1093 1045 1129 funerali
1073 1094 1317 1140 dispensare...
1346 1094 1399 1130 del
1434 1106 1543 1140 grano
1568 1106 1585 1131 e
1611 1095 1665 1131 del
1698 1107 1787 1142 pane

153 1154 247 1190 detto
273 1153 403 1196 coliva;
433 1164 451 1189 e
477 1153 530 1188 chi
561 1152 592 1188 lo
618 1152 730 1188 riceve
755 1152 870 1188 debba
895 1152 1110 1198 rispondere‚
1138 1153 1353 1189 intendendo
1388 1154 1442 1190 del
1480 1154 1641 1190 defunto:
1680 1155 1706 1190 il
1735 1155 1786 1190 Si-

150 1224 251 1259 qnore
278 1212 309 1247 lo
332 1210 491 1259 perdoni;
521 1211 539 1246 e
567 1222 741 1258 permesso
767 1211 798 1246 ai
827 1211 975 1246 cattolici
1003 1211 1036 1246 di
1065 1211 1257 1247 riceverlo‘?
1285 1214 1388 1255 (.....).
1414 1233 1446 1238 —
1485 1213 1534 1247 Ad
1563 1212 1582 1247 8
1611 1219 1711 1259 prout
1728 1225 1784 1249 ex-

153 1271 294 1317 ponitur
321 1281 391 1306 non
419 1269 569 1306 licere».

270 1326 310 1364 Ιη
337 1329 444 1365 sacris
469 1328 707 1364 catholicorum
733 1328 1027 1371 communicandis,
1054 1341 1218 1376 quaenam
1243 1329 1310 1365 sinc
1336 1330 1435 1365 vetica
1461 1342 1537 1376 crya
1556 1330 1735 1366 haereticos
1754 1338 1783 1367 ee

149 1387 390 1424 schismaticos.
422 1387 453 1423 l.
486 1387 604 1431 Quoad
628 1387 817 1435 functiones
846 1399 978 1424 sacras.

270 1447 455 1483 instructio
481 1445 502 1482 8
530 1446 603 1483 lun.
636 1445 722 1482 1859
737 1448 763 1482 ⁴.

349 1505 481 1543 «Unde
506 1505 542 1542 S.
571 1505 666 1542 loan.
698 1505 756 1542 Ev.
785 1506 835 1541 sic
861 1517 977 1542 severe
1005 1506 1190 1552 praecipit:
1217 1506 1251 1541 Si
1280 1506 1358 1553 quis
1385 1508 1479 1543 venit
1496 1508 1537 1543 ad
1559 1519 1616 1543 vos
1639 1513 1671 1543 et
1692 1508 1781 1543 hanc

150 1566 348 1602 doctrinam
376 1576 446 1602 non
472 1566 583 1608 affert,
610 1565 717 1601 nolite
743 1565 895 1612 recipere
921 1577 1001 1601 eum
1029 1565 1064 1600 in
1090 1566 1243 1606 domum,
1273 1577 1335 1602 nec
1361 1577 1423 1602 ave
1449 1566 1604 1602 dixeritis
1637 1567 1681 1608 ei,
1722 1567 1779 1613 qui

149 1625 244 1662 enim
271 1625 356 1661 dicit
382 1625 431 1660 illi
458 1636 521 1661 ave
546 1625 785 1661 communicat
810 1625 974 1671 operibus
1000 1627 1075 1661 eius
1102 1625 1281 1670 malignis.
1311 1625 1420 1670 (ioan.
1450 1625 1549 1669 210)
1589 1626 1781 1662 Evidentis-

148 1685 236 1720 sime
261 1695 301 1721 ex
328 1684 383 1720 his
422 1684 536 1720 verbis
574 1683 788 1731 prohibitum
829 1684 870 1719 iri
909 1684 1058 1720 infertur
1096 1684 1265 1730 quidquid
1294 1684 1491 1722 huiusmodi
1531 1696 1593 1721 ave
1619 1686 1782 1731 exprimit

150 1748 250 1790 prout
267 1748 350 1779 sunt
363 1743 519 1779 actiones
546 1743 726 1789 liturgicae
752 1754 841 1789 quae
867 1743 910 1778 ad
929 1743 1200 1778 ecclesiasticam
1233 1743 1402 1779 unitatem
1434 1744 1702 1789 significandam
1731 1745 1783 1779 in-

147 1802 288 1839 stitutae
314 1802 421 1838 fuere.
448 1800 706 1849 Quaproptera
725 1801 790 1837 ΒΡ.
819 1801 967 1838 Concilii
997 1800 1267 1847 Catbaginensis
1292 1802 1465 1838 sancitum
1494 1803 1661 1848 legimus:
1702 1814 1781 1838 cum

149 1861 330 1898 haereticis
357 1872 420 1897 nec
445 1861 618 1897 arandum
647 1872 709 1897 nec
737 1861 970 1907 psallendum,
1002 1866 1101 1907 prout
1127 1861 1231 1897 refert
1256 1860 1384 1897 Bened.
1406 1860 1521 1896 Xan
1550 1861 1710 1897 illicitum
1730 1867 1781 1898 est

147 1931 228 1966 ergo
255 1920 289 1955 in
317 1920 423 1957 sacris
451 1920 692 1957 functionibus
719 1920 911 1956 haereticos
938 1920 973 1955 in
1000 1920 1144 1955 chorum
1173 1920 1333 1962 invitare,
1358 1920 1503 1956 alternis
1523 1921 1680 1966 psallere,
1699 1921 1780 1957 dare

148 1978 190 2014 iis
218 1990 350 2026 pacem,
377 1990 493 2015 sacros
519 1979 667 2023 cineres,
695 1979 860 2015 candelas
886 1984 919 2015 et
947 1979 1081 2025 palmas
1107 1979 1316 2020 benedictas
1344 1979 1481 2025 aliaque
1517 1979 1548 2014 id
1587 1990 1698 2024 genus
1723 1991 1779 2016 ex-

146 2038 235 2075 terni
262 2038 388 2081 cultus,
414 2049 502 2085 quae
530 2039 706 2075 interioris
733 2038 861 2074 vinculi
890 2049 929 2074 ac
955 2038 1196 2074 consensionis
1236 2038 1365 2074 indicia
1399 2039 1472 2073 iure
1511 2039 1702 2085 meritoque
1727 2050 1779 2075 ex-

147 2097 362 2143 istimantur,
391 2102 462 2134 tam
490 2098 526 2133 in
552 2109 659 2134 sensu
684 2098 810 2140 activo,
840 2098 1008 2133 nimirum
1036 2098 1167 2132 similia
1191 2097 1240 2134 eis
1266 2097 1392 2139 dando,
1430 2109 1534 2143 quam
1576 2098 1709 2144 passivo
1735 2098 1778 2133 ab

147 2157 189 2192 iis
215 2159 251 2192 in
276 2168 396 2193 eorum
422 2157 530 2194 sacris
555 2158 770 2205 accipiendo.
799 2157 889 2193 ldem
918 2157 1012 2193 enim
1040 2157 1075 2191 in
1104 2162 1249 2203 utraque
1268 2157 1448 2203 hypothesi
1467 2161 1555 2192 esset
1572 2168 1611 2192 ac
1629 2168 1692 2193 ave
1710 2157 1778 2191 illis

146 2216 273 2259 dicere,
300 2228 490 2264 eorumque
517 2217 681 2264 operibus
709 2217 877 2262 malignis
899 2217 1205 2253 communicare».

265 2275 358 2312 Miss.
387 2275 514 2313 Terrae
539 2275 690 2313 Sanctae
702 2278 728 2312 ὓ.

267 2348 283 2367 «
303 2334 348 2371 Se
372 2335 424 2371 sia
449 2335 550 2371 lecito
577 2346 719 2381 porgere
746 2340 837 2371 torce
863 2346 882 2371 o
901 2335 985 2370 lumi
1005 2335 1113 2371 accesi
1133 2346 1153 2370 a
1171 2334 1400 2381 qualsivoglia
1420 2345 1565 2380 persona
1582 2335 1778 2370 eterodossa

145 2395 208 2430 che
232 2394 301 2430 ami
328 2395 491 2431 assistere
515 2394 583 2431 alle
610 2399 728 2431 nostre
753 2394 924 2430 funzioni.
955 2415 997 2420 —
1026 2394 1063 2430 R.
1092 2395 1134 2430 ad
1167 2393 1196 2428 1.
1225 2393 1388 2439 Negative
1414 2398 1445 2428 et
1472 2394 1514 2428 ad
1537 2398 1702 2428 mentem.
1734 2392 1778 2428 La

144 2456 262 2490 'mente
287 2453 305 2490 e
330 2453 393 2490 che
419 2464 464 2494 se,
491 2457 600 2490 attese
627 2453 657 2489 le
686 2453 881 2500 particolari
909 2453 1135 2495 circostanze,
1163 2464 1232 2487 non
1273 2463 1418 2498 possono
1448 2452 1632 2487 esc-ludersi
1661 2452 1703 2486 da
1731 2451 1776 2486 tal

144 2512 337 2549 cerimonia
363 2513 394 2549 le
419 2512 493 2549 sole
520 2523 666 2559 persone
691 2512 900 2557 eterodosse,
929 2523 964 2547 se
991 2512 1220 2548 n’escludano
1246 2511 1404 2547 eziandio
1433 2512 1440 2545 i
1470 2511 1544 2546 laici
1573 2510 1720 2546 cattolici
1743 2525 1774 2544 υ.

262 2572 424 2618 Archiep.
451 2570 583 2619 Smyrn
598 2573 624 2607 ⁷.

267 2630 331 2666 «2.
361 2624 396 2667 Si
426 2641 573 2677 possono
599 2630 645 2676 gli
673 2630 789 2667 eretici
818 2631 870 2666 sar
896 2635 1038 2666 cantare
1067 2630 1155 2666 nelle
1183 2635 1298 2665 nostre
1323 2630 1436 2665 chiese
1467 2629 1506 2664 cd
1546 2628 1706 2664 assistere
1730 2627 1776 2663 al-

146 2689 281 2727 l'altare
309 2700 368 2736 per
393 2689 521 2725 servire
549 2689 581 2725 la
608 2688 752 2725 messa?
780 2710 824 2715 -—
851 2690 902 2725 Ad
930 2689 958 2725 2.
988 2689 1040 2725 Ad
1068 2694 1250 2734 utramque
1279 2693 1429 2735 partem:
1458 2687 1667 2732 Negative».

264 2809 274 2830 ¹
301 2808 324 2843 8
349 2807 443 2842 Maii
474 2808 576 2842 1889.
604 2807 697 2841 Dec.
727 2807 817 2841 XX.
847 2827 891 2834 -
918 2808 931 2830 '2
959 2809 1002 2842 14
1030 2808 1112 2842 Ian.
1138 2807 1238 2842 1874.
1257 2807 1349 2840 Dec.
1371 2805 1518 2839 XVIII.
1549 2825 1591 2830 —-
1617 2805 1631 2826 ³
1658 2804 1677 2838 ‘c‘
1696 2803 1774 2839 Iul.

146 2855 238 2890 1864
266 2857 346 2890 Dee
371 2854 477 2889 XVI.
520 2874 563 2881 —
602 2855 615 2877 ⁴
642 2854 783 2889 Monit.
811 2855 946 2890 eccles.
974 2855 1066 2889 Dec.
1107 2855 1213 2888 XIV.
1255 2875 1298 2879 —
1325 2855 1338 2873 ἴ*
1378 2854 1432 2887 De
1460 2852 1555 2897 Syn.
1585 2851 1707 2885 dioec.
1740 2862 1770 2884 c.

146 2901 192 2936 V.
220 2902 263 2936 L.
293 2902 358 2937 VI.
386 2922 428 2929 —
455 2903 470 2924 ὃ
494 2902 541 2936 20
566 2902 666 2938 Nov.
697 2902 799 2937 1850.
829 2902 920 2937 Dec.
950 2902 1041 2936 XII.
1063 2921 1107 2928 -—
1126 2903 1139 2923 “¹
1166 2903 1186 2937 ’ἲ
1216 2901 1285 2936 Iul.
1319 2901 1419 2934 1864.
1450 2900 1541 2933 Dec.
1571 2898 1676 2932 XVl.
