1965 3240
148 74 217 108 486
279 73 365 106 Lus.
395 71 465 105 ΙΙΙ.
496 91 506 96 -
537 71 647 105 PARS
672 70 717 105 V.
744 91 756 96 -
782 71 839 105 De
864 69 986 113 benef.
1014 73 1049 104 et
1074 71 1201 104 instit.
1229 70 1355 103 eccles.
1381 78 1462 103 non
1487 54 1638 113 colley.>

150 194 310 244 narius;
345 195 385 234 et
416 191 536 234 aliter
570 191 703 234 factae
736 189 1002 234 liberationes
1024 189 1145 233 dictis
1165 186 1571 231 administratoribus
1605 189 1774 231 minime

147 262 427 318 suffragentur
448 278 487 304 ».

265 332 381 376 Hanc
415 324 677 389 disciplinam
708 334 946 393 invenimus
979 335 1180 375 retentam
1215 332 1254 373 in
1288 329 1451 375 Codice.
1480 331 1509 389 ξ
1531 334 1566 374 1.
1589 330 1775 375 Etiamsi

146 404 185 460 a)
217 403 482 462 fundatione,
519 403 559 459 b)
589 403 928 461 praescriptione
959 401 1201 446 translativa
1237 404 1337 445 iuris
1374 405 1596 459 sequentis,
1629 406 1668 457 c)
1700 407 1775 446 aut

142 474 369 533 privileqio
404 474 650 532 apostolico,
684 474 834 532 quibus
878 474 1011 517 modis
1053 477 1184 530 potest
1229 475 1332 527 iure,
1359 473 1480 531 pium
1513 473 1564 517 ob
1600 487 1772 530 scopum

149 545 407 602 «religionis
452 545 515 588 vel
561 547 745 589 caritatis
767 540 788 586 >5
826 546 935 600 (can.
974 545 1099 593 1489,
1133 546 1158 598 ἓ
1193 543 1235 601 1)
1269 543 1512 586 institutum
1544 558 1569 587 a
1602 544 1775 588 iurisdi-

144 616 280 660 etione
323 618 405 659 imo
448 622 487 659 et
530 616 775 659 visitatione
811 615 1037 659 Ordinarii
1084 615 1165 658 loci
1211 619 1355 658 contra
1402 627 1491 658 can.
1529 615 1655 669 1491,
1687 616 1715 675 ἓ
1749 617 1764 658 1

144 692 379 744 exemptum
400 686 546 744 fuerit,
571 687 638 730 ius
663 692 800 730 tamen
828 685 1061 730 Ordinario
1084 691 1145 728 est
1168 688 1291 729 etiam
1316 686 1451 743 quoad
1480 701 1501 727 <(
1525 688 1636 743 pium
1659 689 1770 730 insti-

144 763 277 801 tutum
311 759 451 802 domui
488 758 667 815 regulari
691 758 974 802 concreditum
1001 774 1039 813 n,
1064 756 1344 800 redditionem
1377 757 1591 801 rationum
1623 771 1772 815 expen-

142 842 281 872 sarum
317 834 357 873 et
390 835 653 886 receptorum
686 829 883 886 eoeiyendi
915 829 964 872 ad
1000 842 1207 872 summum
1249 844 1268 869 ‹<
1292 828 1466 885 siugulis
1498 831 1677 885 annis»,
1709 843 1770 872 re—

138 900 318 958 probata
338 901 560 945 contraria
579 901 892 956 consuetudine,
911 914 1017 958 quae
1041 905 1288 956 «tamquam
1309 903 1410 944 iuris
1432 901 1667 958 corruptela
1685 915 1772 945 cor-

141 974 314 1028 rigatur,
334 972 429 1015 licet
459 974 511 1014 sit
535 971 891 1026 immemorabilis,
916 984 1021 1014 neve
1044 973 1203 1014 sinatur
1242 973 1279 1013 in
1305 975 1513 1027 posterum
1550 974 1772 1015 revivisce-

140 1055 183 1086 re
206 1058 228 1082 »
252 1042 359 1099 (cau.
383 1043 436 1094 ὃ).
459 1042 538 1086 Sed
566 1042 831 1099 privilegium
852 1042 1052 1086 adversus
1070 1042 1179 1086 hunc
1199 1042 1519 1099 paragraphum,
1543 1043 1769 1086 dummodo

137 1115 189 1156 sit
223 1118 311 1170 post
335 1112 458 1158 Cone.
483 1112 771 1157 Tridentinum
800 1129 820 1154 ((
844 1113 895 1156 ab
929 1113 1165 1170 Apostolica
1199 1113 1304 1157 Sede
1337 1126 1593 1169 concessum,
1619 1116 1657 1157 in
1692 1128 1767 1158 usu

141 1183 292 1239 adhuc,
328 1198 403 1228 uec
439 1188 744 1240 revocatum»,
780 1187 986 1240 integrum
1023 1189 1173 1228 manet.
1209 1183 1323 1240 (Can.
1360 1186 1418 1240 4).

258 1254 430 1299 Relictis
466 1255 790 1307 fundationibus,
825 1260 945 1312 prout
969 1256 1134 1298 luerunt
1156 1260 1250 1299 ante
1273 1254 1467 1300 Codicem
1492 1256 1625 1314 quoad
1651 1269 1766 1314 prae-

140 1325 293 1369 cedens
326 1328 645 1382 praescriptum,
677 1329 732 1369 ait
764 1326 792 1384 ξ
822 1328 866 1369 2.
902 1327 946 1369 Si
978 1325 1186 1384 fzcndator
1217 1340 1289 1369 seu
1323 1329 1488 1383 erigens
1511 1330 1623 1384 pium
1659 1330 1766 1372 insti-

138 1400 273 1439 tutum
309 1396 408 1440 uelit
442 1397 816 1441 administratores
848 1397 971 1441 huius
1003 1411 1085 1441 non
1121 1398 1256 1440 teneri
1288 1411 1338 1441 ex
1377 1397 1528 1442 tabulis
1559 1399 1767 1443 rationem

136 1468 283 1524 supple
312 1483 332 1508 «
358 1468 728 1512 administrationis
751 1484 771 1510 ›)
804 1467 1038 1512 Ordinorio
1062 1468 1143 1512 loci
1165 1467 1354 1520 reddere,
1378 1471 1476 1527 quin
1501 1469 1634 1514 obstet
1656 1471 1765 1529 quod

138 1538 230 1582 aliis
263 1539 422 1583 deserat
456 1542 518 1583 ius
553 1544 732 1583 rationes
764 1541 974 1597 exigendi,
1008 1541 1235 1584 dummodo
1269 1541 1336 1583 ille
1381 1554 1460 1584 non
1504 1542 1763 1596 excludatur,

135 1608 336 1668 funa'atio
371 1625 423 1654 ne
456 1616 706 1668 acceptetur,
742 1611 851 1668 quod
887 1625 1054 1655 necesse
1077 1617 1137 1655 est
1162 1617 1204 1655 ut
1228 1614 1456 1656 institutum
1491 1615 1543 1657 sit
1575 1614 1766 1658 ecclesia-

135 1683 299 1726 sticum.
336 1680 458 1725 Deest
491 1686 626 1725 tamen
661 1681 846 1725 clausula
870 1684 1036 1727 irritans
1058 1685 1384 1739 acceptationem
1422 1684 1685 1740 prohibitam.

259 1752 356 1795 402.
393 1755 665 1810 vigilantia
714 1755 999 1800 adhibenda
1046 1755 1093 1798 in
1141 1757 1409 1811 praedictis
1456 1755 1677 1800 exhibetur
1725 1759 1762 1801 in

135 1836 226 1865 can.
264 1824 404 1878 1493,
437 1826 508 1881 qui
543 1823 724 1867 breviori
758 1827 961 1868 sententia
993 1827 1176 1868 continet
1219 1830 1388 1869 extensa
1430 1826 1597 1871 decreta
1639 1826 1761 1872 Conc.

137 1892 263 1937 Trid.i
300 1895 350 1938 de
384 1894 461 1938 hac
496 1908 553 1950 re,
593 1899 717 1953 atque
759 1893 1061 1939 Clementiuam
1102 1894 1253 1948 «Quia
1286 1899 1530 1954 contingit»
1570 1897 1652 1956 (ΠΙ,
1690 1898 1762 1956 11)

136 1963 291 2007 ibidem
326 1967 508 2010 citatam.
548 1964 809 2009 Ordinarius
841 1965 922 2008 loci
954 1965 1157 2023 adviyilet
1191 1969 1230 2010 in
1265 1969 1500 2012 visitatione
1537 1973 1607 2012 aut
1640 1971 1760 2013 ratio-

136 2048 234 2078 num
271 2036 516 2091 redditione,
550 2042 590 2080 et
622 2050 714 2080 cum
751 2036 897 2080 effectu
933 2039 1091 2081 ratione
1124 2038 1247 2082 officii
1283 2039 1482 2095 urgendo,
1517 2045 1562 2082 ut
1590 2040 1690 2098 piae
1721 2041 1763 2098 fi-

135 2105 293 2149 delium
341 2107 580 2150 voluntates
613 2108 657 2151 in
691 2106 838 2151 horum
870 2108 1162 2166 institutorum
1204 2112 1364 2166 piorum
1403 2110 1657 2169 fundatione
1687 2125 1759 2156 seu

137 2178 266 2233 ipsius
298 2177 449 2221 tabulis
483 2192 724 2236 eapressae,
754 2178 877 2236 plene
908 2185 1128 2222 serventur
1165 2180 1216 2224 ab
1260 2180 1334 2235 his,
1369 2183 1438 2238 qui
1472 2183 1521 2225 ad
1558 2182 1634 2226 hoc
1666 2189 1761 2226 sunt

135 2250 356 2304 praepositi
390 2251 461 2294 eis,

255 2319 354 2363 403.
393 2321 704 2377 suppressio,
741 2323 855 2368 unio
893 2336 952 2368 ac
989 2326 1197 2370 mutatio
1235 2326 1566 2371 institutorum
1604 2328 1759 2373 huius-

137 2391 267 2434 modi
299 2391 358 2432 sic
393 2390 664 2446 prohibentur
696 2404 770 2448 per
802 2395 1051 2436 ean.1494.
1086 2393 1185 2442 Sine
1206 2394 1328 2437 venia
1351 2394 1472 2438 Sedis
1493 2396 1760 2451 Apostolieae

134 2458 184 2502 ad
220 2472 407 2503 normam
441 2473 531 2504 can.
566 2462 606 2516 7,
643 2461 858 2505 videlicet:
894 2463 932 2506 S.
957 2464 1300 2521 Congregationis
1321 2464 1492 2509 Concilii
1520 2466 1583 2510 vel
1607 2467 1657 2511 (le
1679 2467 1756 2511 Re-

132 2528 290 2585 ligiosis
325 2545 398 2588 pro
432 2544 602 2575 casuum
637 2532 894 2588 diversitate,
928 2539 1052 2592 atque
1086 2540 1243 2579 mutato
1287 2538 1375 2580 iure
1419 2538 1682 2593 praecedenti
1717 2543 1758 2582 ut

132 2602 293 2644 cautius
327 2603 591 2658 procedatur,
627 2602 728 2646 ltaee
751 2603 949 2647 instituta
975 2608 1038 2661 pia
1062 2606 1273 2663 quaelibet
1305 2607 1346 2664 a)
1378 2607 1588 2665 supprimi
1620 2609 1755 2666 quoad

136 2670 485 2727 personalitatem,
517 2675 623 2717 sicut
658 2676 695 2716 in
729 2686 817 2730 cap.
856 2674 878 2717 4
919 2690 939 2715 c(
965 2675 1016 2718 de
1042 2675 1245 2732 religiosis
1267 2676 1475 2730 domibus,
1499 2682 1542 2721 ut
1563 2681 1755 2736 episcopo

131 2742 211 2783 sint
241 2740 425 2786 subiecta
450 2759 469 2784 ))
510 2743 594 2801 (lll,
634 2743 708 2800 36)
751 2749 918 2787 cautum
957 2750 1059 2797 erat,
1098 2749 1172 2789 «si
1218 2746 1331 2791 locus
1373 2748 1423 2791 ad
1468 2748 1755 2805 hospitalitatis

133 2823 266 2865 usum,
291 2817 330 2855 et
366 2826 593 2870 pauperum
620 2816 898 2870 provisionem
924 2815 1044 2858 suerit
1078 2816 1203 2874 (sicut
1237 2820 1362 2861 moris
1395 2820 1473 2875 est)
1510 2821 1754 2863 auctoritate

837 269 858 282 C
