1965 3240
487 159 569 193 Tm
596 157 722 192 XXV.
752 178 764 183 -
790 158 846 192 De
871 158 1063 202 beneficiis
1088 159 1353 192 ecclesiasticis

1663 160 1735 194 393

112 284 148 319 tit
173 282 346 328 religiosa,
374 286 407 318 et
433 280 598 327 Superior
632 286 741 328 potest
773 291 884 317 sacer-

110 331 222 367 dotem
249 341 267 366 e
293 341 355 365 sua
381 329 547 374 religione
572 329 615 364 ad
653 340 772 364 euram
810 328 886 364 ani-

111 389 246 413 marum
272 377 500 413 exercendam
529 376 723 412 nominare.
744 376 802 412 sed
821 373 886 411 Or·

108 425 235 461 dinarii
265 423 326 460 loci
354 428 405 459 est
431 424 580 459 eundem
611 423 754 468 piobarc
780 427 813 458 et
833 423 884 457 in-

110 473 261 512 stituere,
307 471 451 517 eiusque
489 470 734 511 iurisdictioni,
778 481 885 505 corre·

108 519 212 572 ctiouni
240 524 273 555 et
300 518 487 553 visitationi
517 518 594 564 ipsev
615 518 756 553 subesse
783 517 884 553 debet

109 568 146 602 in
174 566 215 601 iis
240 565 344 602 rebus
370 576 457 611 quae
483 565 526 600 ad
545 576 663 600 curam
683 565 883 602 animarum

110 613 298 670 pertinent,
326 613 368 648 ad
397 623 558 647 normam
585 623 663 647 can.
694 611 775 647 631.

155 660 240 697 CAN
276 659 374 695 1426.
406 680 422 687 -
441 659 581 706 Propter
598 660 786 695 canonicas
803 670 885 694 cau-

108 719 164 744 sas
189 708 231 744 de
256 708 384 754 quibus
410 707 446 742 in
473 705 660 742 can.14·2:
715 707 792 748 §.l
819 704 884 742 Or-

107 755 233 791 dinarii
264 759 406 801 possunt
432 765 570 800 quoque
589 754 746 789 benetieii
767 764 883 789 saecu-

108 802 190 838 laris
218 802 419 848 paroecialis
445 802 562 837 sedem
577 802 617 838 de
634 801 702 836 alio
722 802 756 836 in
775 801 883 836 alium

106 849 261 886 eiusdem
302 850 478 896 paroeciae
520 849 633 884 locum
669 849 881 890 transferre;

106 897 175 932 alia
199 902 315 932 autem
343 896 526 940 beneficia,
555 901 639 932 tunc
665 896 776 931 solum
804 906 884 931 eum

106 944 264 988 ecclesia,
292 944 328 979 in
349 955 417 990 qua
437 944 582 979 fundata
599 948 711 985 erant
733 943 885 989 collapsa

107 991 151 1026 sit
175 997 209 1027 et
234 991 419 1027 restaurari
458 995 622 1037 nequeat,
665 995 809 1037 possunt
846 990 884 1025 in

107 1039 270 1075 matrices
296 1039 347 1074 vel
373 1039 460 1074 alias
478 1038 598 1074 ecclesi
603 1050 641 1073 ἰε
660 1038 812 1073 l0‹orum
830 1048 884 1073 eo-

107 1086 255 1122 rundem
283 1097 342 1122 seu
370 1086 577 1127 vicinorum,
603 1086 739 1122 erectis.
760 1085 787 1120 si
811 1085 882 1121 fieri

106 1133 226 1180 possit,
254 1133 423 1169 altaribus
449 1133 499 1168 vel
527 1133 662 1168 sacellis
677 1133 741 1168 sub
761 1133 882 1168 iisdem

105 1181 398 1225 invocationibus,
415 1181 603 1216 transferre
621 1191 700 1215 cum
720 1180 883 1215 omnibus

105 1228 350 1264 emolumentis
376 1234 409 1264 et
433 1228 599 1264 oneribus
638 1228 741 1274 priori
776 1227 883 1263 eccle-

105 1275 176 1311 siae
201 1275 388 1311 adiunctis.

153 1322 237 1358 CAN.
258 1321 359 1358 1427.
379 1344 395 1348 -
413 1327 432 1365 ξ
450 1323 478 1357 1.
499 1322 648 1358 Possunt
662 1322 767 1358 etiam
784 1320 883 1358 Ordi-

105 1370 195 1405 narii
223 1381 262 1406 ex
291 1370 380 1406 iusta
406 1375 438 1406 et
458 1370 628 1405 canonica
647 1380 750 1405 causa
769 1380 883 1416 paroe-

105 1417 177 1452 cias
204 1418 390 1463 quaslibet,
431 1417 552 1452 invitis
591 1428 727 1463 quoque
761 1428 881 1453 earum

105 1465 296 1500 rectoribus
322 1469 355 1501 et
380 1465 456 1500 sine
482 1464 599 1510 populi
628 1475 815 1508 consensu,
835 1464 884 1499 di-

105 1511 232 1553 videre,
259 1512 424 1548 vicariam
454 1516 655 1558 perpetuam
683 1512 734 1547 vel
755 1523 881 1547 novam

105 1560 298 1605 paroeciam
325 1560 509 1605 erigentes.
539 1563 599 1594 aut
636 1570 756 1594 earum
787 1559 883 1595 terri-

105 1606 229 1642 torium
256 1607 522 1642 dismembrare.

1006 285 1025 323 §
1051 280 1085 315 2.
1115 281 1229 316 Causa
1254 282 1425 317 canonica
1451 287 1487 317 ut
1525 283 1649 319 divisio
1674 289 1734 319 aut

958 328 1222 363 dismembratio
1249 330 1424 375 paroeciae
1452 330 1522 365 tieri
1553 332 1670 376 possit,
1695 342 1734 367 ea

958 380 1095 410 tantum
1123 381 1185 416 est,
1215 376 1243 410 si
1271 381 1329 411 aut
1359 388 1482 421 magna
1511 377 1555 412 sit
1592 379 1735 414 (111116111-

958 427 1010 458 tas
1028 423 1213 458 accedendi
1228 424 1271 458 ad
1290 424 1470 459 ecclesiam
1492 426 1732 470 paroecialem,

957 475 1017 505 aut
1044 470 1153 505 nimia
1172 471 1215 505 sit
1236 472 1518 517 paroecianorum
1537 473 1733 515 multitudo,

958 528 1105 563 quorum
1136 517 1225 553 bono
1262 519 1434 564 spirituali
1471 519 1647 555 subveniri
1678 532 1732 556 ue-

959 569 1062 611 queat
1088 565 1130 600 ad
1159 576 1316 601 normam
1346 577 1424 601 can.
1454 566 1534 606 476,
1565 571 1583 609 ξ
1608 567 1636 601 1.

1006 616 1024 654 ἓ
1050 612 1083 646 3.
1111 611 1307 648 Paroeciam
1327 613 1500 651 dividens,
1522 612 1732 649 Ordinarius

957 659 1058 695 debet
1085 659 1233 695 vicariae
1262 665 1445 706 perpetuae
1469 666 1529 696 aut
1558 662 1735 707 paroeciae

958 707 1092 742 noviter
1109 711 1242 742 erectae
1259 718 1449 750 congruam
1471 709 1662 754 portionem
1685 720 1735 744 as—

957 754 1107 798 signare,
1134 759 1269 789 servato
1297 756 1507 801 praescripto
1525 767 1602 790 can.
1625 754 1733 797 15003

957 812 1058 847 quae,
1084 801 1149 835 nisi
1170 801 1312 837 aliunde
1333 802 1450 838 baberi
1471 808 1584 849 queat,
1599 803 1731 838 desumi

957 849 1057 884 debet
1083 859 1122 884 ex
1149 849 1318 884 reditibus
1343 850 1385 884 ad
1413 850 1593 886 ecclesiam
1615 851 1733 885 matri-

957 906 1031 931 cem
1058 907 1196 942 quoquo
1223 897 1324 932 modo
1351 897 1616 943 pertinentibus,
1638 898 1734 933 dum—

958 943 1059 979 modo
1085 944 1294 980 sufficientes
1317 944 1448 979 reditus
1466 945 1578 981 eidem
1599 945 1732 980 matrici

956 990 1121 1026 ecclesiae
1148 996 1366 1027 remaneant.

1004 1042 1023 1080 ἓ
1054 1036 1087 1073 4.
1117 1036 1151 1073 Si
1181 1039 1310 1074 vicaria
1349 1044 1513 1085 perpetua
1532 1044 1610 1075 ‘aut
1646 1050 1735 1074 nova

957 1086 1115 1132 paroecia
1139 1086 1276 1121 dotetur
1300 1098 1339 1121 ex
1367 1087 1536 1122 reditibus
1569 1086 1736 1122 ecclesiae

955 1144 976 1168 a
1001 1144 1070 1179 qua
1088 1133 1267 1175 dividitur,
1289 1134 1389 1169 debet
1410 1134 1543 1169 matrici
1564 1134 1732 1169 honorem

955 1180 1088 1216 deferre
1115 1181 1215 1215 modo
1241 1185 1273 1216 et
1301 1181 1430 1216 tinibus
1466 1182 1510 1217 ab
1545 1180 1735 1217 Ordinatio

958 1228 1246 1274 praestituendis3
1261 1228 1319 1274 qui
1337 1234 1451 1264 tamen
1465 1234 1599 1265 vetatur
1609 1229 1734 1275 baptis-

956 1275 1083 1310 malem
1113 1275 1241 1311 fontem
1271 1276 1405 1311 matrici
1427 1276 1491 1322 ipsi
1520 1287 1707 1312 reserxale.

1003 1326 1022 1368 ξ
1048 1321 1079 1359 5.
1102 1322 1217 1358 Divisa
1237 1323 1393 1369 paroecia
1411 1335 1499 1377 quae
1516 1324 1559 1359 ad
1577 1324 1732 1370 aliquam

955 1370 1160 1415 religionem
1189 1370 1262 1406 iure
1287 1375 1432 1417 spectat,
1462 1371 1590 1407 vicaria
1615 1382 1733 1417 perpe-

955 1423 1015 1452 tua
1041 1422 1100 1452 aut
1128 1418 1287 1470 paroecia
1312 1418 1445 1454 noviter
1462 1423 1574 1454 erecta
1593 1430 1661 1454 non
1682 1423 1734 1454 est

955 1464 1133 1509 religiosa;
1173 1465 1301 1511 pariter
1326 1465 1438 1500 divisa
1466 1466 1621 1512 paroecia
1649 1466 1734 1501 iuris

957 1517 1170 1558 patrona,tus
1199 1524 1287 1548 nova
1324 1513 1481 1559 paroecia
1518 1518 1569 1549 est
1603 1513 1732 1549 liberae

954 1559 1162 1595 collationis.

1002 1607 1086 1642 CAN.
1122 1605 1222 1642 1428.
1251 1627 1275 1633 -
1301 1611 1320 1649 ξ
1357 1606 1386 1642 l.
1431 1607 1595 1643 Locorum
1635 1607 1735 1644 Ordi-

150 1735 264 1783 Caput
293 1736 334 1773 11.
698 1758 737 1762 -
767 1737 991 1773 definitiones
1529 1738 1614 1774 Can.
1644 1738 1732 1774 1419

103 1783 151 1820 De
177 1785 366 1826 unione,
400 1805 443 1810 —
469 1783 605 1820 diversa
635 1762 692 1846 —J

695 1852 738 1856 —
765 1831 906 1867 effectus
933 1831 1068 1867 iuridici
1572 1847 1587 1865 »
1645 1831 1733 1868 1420

126 1926 365 1968 translatione,
694 1948 737 1952 —
765 1927 925 1962 notiones
1572 1943 1586 1961 »
1647 1928 1726 1964 1421

149 1973 332 2026 divisione,
397 1974 607 2020 —singulis
635 1952 690 2037 —4

126 2021 363 2073 dismembra-
694 2043 736 2047 —
765 2021 843 2058 Sedi
872 2022 1089 2068 Apostolicae
1117 2023 1301 2058 reservatis
1571 2038 1586 2056 »
1644 2022 1731 2058 1422

126 2072 232 2109 tione,
285 2079 364 2104 con-

127 2115 284 2150 versione
332 2120 365 2151 et
993 2138 1031 2143 -
1058 2117 1195 2153 relictas
1225 2129 1303 2153 cum
1340 2118 1517 2154 limitatio-

124 2162 369 2208 suppressione
686 2163 948 2214 —Ordinariis
1010 2165 1115 2200 nibus
1570 2180 1587 2198 »
1642 2164 1729 2200 1421

150 2209 332 2246 beneficio·
391 2231 439 2255 ,—
454 2210 657 2246 circaunio-
686 2211 868 2246 locorum
928 2233 971 2237 —

149 2268 225 2292 rum
337 2277 380 2284 —
419 2268 481 2293 nes
632 2270 688 2354 -ἱ
989 2280 1031 2285 -
1057 2260 1179 2295 vetitas
1570 2275 1584 2292 »
1642 2259 1729 2295 1424

687 2359 735 2377 ’-
762 2352 933 2398 quasdam
960 2364 980 2389 a
1007 2352 1094 2389 Sede
1121 2354 1242 2400 Aplca.
1273 2353 1379 2389 factas
1570 2369 1584 2386 ι)
1645 2352 1730 2389 1425

693 2467 734 2472 -
753 2458 832 2482 eum
857 2447 948 2482 limi·
987 2469 1031 2473 -—
1057 2449 1170 2495 quoad
1197 2449 1444 2485 translationes
1570 2464 1584 2481 »
1644 2448 1729 2484 1426

398 2491 539 2528 ——iuris
551 2492 653 2530 Ordi-
686 2471 688 2544 J
715 2494 846 2530 tatione
928 2468 984 2561 -Ι
1034 2529 1041 2533 ,

419 2540 597 2576 nariomm
631 2545 687 2568 —l
988 2564 1029 2568 —
1056 2543 1147 2578 circa
1173 2543 1362 2578 divisiones
1388 2543 1516 2578 aedis-

390 2620 393 2639 ,
1011 2590 1282 2626 membrationes
1568 2605 1582 2622 »
1640 2589 1728 2625 1427

686 2638 687 2668 l

686 2693 736 2708 ¹—
761 2693 839 2718 cum
869 2683 1139 2720 formalitatibus
1165 2684 1346 2720 servandis
1569 2700 1582 2716 υ
1639 2683 1727 2719 1428

402 2796 438 2800 -
466 2775 579 2821 quoad
605 2776 760 2812 diversas
787 2778 972 2824 pensiones
1000 2779 1233 2825 imponendas
1569 2794 1583 2811 »
1642 2777 1728 2814 1429

398 2891 441 2895 -
466 2870 556 2906 circa
574 2872 819 2908 conversiones
839 2871 1038 2910 Ordinariis
1055 2874 1242 2919 denegatas
1262 2874 1310 2910 vel
1331 2884 1513 2909 concessas
1565 2888 1579 2906 »
1637 2871 1723 2908 1431)
