<?xml version="1.0" encoding="UTF-8"?>
<!DOCTYPE html PUBLIC "-//W3C//DTD XHTML 1.0 Transitional//EN"
    "http://www.w3.org/TR/xhtml1/DTD/xhtml1-transitional.dtd">
<html xmlns="http://www.w3.org/1999/xhtml" xml:lang="en" lang="en">
 <head>
  <title>
</title>
<meta http-equiv="Content-Type" content="text/html;charset=utf-8" />
  <meta name='ocr-system' content='tesseract 3.04.00' />
  <meta name='ocr-capabilities' content='ocr_page ocr_carea ocr_par ocr_line ocrx_word'/>
</head>
<body>
  <div class='ocr_page' id='page_1' title='image "./commentariumtext03blatuoft_0416.png"; bbox 0 0 1965 3240; ppageno 0'>
   <div class='ocr_carea' id='block_1_1' title="bbox 180 111 1653 157">
    <p class='ocr_par' dir='ltr' id='par_1_1' title="bbox 180 111 1653 157">
     <span class='ocr_line' id='line_1_1' title="bbox 180 111 1653 157; baseline 0.001 -11"><span class='ocrx_word' id='word_1_1' title='bbox 180 112 250 146; x_wconf 86' lang='lat'>404</span> <span class='ocrx_word' id='word_1_2' title='bbox 322 111 405 146; x_wconf 76' lang='lat' dir='ltr'>Lm.</span> <span class='ocrx_word' id='word_1_3' title='bbox 431 111 501 145; x_wconf 82' lang='grc' dir='ltr'>ΙΙΙ.</span> <span class='ocrx_word' id='word_1_4' title='bbox 529 131 541 136; x_wconf 96' lang='grc'>-</span> <span class='ocrx_word' id='word_1_5' title='bbox 567 111 678 145; x_wconf 76' lang='lat' dir='ltr'>PARS</span> <span class='ocrx_word' id='word_1_6' title='bbox 704 111 748 145; x_wconf 73' lang='lat' dir='ltr'>V.</span> <span class='ocrx_word' id='word_1_7' title='bbox 779 131 791 136; x_wconf 94' lang='lat'><em>-</em></span> <span class='ocrx_word' id='word_1_8' title='bbox 816 111 873 146; x_wconf 85' lang='lat' dir='ltr'>De</span> <span class='ocrx_word' id='word_1_9' title='bbox 897 111 1020 154; x_wconf 80' lang='lat' dir='ltr'>benef.</span> <span class='ocrx_word' id='word_1_10' title='bbox 1047 114 1082 146; x_wconf 82' lang='lat' dir='ltr'>et</span> <span class='ocrx_word' id='word_1_11' title='bbox 1108 114 1234 146; x_wconf 79' lang='lat' dir='ltr'>instit.</span> <span class='ocrx_word' id='word_1_12' title='bbox 1264 112 1390 146; x_wconf 82' lang='lat' dir='ltr'>eccles.</span> <span class='ocrx_word' id='word_1_13' title='bbox 1418 123 1498 146; x_wconf 81' lang='lat' dir='ltr'>non</span> <span class='ocrx_word' id='word_1_14' title='bbox 1522 113 1653 157; x_wconf 67' lang='lat' dir='ltr'>colleg).</span> 
     </span>
    </p>
   </div>
   <div class='ocr_carea' id='block_1_2' title="bbox 160 229 1806 2762">
    <p class='ocr_par' dir='ltr' id='par_1_2' title="bbox 172 229 1806 994">
     <span class='ocr_line' id='line_1_2' title="bbox 182 229 1802 289; baseline 0.001 -16"><span class='ocrx_word' id='word_1_15' title='bbox 182 229 328 287; x_wconf 81' lang='lat'>1418),</span> <span class='ocrx_word' id='word_1_16' title='bbox 361 229 549 288; x_wconf 80' lang='lat' dir='ltr'>collapsa</span> <span class='ocrx_word' id='word_1_17' title='bbox 582 229 638 273; x_wconf 87' lang='lat' dir='ltr'>sit</span> <span class='ocrx_word' id='word_1_18' title='bbox 669 229 792 272; x_wconf 85' lang='lat' dir='ltr'>simul</span> <span class='ocrx_word' id='word_1_19' title='bbox 826 234 864 272; x_wconf 88' lang='lat' dir='ltr'>et</span> <span class='ocrx_word' id='word_1_20' title='bbox 895 230 1138 273; x_wconf 69' lang='lat' dir='ltr'>restaurari</span> <span class='ocrx_word' id='word_1_21' title='bbox 1170 235 1363 287; x_wconf 75' lang='lat' dir='ltr'>nequeat,</span> <span class='ocrx_word' id='word_1_22' title='bbox 1405 243 1476 274; x_wconf 89' lang='lat' dir='ltr'>seu</span> <span class='ocrx_word' id='word_1_23' title='bbox 1526 231 1634 288; x_wconf 88' lang='lat' dir='ltr'>(can.</span> <span class='ocrx_word' id='word_1_24' title='bbox 1672 231 1802 289; x_wconf 89' lang='lat'>1187)</span> 
     </span>
     <span class='ocr_line' id='line_1_3' title="bbox 185 299 1804 359; baseline 0.001 -17"><span class='ocrx_word' id='word_1_25' title='bbox 185 314 366 344; x_wconf 81' lang='lat' dir='ltr'>«omnes</span> <span class='ocrx_word' id='word_1_26' title='bbox 397 300 533 344; x_wconf 85' lang='lat' dir='ltr'>aditus</span> <span class='ocrx_word' id='word_1_27' title='bbox 566 299 777 343; x_wconf 79' lang='lat' dir='ltr'>interclusi</span> <span class='ocrx_word' id='word_1_28' title='bbox 809 302 890 343; x_wconf 91' lang='lat' dir='ltr'>sint</span> <span class='ocrx_word' id='word_1_29' title='bbox 922 301 972 344; x_wconf 88' lang='lat' dir='ltr'>ad</span> <span class='ocrx_word' id='word_1_30' title='bbox 1007 313 1097 343; x_wconf 90' lang='lat' dir='ltr'>eam</span> <span class='ocrx_word' id='word_1_31' title='bbox 1132 300 1400 344; x_wconf 87' lang='lat' dir='ltr'>reficiendam</span> <span class='ocrx_word' id='word_1_32' title='bbox 1424 316 1463 356; x_wconf 85' lang='grc'>)),</span> <span class='ocrx_word' id='word_1_33' title='bbox 1497 314 1600 359; x_wconf 90' lang='lat' dir='ltr'>quos</span> <span class='ocrx_word' id='word_1_34' title='bbox 1643 301 1804 345; x_wconf 79' lang='lat' dir='ltr'>discere</span> 
     </span>
     <span class='ocr_line' id='line_1_4' title="bbox 178 369 1805 429; baseline 0 -14"><span class='ocrx_word' id='word_1_35' title='bbox 178 376 337 428; x_wconf 75' lang='lat' dir='ltr'>oportet</span> <span class='ocrx_word' id='word_1_36' title='bbox 369 385 417 415; x_wconf 85' lang='lat' dir='ltr'>ex</span> <span class='ocrx_word' id='word_1_37' title='bbox 453 384 541 415; x_wconf 85' lang='lat' dir='ltr'>can.</span> <span class='ocrx_word' id='word_1_38' title='bbox 579 371 704 427; x_wconf 86' lang='lat'>1186,</span> <span class='ocrx_word' id='word_1_39' title='bbox 740 369 796 423; x_wconf 55' lang='grc' dir='ltr'>(20ι</span> <span class='ocrx_word' id='word_1_40' title='bbox 818 371 876 427; x_wconf 87' lang='lat'>3⁰,</span> <span class='ocrx_word' id='word_1_41' title='bbox 905 376 1084 429; x_wconf 72' lang='lat' dir='ltr'>possunt</span> <span class='ocrx_word' id='word_1_42' title='bbox 1118 371 1161 413; x_wconf 88' lang='lat' dir='ltr'>in</span> <span class='ocrx_word' id='word_1_43' title='bbox 1196 371 1391 414; x_wconf 78' lang='lat' dir='ltr'>matrices</span> <span class='ocrx_word' id='word_1_44' title='bbox 1414 371 1625 426; x_wconf 80' lang='lat' dir='ltr'>ecclesias,</span> <span class='ocrx_word' id='word_1_45' title='bbox 1654 371 1805 429; x_wconf 88' lang='lat' dir='ltr'>quibus</span> 
     </span>
     <span class='ocr_line' id='line_1_5' title="bbox 175 440 1804 499; baseline -0.001 -13"><span class='ocrx_word' id='word_1_46' title='bbox 175 442 354 499; x_wconf 90' lang='lat' dir='ltr'>collapsa</span> <span class='ocrx_word' id='word_1_47' title='bbox 387 441 590 486; x_wconf 87' lang='lat' dir='ltr'>subdatur</span> <span class='ocrx_word' id='word_1_48' title='bbox 621 441 868 499; x_wconf 75' lang='lat' dir='ltr'>aliqualiter,</span> <span class='ocrx_word' id='word_1_49' title='bbox 904 441 967 484; x_wconf 72' lang='lat' dir='ltr'>nel</span> <span class='ocrx_word' id='word_1_50' title='bbox 1008 441 1121 484; x_wconf 87' lang='lat' dir='ltr'>alias</span> <span class='ocrx_word' id='word_1_51' title='bbox 1163 441 1362 484; x_wconf 78' lang='lat' dir='ltr'>eeclesias</span> <span class='ocrx_word' id='word_1_52' title='bbox 1399 440 1652 487; x_wconf 73' lang='lat' dir='ltr'>«Oi-dinarii</span> <span class='ocrx_word' id='word_1_53' title='bbox 1695 441 1804 486; x_wconf 88' lang='lat' dir='ltr'>arbi-</span> 
     </span>
     <span class='ocr_line' id='line_1_6' title="bbox 176 511 1806 570; baseline -0.001 -13"><span class='ocrx_word' id='word_1_54' title='bbox 176 516 293 557; x_wconf 80' lang='lat' dir='ltr'>trio»</span> <span class='ocrx_word' id='word_1_55' title='bbox 331 512 517 556; x_wconf 76' lang='lat' dir='ltr'>locorum</span> <span class='ocrx_word' id='word_1_56' title='bbox 549 511 799 564; x_wconf 72' lang='lat' dir='ltr'>eorumdem,</span> <span class='ocrx_word' id='word_1_57' title='bbox 833 512 988 569; x_wconf 84' lang='lat' dir='ltr'>oppidi,</span> <span class='ocrx_word' id='word_1_58' title='bbox 1012 514 1206 567; x_wconf 83' lang='lat' dir='ltr'>civitatis,</span> <span class='ocrx_word' id='word_1_59' title='bbox 1240 526 1313 555; x_wconf 83' lang='lat' dir='ltr'>sen</span> <span class='ocrx_word' id='word_1_60' title='bbox 1346 512 1424 556; x_wconf 91' lang='lat' dir='ltr'>illis</span> <span class='ocrx_word' id='word_1_61' title='bbox 1452 513 1698 570; x_wconf 78' lang='lat' dir='ltr'>vicinorum,</span> <span class='ocrx_word' id='word_1_62' title='bbox 1722 527 1806 556; x_wconf 84' lang='lat' dir='ltr'>ere-</span> 
     </span>
     <span class='ocr_line' id='line_1_7' title="bbox 178 582 1806 642; baseline -0.001 -15"><span class='ocrx_word' id='word_1_63' title='bbox 178 584 268 634; x_wconf 76' lang='lat' dir='ltr'>cti&#39;S,</span> <span class='ocrx_word' id='word_1_64' title='bbox 302 588 506 642; x_wconf 87' lang='lat' dir='ltr'>quatenus</span> <span class='ocrx_word' id='word_1_65' title='bbox 538 583 733 627; x_wconf 85' lang='lat' dir='ltr'>deficiant</span> <span class='ocrx_word' id='word_1_66' title='bbox 766 585 805 626; x_wconf 96' lang='lat' dir='ltr'>in</span> <span class='ocrx_word' id='word_1_67' title='bbox 840 582 1015 627; x_wconf 82' lang='lat' dir='ltr'>ecc-lesia</span> <span class='ocrx_word' id='word_1_68' title='bbox 1049 583 1099 626; x_wconf 86' lang='lat' dir='ltr'>ad</span> <span class='ocrx_word' id='word_1_69' title='bbox 1133 595 1256 641; x_wconf 85' lang='lat' dir='ltr'>quam</span> <span class='ocrx_word' id='word_1_70' title='bbox 1291 584 1335 626; x_wconf 86' lang='lat' dir='ltr'>fit</span> <span class='ocrx_word' id='word_1_71' title='bbox 1368 583 1580 628; x_wconf 77' lang='lat' dir='ltr'>translatio</span> <span class='ocrx_word' id='word_1_72' title='bbox 1614 588 1737 641; x_wconf 87' lang='lat' dir='ltr'>atque</span> <span class='ocrx_word' id='word_1_73' title='bbox 1769 583 1806 626; x_wconf 86' lang='lat' dir='ltr'>si</span> 
     </span>
     <span class='ocr_line' id='line_1_8' title="bbox 175 653 1805 712; baseline 0 -14"><span class='ocrx_word' id='word_1_74' title='bbox 175 655 268 711; x_wconf 82' lang='lat' dir='ltr'>fieri</span> <span class='ocrx_word' id='word_1_75' title='bbox 297 654 444 712; x_wconf 78' lang='lat' dir='ltr'>possit,</span> <span class='ocrx_word' id='word_1_76' title='bbox 479 659 682 712; x_wconf 86' lang='lat' dir='ltr'>quatenus</span> <span class='ocrx_word' id='word_1_77' title='bbox 715 667 795 697; x_wconf 92' lang='lat' dir='ltr'>non</span> <span class='ocrx_word' id='word_1_78' title='bbox 828 653 991 697; x_wconf 81' lang='lat' dir='ltr'>obstent</span> <span class='ocrx_word' id='word_1_79' title='bbox 1024 653 1136 710; x_wconf 85' lang='lat' dir='ltr'>leges</span> <span class='ocrx_word' id='word_1_80' title='bbox 1169 653 1387 709; x_wconf 84' lang='lat' dir='ltr'>liturgicae</span> <span class='ocrx_word' id='word_1_81' title='bbox 1422 653 1486 697; x_wconf 89' lang='lat' dir='ltr'>vel</span> <span class='ocrx_word' id='word_1_82' title='bbox 1510 653 1616 697; x_wconf 90' lang='lat' dir='ltr'>aliae</span> <span class='ocrx_word' id='word_1_83' title='bbox 1639 666 1805 709; x_wconf 88' lang='lat' dir='ltr'>causae,</span> 
     </span>
     <span class='ocr_line' id='line_1_9' title="bbox 175 724 1803 782; baseline 0 -14"><span class='ocrx_word' id='word_1_84' title='bbox 175 725 384 769; x_wconf 77' lang='lat' dir='ltr'>altaribus</span> <span class='ocrx_word' id='word_1_85' title='bbox 417 724 480 768; x_wconf 85' lang='lat' dir='ltr'>vel</span> <span class='ocrx_word' id='word_1_86' title='bbox 511 724 680 768; x_wconf 74' lang='lat' dir='ltr'>sacellis</span> <span class='ocrx_word' id='word_1_87' title='bbox 714 726 753 767; x_wconf 91' lang='lat' dir='ltr'>in</span> <span class='ocrx_word' id='word_1_88' title='bbox 787 724 932 767; x_wconf 87' lang='lat' dir='ltr'>ordine</span> <span class='ocrx_word' id='word_1_89' title='bbox 965 724 1015 768; x_wconf 91' lang='lat' dir='ltr'>ad</span> <span class='ocrx_word' id='word_1_90' title='bbox 1050 724 1270 768; x_wconf 90' lang='lat' dir='ltr'>ecclesiam</span> <span class='ocrx_word' id='word_1_91' title='bbox 1305 737 1353 767; x_wconf 84' lang='lat' dir='ltr'>ex</span> <span class='ocrx_word' id='word_1_92' title='bbox 1389 737 1470 782; x_wconf 91' lang='lat' dir='ltr'>qua</span> <span class='ocrx_word' id='word_1_93' title='bbox 1504 725 1548 768; x_wconf 86' lang='lat' dir='ltr'>tit</span> <span class='ocrx_word' id='word_1_94' title='bbox 1576 724 1803 779; x_wconf 81' lang='lat' dir='ltr'>translatio,</span> 
     </span>
     <span class='ocr_line' id='line_1_10' title="bbox 173 794 1803 849; baseline -0.001 -9"><span class='ocrx_word' id='word_1_95' title='bbox 173 796 246 840; x_wconf 81' lang='lat' dir='ltr'>snb</span> <span class='ocrx_word' id='word_1_96' title='bbox 269 795 423 839; x_wconf 80' lang='lat' dir='ltr'>eisdem</span> <span class='ocrx_word' id='word_1_97' title='bbox 446 795 792 849; x_wconf 74' lang='lat' dir='ltr'>invocationibus,</span> <span class='ocrx_word' id='word_1_98' title='bbox 812 807 907 837; x_wconf 89' lang='lat' dir='ltr'>nam</span> <span class='ocrx_word' id='word_1_99' title='bbox 934 794 1132 838; x_wconf 72' lang='lat' dir='ltr'>beneficia</span> <span class='ocrx_word' id='word_1_100' title='bbox 1152 797 1190 837; x_wconf 91' lang='lat' dir='ltr'>in</span> <span class='ocrx_word' id='word_1_101' title='bbox 1211 795 1455 838; x_wconf 87' lang='lat' dir='ltr'>eorumdem</span> <span class='ocrx_word' id='word_1_102' title='bbox 1481 795 1694 838; x_wconf 87' lang='lat' dir='ltr'>titulorum</span> <span class='ocrx_word' id='word_1_103' title='bbox 1717 794 1803 839; x_wconf 91' lang='lat' dir='ltr'>cul-</span> 
     </span>
     <span class='ocr_line' id='line_1_11' title="bbox 172 864 1804 923; baseline -0.002 -12"><span class='ocrx_word' id='word_1_104' title='bbox 172 873 259 911; x_wconf 91' lang='lat' dir='ltr'>tum</span> <span class='ocrx_word' id='word_1_105' title='bbox 294 867 551 918; x_wconf 81' lang='lat' dir='ltr'>ordinantur,</span> <span class='ocrx_word' id='word_1_106' title='bbox 586 865 822 923; x_wconf 77' lang='lat' dir='ltr'>transferre</span> <span class='ocrx_word' id='word_1_107' title='bbox 855 879 945 908; x_wconf 77' lang='lat' dir='ltr'>eain</span> <span class='ocrx_word' id='word_1_108' title='bbox 977 864 1167 908; x_wconf 77' lang='lat' dir='ltr'>omnibns</span> <span class='ocrx_word' id='word_1_109' title='bbox 1190 864 1480 908; x_wconf 78' lang='lat' dir='ltr'>emolumentis</span> <span class='ocrx_word' id='word_1_110' title='bbox 1505 878 1628 909; x_wconf 89' lang='lat' dir='ltr'>cansa</span> <span class='ocrx_word' id='word_1_111' title='bbox 1655 866 1804 910; x_wconf 84' lang='lat' dir='ltr'>beneti-</span> 
     </span>
     <span class='ocr_line' id='line_1_12' title="bbox 172 935 1800 994; baseline -0.001 -13"><span class='ocrx_word' id='word_1_112' title='bbox 172 940 333 982; x_wconf 87' lang='lat' dir='ltr'>ciorum</span> <span class='ocrx_word' id='word_1_113' title='bbox 366 942 404 980; x_wconf 83' lang='lat' dir='ltr'>et</span> <span class='ocrx_word' id='word_1_114' title='bbox 437 936 632 980; x_wconf 76' lang='lat' dir='ltr'>oneribus</span> <span class='ocrx_word' id='word_1_115' title='bbox 667 936 761 979; x_wconf 89' lang='lat' dir='ltr'>inde</span> <span class='ocrx_word' id='word_1_116' title='bbox 778 935 922 994; x_wconf 78' lang='lat' dir='ltr'>priori</span> <span class='ocrx_word' id='word_1_117' title='bbox 944 935 1144 978; x_wconf 78' lang='lat' dir='ltr'>eeclesiae</span> <span class='ocrx_word' id='word_1_118' title='bbox 1169 936 1305 993; x_wconf 79' lang='lat' dir='ltr'>quoad</span> <span class='ocrx_word' id='word_1_119' title='bbox 1331 935 1550 979; x_wconf 85' lang='lat' dir='ltr'>utilitatem</span> <span class='ocrx_word' id='word_1_120' title='bbox 1574 935 1800 980; x_wconf 69' lang='lat' dir='ltr'>adiunctis</span> 
     </span>
    </p>

    <p class='ocr_par' dir='ltr' id='par_1_3' title="bbox 171 1008 1804 1206">
     <span class='ocr_line' id='line_1_13' title="bbox 292 1008 1803 1064; baseline 0.001 -13"><span class='ocrx_word' id='word_1_121' title='bbox 292 1008 389 1051; x_wconf 60' lang='lat'><strong>326.</strong></span> <span class='ocrx_word' id='word_1_122' title='bbox 426 1009 498 1054; x_wconf 86' lang='lat' dir='ltr'>De</span> <span class='ocrx_word' id='word_1_123' title='bbox 546 1010 886 1064; x_wconf 83' lang='lat' dir='ltr'>paroeciarum</span> <span class='ocrx_word' id='word_1_124' title='bbox 935 1009 1179 1053; x_wconf 87' lang='lat' dir='ltr'>divisione</span> <span class='ocrx_word' id='word_1_125' title='bbox 1236 1008 1313 1053; x_wconf 90' lang='lat' dir='ltr'>vel</span> <span class='ocrx_word' id='word_1_126' title='bbox 1366 1008 1803 1053; x_wconf 81' lang='lat' dir='ltr'>dismembratione</span> 
     </span>
     <span class='ocr_line' id='line_1_14' title="bbox 172 1077 1804 1136; baseline -0.003 -12"><span class='ocrx_word' id='word_1_127' title='bbox 172 1079 375 1136; x_wconf 85' lang='lat' dir='ltr'>complete</span> <span class='ocrx_word' id='word_1_128' title='bbox 410 1081 495 1135; x_wconf 84' lang='lat' dir='ltr'>agit</span> <span class='ocrx_word' id='word_1_129' title='bbox 528 1092 619 1121; x_wconf 80' lang='lat' dir='ltr'>can.</span> <span class='ocrx_word' id='word_1_130' title='bbox 653 1080 772 1121; x_wconf 69' lang='lat'>1427</span> <span class='ocrx_word' id='word_1_131' title='bbox 805 1080 924 1122; x_wconf 90' lang='lat' dir='ltr'>cuius</span> <span class='ocrx_word' id='word_1_132' title='bbox 956 1091 1006 1121; x_wconf 88' lang='lat' dir='ltr'>ex</span> <span class='ocrx_word' id='word_1_133' title='bbox 1042 1090 1178 1134; x_wconf 87' lang='lat' dir='ltr'>praec.</span> <span class='ocrx_word' id='word_1_134' title='bbox 1214 1079 1304 1121; x_wconf 87' lang='lat' dir='ltr'>iure</span> <span class='ocrx_word' id='word_1_135' title='bbox 1337 1077 1653 1121; x_wconf 86' lang='lat' dir='ltr'>fundamentum</span> <span class='ocrx_word' id='word_1_136' title='bbox 1681 1077 1804 1121; x_wconf 86' lang='lat' dir='ltr'>tradi-</span> 
     </span>
     <span class='ocr_line' id='line_1_15' title="bbox 171 1147 1423 1206; baseline -0.005 -12"><span class='ocrx_word' id='word_1_137' title='bbox 171 1156 239 1194; x_wconf 88' lang='lat' dir='ltr'>tur</span> <span class='ocrx_word' id='word_1_138' title='bbox 272 1152 311 1193; x_wconf 90' lang='lat' dir='ltr'>in</span> <span class='ocrx_word' id='word_1_139' title='bbox 345 1154 429 1193; x_wconf 90' lang='lat' dir='ltr'>toto</span> <span class='ocrx_word' id='word_1_140' title='bbox 462 1161 553 1206; x_wconf 87' lang='lat' dir='ltr'>cap.</span> <span class='ocrx_word' id='word_1_141' title='bbox 586 1149 610 1191; x_wconf 86' lang='lat'>4</span> <span class='ocrx_word' id='word_1_142' title='bbox 644 1162 743 1192; x_wconf 86' lang='lat' dir='ltr'>sess.</span> <span class='ocrx_word' id='word_1_143' title='bbox 779 1147 873 1191; x_wconf 81' lang='lat' dir='ltr'>XXI</span> <span class='ocrx_word' id='word_1_144' title='bbox 906 1148 957 1191; x_wconf 90' lang='lat' dir='ltr'>de</span> <span class='ocrx_word' id='word_1_145' title='bbox 990 1148 1076 1192; x_wconf 80' lang='lat' dir='ltr'>Rei.</span> <span class='ocrx_word' id='word_1_146' title='bbox 1111 1147 1250 1192; x_wconf 83' lang='lat' dir='ltr'>Conc.i</span> <span class='ocrx_word' id='word_1_147' title='bbox 1284 1147 1423 1191; x_wconf 63' lang='lat' dir='ltr'>Tristi.</span> 
     </span>
    </p>

    <p class='ocr_par' dir='ltr' id='par_1_4' title="bbox 160 1218 1802 2609">
     <span class='ocr_line' id='line_1_16' title="bbox 288 1218 1801 1276; baseline -0.001 -12"><span class='ocrx_word' id='word_1_148' title='bbox 288 1220 422 1264; x_wconf 88' lang='lat' dir='ltr'>Tenor</span> <span class='ocrx_word' id='word_1_149' title='bbox 455 1225 515 1263; x_wconf 88' lang='lat' dir='ltr'>est</span> <span class='ocrx_word' id='word_1_150' title='bbox 547 1219 807 1263; x_wconf 88' lang='lat' dir='ltr'>huiusmodi:</span> <span class='ocrx_word' id='word_1_151' title='bbox 848 1235 869 1260; x_wconf 63' lang='grc' dir='ltr'>α</span> <span class='ocrx_word' id='word_1_152' title='bbox 892 1218 1158 1276; x_wconf 89' lang='lat' dir='ltr'>Episcopi....</span> <span class='ocrx_word' id='word_1_153' title='bbox 1194 1221 1232 1261; x_wconf 92' lang='lat' dir='ltr'>in</span> <span class='ocrx_word' id='word_1_154' title='bbox 1268 1218 1461 1262; x_wconf 89' lang='lat' dir='ltr'>omnibus</span> <span class='ocrx_word' id='word_1_155' title='bbox 1509 1218 1696 1263; x_wconf 89' lang='lat' dir='ltr'>ecclesiis</span> <span class='ocrx_word' id='word_1_156' title='bbox 1734 1230 1801 1275; x_wconf 88' lang='lat' dir='ltr'>pa-</span> 
     </span>
     <span class='ocr_line' id='line_1_17' title="bbox 170 1289 1801 1348; baseline -0.002 -11"><span class='ocrx_word' id='word_1_157' title='bbox 170 1292 435 1347; x_wconf 85' lang='lat' dir='ltr'>rochialibus,</span> <span class='ocrx_word' id='word_1_158' title='bbox 470 1291 533 1335; x_wconf 91' lang='lat' dir='ltr'>vel</span> <span class='ocrx_word' id='word_1_159' title='bbox 567 1290 896 1347; x_wconf 86' lang='lat' dir='ltr'>baptismalibus,</span> <span class='ocrx_word' id='word_1_160' title='bbox 933 1290 1161 1348; x_wconf 88' lang='lat' dir='ltr'>(distinctio</span> <span class='ocrx_word' id='word_1_161' title='bbox 1195 1302 1304 1333; x_wconf 83' lang='lat' dir='ltr'>nunc</span> <span class='ocrx_word' id='word_1_162' title='bbox 1338 1289 1499 1334; x_wconf 87' lang='lat' dir='ltr'>sublata</span> <span class='ocrx_word' id='word_1_163' title='bbox 1524 1292 1563 1333; x_wconf 91' lang='lat' dir='ltr'>in</span> <span class='ocrx_word' id='word_1_164' title='bbox 1587 1302 1678 1333; x_wconf 90' lang='lat' dir='ltr'>can.</span> <span class='ocrx_word' id='word_1_165' title='bbox 1702 1290 1801 1344; x_wconf 83' lang='grc'>774,</span> 
     </span>
     <span class='ocr_line' id='line_1_18' title="bbox 168 1362 1801 1422; baseline -0.001 -16"><span class='ocrx_word' id='word_1_166' title='bbox 168 1364 197 1422; x_wconf 60' lang='grc' dir='ltr'><strong>ξ</strong></span> <span class='ocrx_word' id='word_1_167' title='bbox 221 1364 279 1420; x_wconf 82' lang='lat'>1),</span> <span class='ocrx_word' id='word_1_168' title='bbox 305 1366 344 1406; x_wconf 91' lang='lat' dir='ltr'>in</span> <span class='ocrx_word' id='word_1_169' title='bbox 377 1362 528 1421; x_wconf 89' lang='lat' dir='ltr'>quibus</span> <span class='ocrx_word' id='word_1_170' title='bbox 562 1362 737 1418; x_wconf 90' lang='lat' dir='ltr'>populus</span> <span class='ocrx_word' id='word_1_171' title='bbox 770 1364 825 1405; x_wconf 86' lang='lat' dir='ltr'>ita</span> <span class='ocrx_word' id='word_1_172' title='bbox 858 1375 1105 1405; x_wconf 90' lang='lat' dir='ltr'>numerosus</span> <span class='ocrx_word' id='word_1_173' title='bbox 1127 1363 1193 1415; x_wconf 88' lang='lat' dir='ltr'>sit,</span> <span class='ocrx_word' id='word_1_174' title='bbox 1216 1365 1260 1404; x_wconf 87' lang='lat' dir='ltr'>ut</span> <span class='ocrx_word' id='word_1_175' title='bbox 1285 1373 1389 1404; x_wconf 89' lang='lat' dir='ltr'>unus</span> <span class='ocrx_word' id='word_1_176' title='bbox 1413 1365 1548 1404; x_wconf 88' lang='lat' dir='ltr'>rector</span> <span class='ocrx_word' id='word_1_177' title='bbox 1571 1374 1650 1404; x_wconf 91' lang='lat' dir='ltr'>non</span> <span class='ocrx_word' id='word_1_178' title='bbox 1676 1363 1801 1418; x_wconf 86' lang='lat' dir='ltr'>possit</span> 
     </span>
     <span class='ocr_line' id='line_1_19' title="bbox 170 1431 1802 1488; baseline -0.002 -9"><span class='ocrx_word' id='word_1_179' title='bbox 170 1435 361 1479; x_wconf 90' lang='lat' dir='ltr'>sufficere</span> <span class='ocrx_word' id='word_1_180' title='bbox 394 1433 686 1477; x_wconf 88' lang='lat' dir='ltr'>ecclesiasticis</span> <span class='ocrx_word' id='word_1_181' title='bbox 718 1434 989 1477; x_wconf 86' lang='lat' dir='ltr'>sacramentis</span> <span class='ocrx_word' id='word_1_182' title='bbox 1023 1432 1319 1487; x_wconf 85' lang='lat' dir='ltr'>ministrandis,</span> <span class='ocrx_word' id='word_1_183' title='bbox 1353 1436 1392 1475; x_wconf 90' lang='lat' dir='ltr'>et</span> <span class='ocrx_word' id='word_1_184' title='bbox 1415 1431 1542 1476; x_wconf 91' lang='lat' dir='ltr'>cultui</span> <span class='ocrx_word' id='word_1_185' title='bbox 1566 1432 1709 1475; x_wconf 82' lang='lat' dir='ltr'>divino</span> <span class='ocrx_word' id='word_1_186' title='bbox 1735 1445 1802 1488; x_wconf 88' lang='lat' dir='ltr'>pe-</span> 
     </span>
     <span class='ocr_line' id='line_1_20' title="bbox 170 1501 1800 1562; baseline -0.001 -14"><span class='ocrx_word' id='word_1_187' title='bbox 170 1505 370 1562; x_wconf 86' lang='lat' dir='ltr'>ragendo,</span> <span class='ocrx_word' id='word_1_188' title='bbox 402 1508 550 1560; x_wconf 83' lang='lat' dir='ltr'>cogant</span> <span class='ocrx_word' id='word_1_189' title='bbox 595 1508 790 1558; x_wconf 87' lang='lat' dir='ltr'>rectores,</span> <span class='ocrx_word' id='word_1_190' title='bbox 828 1502 890 1546; x_wconf 92' lang='lat' dir='ltr'>vel</span> <span class='ocrx_word' id='word_1_191' title='bbox 925 1502 1039 1559; x_wconf 83' lang='lat' dir='ltr'>alios,</span> <span class='ocrx_word' id='word_1_192' title='bbox 1074 1502 1124 1545; x_wconf 89' lang='lat' dir='ltr'>ad</span> <span class='ocrx_word' id='word_1_193' title='bbox 1159 1516 1262 1560; x_wconf 81' lang='lat' dir='ltr'>qnos</span> <span class='ocrx_word' id='word_1_194' title='bbox 1294 1504 1494 1559; x_wconf 89' lang='lat' dir='ltr'>pertinet;</span> <span class='ocrx_word' id='word_1_195' title='bbox 1539 1501 1616 1546; x_wconf 88' lang='lat' dir='ltr'>sibi</span> <span class='ocrx_word' id='word_1_196' title='bbox 1650 1507 1710 1562; x_wconf 24' lang='lat' dir='ltr'>tot·</span> <span class='ocrx_word' id='word_1_197' title='bbox 1738 1515 1800 1546; x_wconf 88' lang='lat' dir='ltr'>sa-</span> 
     </span>
     <span class='ocr_line' id='line_1_21' title="bbox 167 1573 1800 1631; baseline -0.002 -11"><span class='ocrx_word' id='word_1_198' title='bbox 167 1576 358 1620; x_wconf 88' lang='lat' dir='ltr'>cerdotes</span> <span class='ocrx_word' id='word_1_199' title='bbox 390 1575 441 1619; x_wconf 87' lang='lat' dir='ltr'>ad</span> <span class='ocrx_word' id='word_1_200' title='bbox 476 1574 553 1618; x_wconf 88' lang='lat' dir='ltr'>hoc</span> <span class='ocrx_word' id='word_1_201' title='bbox 595 1587 746 1617; x_wconf 87' lang='lat' dir='ltr'>munus</span> <span class='ocrx_word' id='word_1_202' title='bbox 779 1574 1024 1630; x_wconf 82' lang='lat' dir='ltr'>adiungere,</span> <span class='ocrx_word' id='word_1_203' title='bbox 1057 1581 1157 1631; x_wconf 87' lang='lat' dir='ltr'>quot</span> <span class='ocrx_word' id='word_1_204' title='bbox 1189 1573 1394 1617; x_wconf 87' lang='lat' dir='ltr'>sufficiant</span> <span class='ocrx_word' id='word_1_205' title='bbox 1444 1573 1494 1616; x_wconf 81' lang='lat' dir='ltr'>ad</span> <span class='ocrx_word' id='word_1_206' title='bbox 1539 1578 1800 1617; x_wconf 86' lang='lat' dir='ltr'>sacramenta</span> 
     </span>
     <span class='ocr_line' id='line_1_22' title="bbox 168 1643 1801 1701; baseline -0.002 -11"><span class='ocrx_word' id='word_1_207' title='bbox 168 1646 416 1701; x_wconf 85' lang='lat' dir='ltr'>exhibenda,</span> <span class='ocrx_word' id='word_1_208' title='bbox 451 1650 491 1689; x_wconf 91' lang='lat' dir='ltr'>et</span> <span class='ocrx_word' id='word_1_209' title='bbox 523 1644 680 1688; x_wconf 88' lang='lat' dir='ltr'>cultum</span> <span class='ocrx_word' id='word_1_210' title='bbox 715 1645 905 1688; x_wconf 85' lang='lat' dir='ltr'>divinum</span> <span class='ocrx_word' id='word_1_211' title='bbox 929 1643 1241 1688; x_wconf 89' lang='lat' dir='ltr'>celebrandum.</span> <span class='ocrx_word' id='word_1_212' title='bbox 1279 1643 1346 1701; x_wconf 86' lang='lat' dir='ltr'>(Et</span> <span class='ocrx_word' id='word_1_213' title='bbox 1369 1644 1447 1687; x_wconf 89' lang='lat' dir='ltr'>hoc</span> <span class='ocrx_word' id='word_1_214' title='bbox 1470 1643 1716 1687; x_wconf 87' lang='lat' dir='ltr'>translatum</span> <span class='ocrx_word' id='word_1_215' title='bbox 1741 1649 1801 1687; x_wconf 89' lang='lat' dir='ltr'>est</span> 
     </span>
     <span class='ocr_line' id='line_1_23' title="bbox 169 1714 1797 1772; baseline -0.002 -12"><span class='ocrx_word' id='word_1_216' title='bbox 169 1720 208 1761; x_wconf 94' lang='lat' dir='ltr'>in</span> <span class='ocrx_word' id='word_1_217' title='bbox 232 1729 322 1761; x_wconf 87' lang='lat' dir='ltr'>can.</span> <span class='ocrx_word' id='word_1_218' title='bbox 357 1716 454 1771; x_wconf 82' lang='grc'>476,</span> <span class='ocrx_word' id='word_1_219' title='bbox 488 1716 559 1759; x_wconf 90' lang='lat' dir='ltr'>sed</span> <span class='ocrx_word' id='word_1_220' title='bbox 594 1715 885 1772; x_wconf 88' lang='lat' dir='ltr'>complendum</span> <span class='ocrx_word' id='word_1_221' title='bbox 922 1729 993 1772; x_wconf 90' lang='lat' dir='ltr'>per</span> <span class='ocrx_word' id='word_1_222' title='bbox 1018 1717 1401 1771; x_wconf 84' lang='lat' dir='ltr'>interpretationem</span> <span class='ocrx_word' id='word_1_223' title='bbox 1426 1714 1797 1771; x_wconf 66' lang='lat' dir='ltr'>p1·aeS.can.1427</span> 
     </span>
     <span class='ocr_line' id='line_1_24' title="bbox 166 1785 1798 1845; baseline -0.002 -14"><span class='ocrx_word' id='word_1_224' title='bbox 166 1791 191 1843; x_wconf 61' lang='grc' dir='ltr'><strong>ἓ</strong></span> <span class='ocrx_word' id='word_1_225' title='bbox 225 1787 282 1845; x_wconf 72' lang='lat'>⁶2).</span> <span class='ocrx_word' id='word_1_226' title='bbox 306 1787 349 1830; x_wconf 93' lang='lat' dir='ltr'>ln</span> <span class='ocrx_word' id='word_1_227' title='bbox 374 1789 422 1830; x_wconf 92' lang='lat' dir='ltr'>iis</span> <span class='ocrx_word' id='word_1_228' title='bbox 447 1800 559 1839; x_wconf 86' lang='lat' dir='ltr'>vero,</span> <span class='ocrx_word' id='word_1_229' title='bbox 589 1788 629 1829; x_wconf 91' lang='lat' dir='ltr'>in</span> <span class='ocrx_word' id='word_1_230' title='bbox 653 1785 803 1844; x_wconf 84' lang='lat' dir='ltr'>quibus</span> <span class='ocrx_word' id='word_1_231' title='bbox 826 1785 877 1830; x_wconf 89' lang='lat' dir='ltr'>ob</span> <span class='ocrx_word' id='word_1_232' title='bbox 896 1785 1082 1829; x_wconf 88' lang='lat' dir='ltr'>locorum</span> <span class='ocrx_word' id='word_1_233' title='bbox 1105 1785 1358 1839; x_wconf 86' lang='lat' dir='ltr'>distantiam,</span> <span class='ocrx_word' id='word_1_234' title='bbox 1380 1787 1471 1828; x_wconf 90' lang='lat' dir='ltr'>sive</span> <span class='ocrx_word' id='word_1_235' title='bbox 1495 1785 1798 1840; x_wconf 85' lang='lat' dir='ltr'>difficultatem,</span> 
     </span>
     <span class='ocr_line' id='line_1_25' title="bbox 167 1855 1799 1916; baseline -0.002 -14"><span class='ocrx_word' id='word_1_236' title='bbox 167 1858 422 1916; x_wconf 88' lang='lat' dir='ltr'>parochiani,</span> <span class='ocrx_word' id='word_1_237' title='bbox 455 1860 543 1901; x_wconf 89' lang='lat' dir='ltr'>sine</span> <span class='ocrx_word' id='word_1_238' title='bbox 578 1869 726 1913; x_wconf 84' lang='lat' dir='ltr'>magno</span> <span class='ocrx_word' id='word_1_239' title='bbox 760 1856 1023 1900; x_wconf 89' lang='lat' dir='ltr'>incommodo</span> <span class='ocrx_word' id='word_1_240' title='bbox 1057 1856 1107 1899; x_wconf 90' lang='lat' dir='ltr'>ad</span> <span class='ocrx_word' id='word_1_241' title='bbox 1142 1855 1408 1913; x_wconf 89' lang='lat' dir='ltr'>percipienda</span> <span class='ocrx_word' id='word_1_242' title='bbox 1451 1860 1727 1911; x_wconf 90' lang='lat' dir='ltr'>sacramenta,</span> <span class='ocrx_word' id='word_1_243' title='bbox 1760 1861 1799 1899; x_wconf 89' lang='lat' dir='ltr'>et</span> 
     </span>
     <span class='ocr_line' id='line_1_26' title="bbox 165 1926 1798 1984; baseline -0.002 -11"><span class='ocrx_word' id='word_1_244' title='bbox 165 1931 307 1973; x_wconf 91' lang='lat' dir='ltr'>divina</span> <span class='ocrx_word' id='word_1_245' title='bbox 325 1929 460 1973; x_wconf 83' lang='lat' dir='ltr'>officia</span> <span class='ocrx_word' id='word_1_246' title='bbox 478 1928 684 1971; x_wconf 88' lang='lat' dir='ltr'>audienda</span> <span class='ocrx_word' id='word_1_247' title='bbox 708 1927 909 1971; x_wconf 77' lang='lat' dir='ltr'>accedere</span> <span class='ocrx_word' id='word_1_248' title='bbox 933 1940 1012 1970; x_wconf 95' lang='lat' dir='ltr'>non</span> <span class='ocrx_word' id='word_1_249' title='bbox 1038 1931 1230 1984; x_wconf 87' lang='lat' dir='ltr'>possunt;</span> <span class='ocrx_word' id='word_1_250' title='bbox 1260 1939 1390 1970; x_wconf 89' lang='lat' dir='ltr'>novas</span> <span class='ocrx_word' id='word_1_251' title='bbox 1414 1926 1647 1984; x_wconf 88' lang='lat' dir='ltr'>parochias,</span> <span class='ocrx_word' id='word_1_252' title='bbox 1672 1929 1798 1970; x_wconf 91' lang='lat' dir='ltr'>etiam</span> 
     </span>
     <span class='ocr_line' id='line_1_27' title="bbox 166 1997 1800 2056; baseline -0.001 -13"><span class='ocrx_word' id='word_1_253' title='bbox 166 2002 308 2043; x_wconf 90' lang='lat' dir='ltr'>invitis</span> <span class='ocrx_word' id='word_1_254' title='bbox 342 1998 585 2050; x_wconf 85' lang='lat' dir='ltr'>rectoribus,</span> <span class='ocrx_word' id='word_1_255' title='bbox 621 1997 750 2056; x_wconf 78' lang='lat' dir='ltr'>(quod</span> <span class='ocrx_word' id='word_1_256' title='bbox 786 1997 937 2054; x_wconf 83' lang='lat' dir='ltr'>legitur</span> <span class='ocrx_word' id='word_1_257' title='bbox 971 1999 1009 2040; x_wconf 93' lang='lat' dir='ltr'>in</span> <span class='ocrx_word' id='word_1_258' title='bbox 1043 1997 1085 2052; x_wconf 58' lang='grc' dir='ltr'>ἕο</span> <span class='ocrx_word' id='word_1_259' title='bbox 1122 1998 1197 2055; x_wconf 90' lang='lat'>10),</span> <span class='ocrx_word' id='word_1_260' title='bbox 1233 1999 1345 2041; x_wconf 82' lang='lat' dir='ltr'>iuxta</span> <span class='ocrx_word' id='word_1_261' title='bbox 1390 1998 1566 2041; x_wconf 88' lang='lat' dir='ltr'>formam</span> <span class='ocrx_word' id='word_1_262' title='bbox 1605 1999 1800 2041; x_wconf 88' lang='lat' dir='ltr'>constitu-</span> 
     </span>
     <span class='ocr_line' id='line_1_28' title="bbox 165 2067 1796 2127; baseline -0.003 -13"><span class='ocrx_word' id='word_1_263' title='bbox 165 2072 289 2114; x_wconf 87' lang='lat' dir='ltr'>tionis</span> <span class='ocrx_word' id='word_1_264' title='bbox 321 2069 438 2113; x_wconf 86' lang='lat' dir='ltr'>Alex.</span> <span class='ocrx_word' id='word_1_265' title='bbox 473 2068 525 2112; x_wconf 91' lang='lat' dir='ltr'>Ill</span> <span class='ocrx_word' id='word_1_266' title='bbox 548 2082 655 2127; x_wconf 89' lang='lat' dir='ltr'>quae</span> <span class='ocrx_word' id='word_1_267' title='bbox 689 2071 853 2125; x_wconf 90' lang='lat' dir='ltr'>incipit:</span> <span class='ocrx_word' id='word_1_268' title='bbox 886 2068 954 2111; x_wconf 72' lang='lat' dir='ltr'>Ad</span> <span class='ocrx_word' id='word_1_269' title='bbox 982 2067 1246 2111; x_wconf 77' lang='lat' dir='ltr'>audientiam</span> <span class='ocrx_word' id='word_1_270' title='bbox 1265 2067 1293 2124; x_wconf 71' lang='lat'>¹,</span> <span class='ocrx_word' id='word_1_271' title='bbox 1328 2070 1581 2112; x_wconf 89' lang='lat' dir='ltr'>constituere</span> <span class='ocrx_word' id='word_1_272' title='bbox 1625 2070 1796 2125; x_wconf 91' lang='lat' dir='ltr'>possint.</span> 
     </span>
     <span class='ocr_line' id='line_1_29' title="bbox 166 2138 1795 2199; baseline -0.002 -14"><span class='ocrx_word' id='word_1_273' title='bbox 166 2141 234 2199; x_wconf 87' lang='lat' dir='ltr'>(Et</span> <span class='ocrx_word' id='word_1_274' title='bbox 267 2141 369 2184; x_wconf 88' lang='lat' dir='ltr'>haec</span> <span class='ocrx_word' id='word_1_275' title='bbox 402 2141 532 2183; x_wconf 85' lang='lat' dir='ltr'>forma</span> <span class='ocrx_word' id='word_1_276' title='bbox 576 2142 615 2182; x_wconf 92' lang='lat' dir='ltr'>in</span> <span class='ocrx_word' id='word_1_277' title='bbox 647 2139 704 2198; x_wconf 63' lang='grc' dir='ltr'>ἓξ</span> <span class='ocrx_word' id='word_1_278' title='bbox 737 2139 775 2194; x_wconf 83' lang='grc'>3,</span> <span class='ocrx_word' id='word_1_279' title='bbox 810 2139 833 2182; x_wconf 92' lang='grc'>4</span> <span class='ocrx_word' id='word_1_280' title='bbox 884 2141 1140 2196; x_wconf 88' lang='lat' dir='ltr'>proponitur,</span> <span class='ocrx_word' id='word_1_281' title='bbox 1191 2138 1260 2183; x_wconf 92' lang='lat' dir='ltr'>ubi</span> <span class='ocrx_word' id='word_1_282' title='bbox 1293 2141 1418 2183; x_wconf 85' lang='lat' dir='ltr'>etiam</span> <span class='ocrx_word' id='word_1_283' title='bbox 1467 2141 1655 2182; x_wconf 90' lang='lat' dir='ltr'>invenire</span> <span class='ocrx_word' id='word_1_284' title='bbox 1700 2138 1795 2183; x_wconf 90' lang='lat' dir='ltr'>licet</span> 
     </span>
     <span class='ocr_line' id='line_1_30' title="bbox 166 2209 1794 2268; baseline -0.002 -12"><span class='ocrx_word' id='word_1_285' title='bbox 166 2224 329 2256; x_wconf 88' lang='lat' dir='ltr'>comma</span> <span class='ocrx_word' id='word_1_286' title='bbox 357 2210 684 2268; x_wconf 88' lang='lat' dir='ltr'>sequens)..lllis</span> <span class='ocrx_word' id='word_1_287' title='bbox 715 2214 853 2253; x_wconf 89' lang='lat' dir='ltr'>autem</span> <span class='ocrx_word' id='word_1_288' title='bbox 887 2209 1186 2264; x_wconf 86' lang='lat' dir='ltr'>sacerdotibus,</span> <span class='ocrx_word' id='word_1_289' title='bbox 1211 2212 1282 2267; x_wconf 86' lang='lat' dir='ltr'>qui</span> <span class='ocrx_word' id='word_1_290' title='bbox 1316 2210 1366 2253; x_wconf 91' lang='lat' dir='ltr'>de</span> <span class='ocrx_word' id='word_1_291' title='bbox 1390 2223 1497 2253; x_wconf 92' lang='lat' dir='ltr'>novo</span> <span class='ocrx_word' id='word_1_292' title='bbox 1521 2214 1642 2253; x_wconf 91' lang='lat' dir='ltr'>erunt</span> <span class='ocrx_word' id='word_1_293' title='bbox 1665 2209 1794 2253; x_wconf 87' lang='lat' dir='ltr'>eccle-</span> 
     </span>
     <span class='ocr_line' id='line_1_31' title="bbox 163 2280 1795 2337; baseline -0.001 -12"><span class='ocrx_word' id='word_1_294' title='bbox 163 2285 234 2326; x_wconf 91' lang='lat' dir='ltr'>siis</span> <span class='ocrx_word' id='word_1_295' title='bbox 267 2284 431 2325; x_wconf 89' lang='lat' dir='ltr'>noviter</span> <span class='ocrx_word' id='word_1_296' title='bbox 464 2283 613 2324; x_wconf 87' lang='lat' dir='ltr'>erectis</span> <span class='ocrx_word' id='word_1_297' title='bbox 638 2281 920 2337; x_wconf 78' lang='lat' dir='ltr'>praeficiendi,</span> <span class='ocrx_word' id='word_1_298' title='bbox 946 2285 1186 2337; x_wconf 88' lang='lat' dir='ltr'>competens</span> <span class='ocrx_word' id='word_1_299' title='bbox 1210 2283 1443 2337; x_wconf 86' lang='lat' dir='ltr'>assignetur</span> <span class='ocrx_word' id='word_1_300' title='bbox 1468 2283 1600 2337; x_wconf 88' lang='lat' dir='ltr'>portio</span> <span class='ocrx_word' id='word_1_301' title='bbox 1624 2280 1795 2324; x_wconf 87' lang='lat' dir='ltr'>arbitrio</span> 
     </span>
     <span class='ocr_line' id='line_1_32' title="bbox 162 2351 1796 2410; baseline -0.001 -14"><span class='ocrx_word' id='word_1_302' title='bbox 162 2355 344 2410; x_wconf 90' lang='lat' dir='ltr'>episcopi</span> <span class='ocrx_word' id='word_1_303' title='bbox 379 2366 429 2396; x_wconf 84' lang='lat' dir='ltr'>ex</span> <span class='ocrx_word' id='word_1_304' title='bbox 465 2351 667 2396; x_wconf 88' lang='lat' dir='ltr'>fructibus</span> <span class='ocrx_word' id='word_1_305' title='bbox 701 2351 752 2395; x_wconf 85' lang='lat' dir='ltr'>ad</span> <span class='ocrx_word' id='word_1_306' title='bbox 786 2351 1007 2395; x_wconf 86' lang='lat' dir='ltr'>ecclesiam</span> <span class='ocrx_word' id='word_1_307' title='bbox 1043 2353 1259 2395; x_wconf 86' lang='lat' dir='ltr'>matricem</span> <span class='ocrx_word' id='word_1_308' title='bbox 1292 2351 1685 2409; x_wconf 81' lang='lat' dir='ltr'>quomodocumque</span> <span class='ocrx_word' id='word_1_309' title='bbox 1710 2365 1796 2408; x_wconf 84' lang='lat' dir='ltr'>pei·—</span> 
     </span>
     <span class='ocr_line' id='line_1_33' title="bbox 160 2421 1795 2479; baseline 0 -13"><span class='ocrx_word' id='word_1_310' title='bbox 160 2423 408 2479; x_wconf 86' lang='lat' dir='ltr'>tinentibus;</span> <span class='ocrx_word' id='word_1_311' title='bbox 442 2427 494 2477; x_wconf 83' lang='lat' dir='ltr'>et,</span> <span class='ocrx_word' id='word_1_312' title='bbox 529 2424 561 2465; x_wconf 89' lang='lat' dir='ltr'>si</span> <span class='ocrx_word' id='word_1_313' title='bbox 596 2435 764 2466; x_wconf 88' lang='lat' dir='ltr'>necesse</span> <span class='ocrx_word' id='word_1_314' title='bbox 800 2423 937 2477; x_wconf 90' lang='lat' dir='ltr'>fuerit,</span> <span class='ocrx_word' id='word_1_315' title='bbox 972 2421 1222 2478; x_wconf 87' lang='lat' dir='ltr'>compellere</span> <span class='ocrx_word' id='word_1_316' title='bbox 1257 2424 1383 2478; x_wconf 87' lang='lat' dir='ltr'>possit</span> <span class='ocrx_word' id='word_1_317' title='bbox 1407 2421 1607 2478; x_wconf 87' lang='lat' dir='ltr'>populum</span> <span class='ocrx_word' id='word_1_318' title='bbox 1632 2434 1678 2465; x_wconf 90' lang='lat' dir='ltr'>ea</span> <span class='ocrx_word' id='word_1_319' title='bbox 1702 2421 1795 2466; x_wconf 82' lang='lat' dir='ltr'>sul)-</span> 
     </span>
     <span class='ocr_line' id='line_1_34' title="bbox 161 2492 1792 2550; baseline -0.001 -13"><span class='ocrx_word' id='word_1_320' title='bbox 161 2496 411 2550; x_wconf 88' lang='lat' dir='ltr'>ministrare,</span> <span class='ocrx_word' id='word_1_321' title='bbox 436 2505 541 2550; x_wconf 85' lang='lat' dir='ltr'>quae</span> <span class='ocrx_word' id='word_1_322' title='bbox 564 2493 770 2536; x_wconf 87' lang='lat' dir='ltr'>sufficiant</span> <span class='ocrx_word' id='word_1_323' title='bbox 803 2492 852 2535; x_wconf 84' lang='lat' dir='ltr'>ad</span> <span class='ocrx_word' id='word_1_324' title='bbox 892 2495 1015 2536; x_wconf 90' lang='lat' dir='ltr'>vitam</span> <span class='ocrx_word' id='word_1_325' title='bbox 1043 2492 1248 2536; x_wconf 87' lang='lat' dir='ltr'>dictorum</span> <span class='ocrx_word' id='word_1_326' title='bbox 1273 2492 1536 2536; x_wconf 87' lang='lat' dir='ltr'>sacerdotum</span> <span class='ocrx_word' id='word_1_327' title='bbox 1560 2497 1792 2536; x_wconf 87' lang='lat' dir='ltr'>sustentan-</span> 
     </span>
     <span class='ocr_line' id='line_1_35' title="bbox 166 2565 326 2609; baseline 0.006 -1"><span class='ocrx_word' id='word_1_328' title='bbox 166 2565 260 2608; x_wconf 89' lang='lat' dir='ltr'>dam</span> <span class='ocrx_word' id='word_1_329' title='bbox 286 2580 326 2609; x_wconf 86' lang='grc'>)).</span> 
     </span>
    </p>

    <p class='ocr_par' dir='ltr' id='par_1_5' title="bbox 162 2632 1792 2762">
     <span class='ocr_line' id='line_1_36' title="bbox 278 2632 1792 2692; baseline -0.001 -14"><span class='ocrx_word' id='word_1_330' title='bbox 278 2635 554 2679; x_wconf 88' lang='lat' dir='ltr'>Transeamus</span> <span class='ocrx_word' id='word_1_331' title='bbox 587 2635 637 2678; x_wconf 90' lang='lat' dir='ltr'>ad</span> <span class='ocrx_word' id='word_1_332' title='bbox 662 2639 769 2678; x_wconf 84' lang='lat' dir='ltr'>can.S</span> <span class='ocrx_word' id='word_1_333' title='bbox 798 2633 903 2676; x_wconf 73' lang='lat'>1427</span> <span class='ocrx_word' id='word_1_334' title='bbox 931 2635 1330 2690; x_wconf 84' lang='lat' dir='ltr'>interpretationem.</span> <span class='ocrx_word' id='word_1_335' title='bbox 1353 2633 1380 2692; x_wconf 64' lang='grc' dir='ltr'>ξ</span> <span class='ocrx_word' id='word_1_336' title='bbox 1404 2636 1439 2676; x_wconf 88' lang='grc'>1.</span> <span class='ocrx_word' id='word_1_337' title='bbox 1463 2632 1642 2677; x_wconf 75' lang='lat' dir='ltr'>Possunt</span> <span class='ocrx_word' id='word_1_338' title='bbox 1664 2634 1792 2677; x_wconf 83' lang='lat' dir='ltr'>etiam</span> 
     </span>
     <span class='ocr_line' id='line_1_37' title="bbox 162 2702 1792 2762; baseline -0.001 -13"><span class='ocrx_word' id='word_1_339' title='bbox 162 2710 326 2762; x_wconf 86' lang='lat' dir='ltr'>praeter</span> <span class='ocrx_word' id='word_1_340' title='bbox 360 2705 668 2749; x_wconf 84' lang='lat' dir='ltr'>translationem</span> <span class='ocrx_word' id='word_1_341' title='bbox 702 2702 927 2747; x_wconf 75' lang='lat' dir='ltr'>Orclinarii</span> <span class='ocrx_word' id='word_1_342' title='bbox 951 2703 1136 2747; x_wconf 88' lang='lat' dir='ltr'>locorum</span> <span class='ocrx_word' id='word_1_343' title='bbox 1160 2717 1208 2747; x_wconf 83' lang='lat' dir='ltr'>ex</span> <span class='ocrx_word' id='word_1_344' title='bbox 1234 2708 1430 2747; x_wconf 79' lang='lat' dir='ltr'>contextu</span> <span class='ocrx_word' id='word_1_345' title='bbox 1456 2703 1565 2761; x_wconf 89' lang='lat' dir='ltr'>(can.</span> <span class='ocrx_word' id='word_1_346' title='bbox 1589 2704 1687 2759; x_wconf 83' lang='grc'>198,</span> <span class='ocrx_word' id='word_1_347' title='bbox 1706 2704 1733 2762; x_wconf 64' lang='grc' dir='ltr'>ξ</span> <span class='ocrx_word' id='word_1_348' title='bbox 1754 2704 1792 2758; x_wconf 66' lang='grc'>2)</span> 
     </span>
    </p>
   </div>
   <div class='ocr_carea' id='block_1_3' title="bbox 284 2855 1694 2903">
    <p class='ocr_par' dir='ltr' id='par_1_6' title="bbox 284 2855 1694 2903">
     <span class='ocr_line' id='line_1_38' title="bbox 284 2855 1694 2903; baseline -0.002 -10"><span class='ocrx_word' id='word_1_349' title='bbox 284 2860 295 2881; x_wconf 75' lang='lat'>¹</span> <span class='ocrx_word' id='word_1_350' title='bbox 324 2858 415 2903; x_wconf 81' lang='lat' dir='ltr'>Cap.</span> <span class='ocrx_word' id='word_1_351' title='bbox 448 2859 482 2901; x_wconf 79' lang='lat'>3,</span> <span class='ocrx_word' id='word_1_352' title='bbox 512 2858 549 2892; x_wconf 89' lang='lat' dir='ltr'>X</span> <span class='ocrx_word' id='word_1_353' title='bbox 583 2873 595 2887; x_wconf 88' lang='lat'>‹</span> <span class='ocrx_word' id='word_1_354' title='bbox 613 2857 658 2892; x_wconf 87' lang='lat' dir='ltr'>de</span> <span class='ocrx_word' id='word_1_355' title='bbox 686 2856 860 2892; x_wconf 84' lang='lat' dir='ltr'>ecclesiis</span> <span class='ocrx_word' id='word_1_356' title='bbox 888 2855 1137 2890; x_wconf 81' lang='lat' dir='ltr'>aedificandis</span> <span class='ocrx_word' id='word_1_357' title='bbox 1165 2855 1227 2890; x_wconf 73' lang='lat' dir='ltr'>vel</span> <span class='ocrx_word' id='word_1_358' title='bbox 1253 2855 1481 2900; x_wconf 83' lang='lat' dir='ltr'>reparandis</span> <span class='ocrx_word' id='word_1_359' title='bbox 1500 2872 1513 2886; x_wconf 71' lang='grc' dir='ltr'>ιο</span> <span class='ocrx_word' id='word_1_360' title='bbox 1545 2856 1618 2892; x_wconf 85' lang='lat' dir='ltr'><strong>[II.</strong></span> <span class='ocrx_word' id='word_1_361' title='bbox 1637 2856 1694 2890; x_wconf 84' lang='lat'>48.</span> 
     </span>
    </p>
   </div>
   <div class='ocr_carea' id='block_1_4' title="bbox 1879 0 1965 3240">
    <p class='ocr_par' dir='ltr' id='par_1_7' title="bbox 1879 0 1965 3240">
     <span class='ocr_line' id='line_1_39' title="bbox 1879 0 1965 3240; baseline 0 0"><span class='ocrx_word' id='word_1_362' title='bbox 1879 0 1965 3240; x_wconf 95' lang='lat' dir='ltr'> </span> 
     </span>
    </p>
   </div>
  </div>
 </body>
</html>
