1965 3240
510 192 619 227 PARS
646 192 711 226 IV.
742 214 752 218 -
781 193 837 227 De
865 197 1093 237 maqz'sterio
1120 196 1371 229 ecclesiastico
1683 199 1753 231 245

124 317 161 356 et
196 324 265 355 eos
297 313 367 369 qui
400 311 690 355 contradicunt
722 323 898 367 arguere
919 327 937 352 1>
964 313 990 354 ⁴.
1030 310 1173 355 vei-his
1216 318 1375 355 autem:
1408 313 1597 369 publicas
1628 329 1751 372 praw-

123 382 283 434 sertim,
302 394 471 438 nempe:
506 394 613 439 quae
646 395 786 425 coram
821 382 1167 425 convenientibus
1190 383 1239 425 ad
1267 383 1354 425 illas
1388 385 1613 427 audiendas
1638 387 1752 436 liunt,

128 452 386 510 verbumque
424 455 746 508 «praesertim»
785 452 981 495 admonet
1016 466 1210 509 expresse
1245 453 1345 495 alias
1378 468 1540 510 quoque
1574 458 1754 510 privatas

126 526 214 567 iure
247 524 447 567 canonico
493 525 636 577 vetari,
672 525 867 580 quamvis
900 535 978 565 non
1015 522 1076 565 his
1109 523 1179 565 sed
1217 523 1391 579 puhlicis
1434 528 1562 580 aptari
1607 525 1753 568 debeat

125 593 242 651 plene
276 593 353 638 hoc
387 596 704 650 praescriptum.
741 617 793 624 ——
831 592 964 637 vei-ba
999 608 1089 636 reon
1129 593 1377 636 acatholicis
1418 593 1593 637 habeant
1628 598 1754 652 (quan

125 665 356 715 haereticis,
404 666 494 708 sive
543 667 752 720 apostatis,
804 667 893 708 sive
942 664 1232 718 schismaticis,
1280 667 1368 707 sive
1418 679 1494 707 non
1544 666 1755 718 baptizatis

123 735 334 792 aptantur)
369 734 685 791 subintelligunt
729 735 939 779 obiectum
984 735 1147 778 illarum
1193 735 1516 791 disputationum
1551 750 1597 779 ac
1631 737 1753 779 colla-

126 809 297 860 tionum,
323 806 540 850 videlicet:
575 806 625 849 de
659 806 859 849 doctrinis
890 808 1000 849 circa
1035 819 1137 863 quas
1172 805 1210 848 hi
1246 811 1282 848 et
1317 806 1506 849 catholici
1542 820 1620 864 qua
1657 808 1756 850 tales

123 877 376 931 discordant,
409 882 450 920 et
481 881 576 920 sunt
608 877 660 920 de
694 878 774 920 fide
808 889 855 921 ac
891 877 1090 933 religione
1124 877 1340 921 catholica.
1379 876 1561 935 Denique
1600 892 1755 922 canone

52 942 56 945 ’
122 950 324 992 contineri
371 950 544 991 vetitum
589 947 773 991 declarat
818 953 1023 1004 postrema
1068 947 1266 994 clausula,
1301 948 1351 991 de
1390 948 1604 1004 «publicis
1644 962 1755 1005 prae.

122 1021 264 1063 sertim
286 1035 305 1060 ³>
335 1018 602 1075 intelligenda
636 1032 684 1062 eo
718 1019 826 1076 quod
860 1032 1026 1075 semper
1058 1018 1288 1061 servanda:
1324 1018 1415 1061 sine
1440 1019 1556 1061 venia
1581 1023 1757 1063 Sanctae

124 1089 259 1143 Sedis,
294 1094 467 1146 utputo
500 1090 538 1134 S.
573 1088 741 1146 Congi·.⁸
785 1089 945 1133 joncitii
990 1103 1062 1145 pro
1101 1089 1265 1133 clericis
1298 1096 1337 1132 et
1372 1089 1500 1143 laicis,
1533 1090 1572 1133 S.
1606 1090 1754 1147 Congr.

123 1160 174 1203 de
209 1159 414 1216 religiosis
448 1174 520 1216 pro
558 1162 618 1214 iis,
652 1160 691 1203 S.
725 1158 874 1216 Congr.
909 1160 961 1203 de
994 1160 1112 1216 Prop.
1150 1159 1245 1203 Fide
1281 1174 1352 1216 pro
1386 1160 1578 1204 omnibus
1620 1162 1755 1218 quoad

123 1234 314 1288 regiones
357 1230 494 1274 eidem
539 1230 759 1286 subiectas,
795 1236 834 1274 et
877 1231 917 1276 S.
950 1229 1098 1287 Congr.
1135 1244 1209 1287 pro
1252 1230 1435 1274 Ecclesia
1475 1228 1691 1287 Orientali,
1724 1235 1756 1275 si

123 1302 374 1360 quandoque
407 1302 516 1358 apud
552 1301 774 1345 orientales
798 1301 1036 1358 expediant,
1059 1302 1131 1345 sed
1159 1304 1349 1358 proprius
1372 1303 1409 1345 S.
1434 1300 1600 1359 Congr.⁸
1622 1304 1660 1346 S.
1685 1300 1755 1347 Os-

123 1373 204 1416 licii
239 1385 312 1429 pro
346 1374 435 1415 eius
468 1375 745 1428 competentia
779 1372 913 1430 quoad
949 1385 1107 1427 omnes,
1142 1378 1230 1424 aut,
1264 1372 1302 1414 si
1334 1386 1455 1415 casus
1489 1378 1652 1429 tergeat,
1684 1376 1757 1417 sci-

124 1443 242 1488 licet:
279 1445 390 1487 iuxta
426 1443 656 1487 doctrinam
693 1443 738 1486 D.
773 1443 956 1487 Thomae
996 1443 1204 1498 traditam,
1239 1443 1461 1499 disputatio
1498 1444 1559 1486 vel
1593 1444 1757 1487 collatio

123 1528 201 1558 non
226 1517 278 1558 sit
303 1514 644 1571 procrastinanda
677 1514 822 1558 saltem
848 1515 984 1572 quoad
1010 1516 1355 1571 acceptationem,
1374 1528 1451 1557 non
1476 1516 1545 1557 liat
1569 1515 1605 1558 id
1631 1531 1650 1556 α
1669 1518 1756 1559 sine

130 1588 290 1629 venia»
333 1584 561 1629 Ordinarii
593 1585 674 1629 loci
707 1586 933 1642 prudenter
967 1587 1192 1642 inspecturi
1227 1599 1369 1628 omnes
1411 1588 1755 1640 circumstantias,

124 1661 208 1700 tum
244 1656 353 1700 illius
386 1656 578 1700 catholici
612 1659 682 1714 qui
718 1669 786 1700 eas
819 1657 1023 1700 sustinere
1062 1655 1226 1711 debeat,
1260 1661 1344 1699 tum
1390 1656 1491 1700 alias
1534 1659 1756 1700 recensitas

123 1729 161 1770 in
197 1731 312 1770 textu
347 1729 435 1771 cit.⁰
469 1726 508 1770 S.
542 1726 710 1783 Congi·.⁸
742 1727 793 1770 de
827 1727 866 1769 P.
903 1726 943 1769 F.

240 1797 337 1840 200.
372 1800 728 1855 Episcoporum
769 1800 1106 1854 magisterium
1153 1797 1352 1840 limitibus
1395 1800 1753 1854 circumscriptum

121 1869 246 1912 edicit
279 1882 370 1912 can.
405 1870 537 1912 1326.
572 1868 777 1927 Episcopi
810 1882 984 1927 quoque,
1014 1885 1031 1909 <‹
1053 1871 1122 1926 qui
1157 1873 1250 1911 sunt
1274 1868 1563 1925 Apostolorum
1598 1883 1757 1912 succes-

121 1953 274 1984 sores»
313 1939 422 1997 (can.
467 1940 564 1996 3⁶29,
604 1939 632 1997 ξ
677 1939 734 1997 1),
784 1956 803 1980 <1
828 1944 867 1983 et
912 1940 1239 1984 residentiales»
1280 1942 1521 1996 praesertim
1568 1940 1619 1983 oh
1660 1954 1754 1983 con-

122 2016 295 2065 textum,
321 2027 340 2052 c(
359 2024 536 2069 quorum
564 2013 729 2055 nomine
754 2013 791 2054 in
819 2014 907 2055 iure
943 2014 1111 2055 veniunt
1145 2025 1311 2069 quoque
1335 2010 1516 2054 Abbates
1553 2011 1614 2054 vel
1642 2011 1757 2054 Prae-

123 2081 190 2125 lati
235 2081 429 2126 nullius»
469 2082 578 2139 (can.
613 2082 712 2136 215,
745 2083 772 2140 ᾗ
806 2082 864 2139 ⁶2),
899 2095 946 2125 ac
985 2098 1004 2123 «
1028 2081 1176 2125 Vicai·ii
1212 2087 1249 2125 et
1287 2081 1483 2124 Prael'ecti
1529 2081 1753 2137 Apostolici

121 2152 266 2195 eodem
303 2154 393 2195 iure
428 2155 466 2195 in
500 2166 574 2196 suo
608 2155 817 2196 territorio
851 2153 1033 2209 gaudent
1054 2169 1091 2207 1),
1118 2153 1156 2195 111
1186 2166 1282 2195 vero
1308 2164 1355 2195 ac
1381 2154 1442 2194 isti
1469 2157 1634 2208 propter
1666 2153 1753 2194 olli-

121 2225 230 2266 cium
267 2225 355 2266 iure
389 2225 588 2267 canonico
624 2225 871 2278 institutum,
896 2223 951 2266 illi
990 2237 1087 2267 vero
1112 2237 1161 2267 ex
1186 2224 1320 2266 officio
1356 2225 1455 2265 iuris
1488 2223 1634 2276 divini,
1659 2222 1753 2264 live!

120 2292 162 2351 a)
195 2293 357 2351 sinyuli
391 2295 606 2351 praedicti,
639 2308 720 2352 qua
764 2295 865 2338 tales
905 2298 941 2337 in
976 2294 1160 2338 Ecclesia
1202 2294 1454 2337 «ΡΙ-11611111»
1494 2293 1602 2350 (can.
1641 2293 1752 2349 110),

122 2367 161 2408 in
194 2364 361 2421 Synodo
394 2378 560 2423 quoque
599 2365 845 2409 dioecesana
879 2367 928 2409 ad
965 2378 1153 2408 normam
1188 2377 1277 2408 can.
1313 2364 1410 2417 362,
1445 2363 1489 2420 b)
1524 2363 1584 2406 rel
1627 2364 1750 2406 eliam

121 2434 165 2477 in
202 2434 403 2478 Conciliis
443 2435 781 2494 particularibus
820 2435 1017 2492 plenariis
1061 2441 1099 2478 et
1145 2434 1471 2492 provincialibus
1510 2434 1754 2491 ‹vmyrequli

121 2505 438 2563 infallibilitate
480 2506 657 2550 docendi
702 2521 783 2550 non
822 2506 1027 2564 polleant,
1062 2511 1100 2549 et
1139 2510 1441 2563 consequenter
1484 2518 1557 2547 nec
1600 2518 1751 2547 novum

121 2577 246 2621 edere
278 2577 514 2634 symbolum
551 2579 662 2633 lidei,
688 2591 783 2621 nam
814 2578 901 2621 «ad
939 2577 1047 2621 illius
1080 2579 1365 2620 auctoritatem
1403 2578 1605 2632 pertinent
1630 2575 1753 2617 editio

120 2647 298 2705 symboli
322 2649 371 2692 ad
397 2651 516 2692 cuius
539 2652 829 2693 auctoritatem
866 2652 1043 2706 pertinet
1076 2648 1254 2691 tinaliter
1277 2648 1553 2690 determinare
1578 2659 1622 2689 ea
1647 2659 1752 2703 quae

120 2724 214 2762 suut
246 2719 356 2774 tidei,
383 2724 425 2762 ut
447 2719 498 2764 ab
522 2719 716 2763 omnihus
751 2722 994 2763 inconcussa
1029 2719 1110 2762 lide
1147 2723 1376 2761 teneantur.
1413 2719 1460 2759 Et
1497 2716 1616 2759 liuius
1650 2719 1751 2758 ratio

119 2794 192 2843 est,
226 2791 321 2846 quia
356 2802 434 2833 una
468 2790 572 2833 fides
604 2789 728 2833 debet
764 2803 853 2833 esse
895 2792 1019 2832 totius
1052 2788 1274 2841 Ecclesiae,
1309 2787 1536 2830 secundum
1584 2786 1681 2828 illud
1708 2785 1746 2827 ²²:

241 2942 251 2963 1
279 2940 367 2975 Loe.
395 2941 462 2975 cit.
487 2940 536 2975 ad
561 2941 622 2975 3¹¹².
652 2962 693 2966 —
721 2942 735 2963 ‘2
761 2941 780 2975 I
806 2941 855 2976 ad
882 2940 1060 2975 Corinth.
1087 2940 1118 2981 I,
1150 2940 1203 2973 10.
