1965 3240
661 105 745 139 ΤιΤ.
775 104 846 138 IX.
877 124 890 129 -
916 104 972 138 De
1006 104 1174 137 eccles-lis
1688 99 1734 131 25

103 228 248 288 quibus
271 226 413 284 fideles
436 224 492 268 ad
513 224 660 268 divim
684 223 818 281 officia
837 222 914 266 sub
933 235 1022 265 can.
1050 222 1170 264 1165.
1190 222 1229 279 ς’.
1254 221 1270 263 l
1294 220 1517 270 declarata,
1537 220 1732 276 quamvis

102 299 268 345 aliunde
308 299 405 354 ipsis
445 301 537 339 nota
577 297 700 338 etiam
741 293 876 351 quoad
919 298 1095 349 tempus,
1129 291 1319 348 aliosque
1358 290 1578 346 reliqionis
1617 294 1735 332 (zelus

102 372 236 415 forsan
260 368 614 413 extraordinarios
637 365 697 409 vel
719 378 797 408 uon
817 366 958 407 stricte
983 363 1212 419 liturgtcns,
1233 362 1464 404 inruemur
1487 364 1599 404 iuxta
1625 372 1735 404 cam-

105 453 302 499 panarum
339 440 586 482 institutum.

219 511 367 567 Utpote
412 509 462 553 de
508 507 721 564 praeclaro
760 506 972 550 Ecclesiae
1015 518 1062 549 ac
1107 518 1184 548 non
1232 506 1464 547 necessario
1508 504 1738 546 accessorio

105 581 349 642 praescribit
371 580 399 636 ξ
421 582 462 623 ’3.
498 578 643 622 Etiam
666 577 938 621 ecelesiarum
969 590 1200 634 canipanae
1222 578 1253 618 si
1279 574 1569 621 adhibeantur,
1594 572 1739 616 debent

104 654 143 712 a)
168 651 409 697 consecrari
444 652 623 708 proprie,
647 663 717 692 seu
759 653 851 692 actu
893 648 1051 691 ordinis
1089 646 1352 703 episcopalis,
1387 645 1428 702 b)
1456 645 1516 687 rel
1553 643 1739 687 benedici

106 728 216 769 iuxta
242 723 564 768 declai·ati‹mem
590 721 628 765 S.
654 720 700 764 tt.
724 720 765 764 C.
793 722 830 762 in
859 720 1054 763 Perusina
1077 718 1112 762 1;
1144 734 1162 758 ((
1182 717 1269 761 Non
1300 718 1463 760 videtur
1502 716 1583 760 ullo
1619 715 1740 758 modo

104 796 265 842 decere,
291 798 333 837 ut
370 793 599 850 Episcopus
623 793 660 834 in
689 788 831 834 habitu
870 789 1096 847 pontiticali
1137 788 1335 832 ascendat
1374 790 1535 840 turrim,
1560 791 1603 830 ut
1631 799 1742 829 cam-

106 878 230 924 panas
253 865 430 914 solemni
455 866 533 906 ritu
559 862 799 906 benedicat:
842 866 977 918 posset
1005 865 1140 903 tamen
1165 859 1369 904 Sacerdos
1407 858 1556 916 aliquis
1595 859 1739 900 turrim

104 936 344 988 ascendere,
367 940 405 979 et
429 946 535 992 aqua
563 933 780 977 benedicta
808 944 1033 988 campanas
1056 943 1279 988 aspergere
1302 946 1339 974 ›>.
1373 931 1439 973 Sic
1463 929 1636 985 explicit
1657 927 1740 986 §HQ

104 1007 327 1051 seeundum
364 1006 474 1049 ritus
510 1005 549 1047 i'n
582 1003 775 1062 probatis
808 1003 1023 1060 liturqicis
1058 1001 1179 1045 libris
1217 1016 1252 1046 v.
1293 1015 1352 1058 gr.
1397 1000 1623 1043 Ptmtitteati
1669 999 1743 1042 Ro-

107 1092 226 1123 mano
267 1077 462 1123 traditos,
506 1089 553 1120 ac
593 1075 824 1119 servandos
862 1087 1030 1132 quoque
1069 1086 1089 1117 a
1129 1073 1367 1127 Sacerdote,
1402 1074 1470 1130 qui
1511 1070 1648 1114 debita
1689 1070 1741 1112 t‘a-

104 1150 257 1194 cultate
299 1150 476 1193 donatus
519 1152 627 1190 esset
661 1148 896 1204 «quoniam
938 1148 976 1187 in
1020 1144 1178 1187 indulto
1218 1144 1255 1187 id
1296 1142 1666 1199 comprehenditur
1705 1142 1742 1182 in

109 1221 259 1275 verbis,
283 1221 455 1264 Servata
481 1220 611 1262 forma
637 1217 783 1261 Ροηῐ.ἰΒ
806 1217 938 1261 Rom.i
958 1233 977 1257 »
1007 1221 1046 1260 et
1070 1221 1167 1259 tunc
1193 1232 1210 1255 α
1232 1215 1324 1258 licet
1358 1215 1491 1258 eidem
1530 1215 1745 1255 unctiones

105 1292 304 1337 adhibere
323 1308 343 1333 >³
369 1291 397 1335 Ξ.

224 1363 283 1407 Ex
316 1363 362 1422 §⁰
398 1363 440 1406 (¹20
475 1368 514 1406 ct
547 1364 641 1420 quia
679 1374 906 1417 campanae
940 1364 1034 1403 suut
1068 1361 1297 1403 accessoria
1323 1357 1509 1401 ecclesiis
1534 1358 1630 1408 lixa,
1654 1369 1745 1398 con-

105 1449 283 1493 sequens
317 1437 390 1478 t‘uit
424 1435 473 1477 ad
512 1434 601 1477 illas
634 1433 802 1476 extendi
841 1433 1143 1488 praescriptum
1179 1443 1269 1473 cau.
1301 1429 1408 1471 ttoo
1442 1442 1535 1471 cum
1574 1427 1744 1470 relatixa

107 1508 212 1550 infra
247 1508 376 1563 posita
410 1506 712 1549 moderatione.
746 1503 907 1547 Dis-tam
955 1504 1238 1545 extensionem
1274 1500 1350 1544 suh
1385 1499 1453 1542 illo
1494 1501 1747 1555 praescripto

107 1591 185 1622 non
220 1577 565 1634 comprehensam
600 1576 725 1619 tradit
758 1574 786 1631 ξ
817 1576 859 1617 3.
896 1573 1057 1618 Earum
1093 1585 1406 1629 campanarum,
1442 1584 1536 1623 loon
1572 1570 1745 1613 aliarum

107 1651 180 1693 etsi
215 1649 266 1692 ad
301 1647 498 1692 ecclesias
543 1646 873 1703 pertinentium),
906 1658 999 1689 cum
1045 1647 1126 1687 sint
1168 1643 1312 1687 saltem
1359 1642 1613 1693 benedictae,
1651 1654 1748 1682 usus

107 1720 300 1764 diversus
348 1723 516 1776 propter
559 1720 684 1761 linem
729 1719 944 1773 signorum
994 1729 1066 1772 per
1109 1727 1178 1758 eas
1223 1714 1342 1756 mzz'ce
1384 1712 1534 1757 subest,
1580 1711 1748 1754 exclusa

110 1791 282 1849 proinde
315 1795 401 1834 tum
439 1792 601 1847 privata
637 1794 721 1832 tum
758 1788 871 1832 civili
915 1787 1093 1843 publica,
1128 1784 1439 1829 ecclesiasticae
1482 1781 1747 1835 (mavortiam)

108 1876 260 1918 nempe
296 1861 479 1918 parochi,
516 1862 687 1903 rectoris
721 1859 938 1910 ecclesiae,
972 1863 1096 1915 atque
1128 1855 1356 1901 Ordinarii.

227 1933 333 1988 Quia
358 1946 456 1976 usus
479 1944 778 1988 campanarum
802 1931 935 1974 solum
962 1931 1149 1973 consistit
1175 1931 1211 1971 in
1233 1927 1405 1971 edendis
1427 1928 1550 1973 sonis,
1571 1938 1746 1982 quorum

108 2005 356 2061 significatio
392 2003 542 2060 pendet
575 2005 745 2045 omnino
779 2001 830 2045 ab
866 2001 1082 2044 homiuum
1126 2001 1418 2047 conventione,
1453 1999 1599 2040 cationi
1640 1996 1748 2038 1150

109 2080 305 2133 tanquam
347 2076 528 2131 «generi
557 2087 630 2129 per
653 2075 836 2130 speciem
864 2073 1130 2128 derogatur»
1171 2073 1282 2113 iuxta
1319 2083 1403 2125 reg.
1441 2070 1541 2110 iuris
1566 2067 1614 2109 34
1641 2069 1678 2109 in
1704 2065 1747 2107 60

112 2160 184 2204 per
216 2146 326 2190 hunc
347 2147 376 2204 ξ
399 2149 440 2188 4.
463 2145 601 2189 Salvis
635 2143 962 2195 conditionibus,
986 2148 1070 2186 tum
1107 2140 1380 2185 existentibus
1412 2145 1506 2182 ante
1540 2138 1749 2187 Codicem,

111 2223 196 2261 tum
232 2222 321 2275 post
363 2231 474 2270 eum,
508 2229 614 2274 quac
658 2215 858 2272 implicite
903 2214 969 2257 tali
1016 2212 1198 2257 clausula
1244 2212 1534 2263 admittuntur,
1567 2213 1748 2252 attamen

108 2288 313 2347 probante
350 2288 599 2339 0rdimzrio,
633 2290 752 2331 cuius
787 2286 1061 2329 iurisdictioni
1098 2284 1273 2327 ecclesia
1307 2282 1552 2325 subiiciatur
1581 2280 1630 2323 ad
1658 2293 1749 2322 uor-

114 2374 219 2403 mam
256 2373 345 2404 can.
372 2360 450 2402 198
484 2358 512 2417 ἓ
535 2359 569 2414 l,
603 2357 829 2416 appositis,
853 2370 932 2400 non
960 2370 1031 2413 per
1055 2354 1261 2413 quoslibet
1285 2358 1352 2396 aut
1378 2352 1545 2396 civilem
1571 2352 1750 2394 auctori-

114 2436 251 2485 tatem,
275 2431 346 2474 sed
372 2430 421 2473 ab
445 2429 534 2472 ictis
559 2428 796 2472 hominibus
830 2426 1083 2485 quibuslibet
1117 2430 1240 2469 etiam
1267 2423 1521 2476 acatholicis,
1547 2422 1619 2479 qui
1642 2436 1749 2465 cam-

110 2515 267 2560 panam
284 2501 538 2557 singularem
561 2501 755 2544 utendam
780 2499 893 2557 forle
915 2497 1124 2550 ‹ledet-int,
1143 2495 1383 2539 sustinendo
1412 2508 1448 2538 v,
1469 2507 1528 2549 gr.
1549 2505 1751 2548 expensas

115 2573 176 2616 vel
202 2573 251 2616 ad
277 2586 367 2616 eam
395 2571 646 2615 fundendam
673 2572 905 2614 necessaria
934 2568 1186 2625 praebendo,
1211 2580 1259 2609 eo
1283 2568 1391 2622 quod
1420 2564 1512 2607 illae
1547 2565 1625 2605 sint
1651 2576 1749 2605 con-

113 2644 289 2688 ditiones
326 2648 564 2687 contractus
601 2643 836 2686 donationis
859 2654 907 2684 ex
934 2642 1087 2683 iustitia
1110 2637 1344 2681 servandae
1371 2635 1433 2678 vel
1459 2648 1508 2678 ex
1539 2634 1750 2678 lidelitate.

117 2715 422 2771 praescriptum
461 2714 502 2772 §i
526 2718 608 2756 est:
643 2726 851 2770 eanipami
889 2710 1103 2753 benedicta
1145 2711 1183 2751 in
1226 2707 1300 2750 hoc
1340 2720 1498 2750 canone
1535 2706 1749 2761 designata

183 2822 317 2903 3011516
343 2822 419 2855 Iul.
444 2821 546 2862 1594,
572 2819 621 2854 ad
647 2819 680 2853 3.
710 2831 749 2853 n.
771 2820 828 2854 52.
851 2838 894 2842 ——
914 2818 927 2840 '²
955 2817 992 2851 S.
1020 2815 1060 2849 C.
1083 2816 1129 2849 R.
1152 2815 1192 2849 in
1213 2814 1429 2847 Eistetten.
1459 2813 1504 2846 23
1529 2812 1618 2847 Iun.
1645 2811 1750 2854 1853,

117 2881 154 2903 n.
214 2900 221 2902 „
283 2896 289 2902 .
