1965 3240
165 130 235 163 280

214 252 232 290 ς)
259 247 291 282 3.
315 246 594 293 Unumquodque
607 245 843 282 Seminarium
862 256 943 280 suas

167 295 257 340 leges
293 294 418 330 habeat
450 294 495 329 ab
521 293 688 340 Episcopo
718 293 940 340 approbatas,

167 343 202 377 in
231 342 357 388 quihus
392 341 475 387 quid
509 351 623 386 agere,
649 340 732 386 quid
760 341 943 375 observare

166 389 327 429 debeant,
353 389 544 424 doceantur
569 393 641 423 tum
670 389 727 433 qui
757 388 793 421 in
822 387 942 422 eodem

168 436 363 472 Seminario
382 436 417 470 in
436 447 533 482 spem
561 435 731 470 Ecclesiae
757 434 944 469 instituun-

167 489 235 519 tur.
264 488 338 518 tum
373 483 431 529 qui
469 484 504 517 in
536 483 659 517 horum
686 481 941 516 institutionem

167 542 306 577 operam
334 542 432 566 suam
459 530 681 575 impendunt.

215 582 234 620 ξ
252 577 285 613 4.
306 577 492 613 Seminarii
514 575 799 612 interdioecesani
821 575 872 610 vel
890 585 942 610 re·

167 625 318 671 gionalis
352 625 507 670 regimen
543 624 744 659 universum
775 627 807 657 et
832 621 944 657 admi-

167 672 328 708 nistratio
353 673 484 717 regitur
509 671 643 706 normis
668 681 688 705 a
715 669 842 705 Sancta
856 668 943 705 Sede

168 719 319 755 statutis.

215 766 298 802 CAN.
333 764 432 801 1358.
465 787 481 790 -
511 764 713 801 Curandum
743 768 779 798 ut
806 763 842 798 in
861 774 944 809 quo-

168 813 251 849 libet
270 812 466 849 Seminario
491 813 609 848 adsint
634 816 745 847 rector
764 822 824 857 pro
842 810 942 845 disci-

169 861 277 907 plina,
308 860 463 905 magistri
494 871 553 906 pro
579 858 821 899 instructione,
849 868 944 893 oeco-

167 919 295 944 nomus
321 919 381 954 pro
407 907 562 943 curanda
588 917 624 942 re
651 905 827 946 familiari,
848 916 868 940 a
893 915 945 940 re·

167 960 259 991 ctore
285 955 484 996 distinctus,
501 955 568 989 duo
594 953 715 989 saltem
743 952 944 988 confessarii

167 1002 335 1038 ordinarii
362 1007 395 1038 et
422 1002 570 1038 director
600 1001 754 1047 spiritus¹

216 1048 300 1085 CAN.
334 1047 428 1084 1359.
450 1070 473 1076 -
492 1053 511 1091 ἓ
540 1049 571 1083 1.
595 1047 812 1083 Dioecesanis
836 1045 946 1082 Semi-

168 1097 278 1132 nariis
304 1097 376 1132 bini
405 1097 663 1132 constituantur
696 1099 814 1130 coetus
839 1094 944 1139 depu-

168 1149 332 1185 tatorum,
358 1144 445 1179 alter
474 1155 532 1189 pro
558 1142 756 1189 disciplina,
772 1141 859 1176 alter
885 1152 946 1187 pro

167 1191 474 1227 administratione
497 1191 667 1226 bonorum
686 1188 943 1235 temporalium.

216 1243 235 1281 ἓ
261 1238 294 1273 2.
327 1238 518 1284 Utrumque
543 1238 787 1284 deputatorum
810 1240 945 1271 coetum

168 1286 386 1321 constituunt
425 1286 497 1320 bini
537 1285 743 1328 sacerdotes,
784 1283 827 1318 ab
868 1282 945 1329 Epi-

168 1344 284 1379 scopo,
299 1333 418 1368 audito
432 1332 605 1379 Capitulo,
622 1331 719 1367 electi
735 1343 741 1372 ;
763 1331 821 1366 sed
836 1331 946 1365 exclu

168 1381 300 1416 duntur
341 1380 496 1415 vicarius
534 1378 727 1420 Generalis,
758 1377 947 1413 familiares

171 1428 341 1474 Episcopi,
369 1432 480 1463 rector
510 1425 711 1468 Seminarii,
736 1436 947 1461 oeconomus

169 1480 202 1511 et
228 1475 428 1510 confessarii
456 1474 640 1509 ordinarii.

218 1527 236 1565 ξ
264 1522 296 1557 3.
326 1522 453 1557 Munus
479 1522 721 1567 deputatorum
751 1530 809 1565 per
826 1530 945 1555 sexen-

170 1570 269 1605 nium
296 1570 408 1611 durat,
423 1580 487 1604 nec
504 1569 601 1604 electi
629 1568 704 1603 sine
729 1567 824 1612 gravi
844 1577 948 1602 causa

169 1622 416 1657 amoveantur3
446 1616 504 1652 sed
531 1626 651 1651 rursus
669 1614 747 1660 eligi
771 1618 943 1660 poterunt.

217 1669 236 1707 ἓ
263 1662 295 1699 4.
325 1664 514 1710 Episcopus
540 1663 643 1698 debet
676 1662 861 1697 consilium
889 1662 946 1696 de-

170 1717 370 1758 putatorum
391 1711 426 1746 in
447 1710 596 1756 negotiis
619 1709 759 1745 maioris
779 1708 945 1744 momenti

171 1764 299 1805 petere.

217 1806 301 1842 CAN.
334 1804 436 1840 1360.
459 1826 475 1830 -
494 1809 513 1847 ἓ
541 1804 573 1839 1.
597 1804 710 1839 Firmo
736 1803 948 1849 praescripto

170 1864 248 1888 can.
271 1851 351 1895 891,
370 1852 410 1888 ad
441 1863 570 1887 munus
595 1851 752 1894 rectoris,
769 1850 948 1885 directoris

169 1901 325 1946 spiritus,
343 1899 634 1935 confessariorum
655 1903 687 1933 et
702 1898 947 1942 magistrorum

169 1947 356 1984 Seminarii
385 1947 560 1992 eligantur
586 1946 781 1981 sacerdotes
799 1956 869 1980 non
889 1945 948 1980 do-

169 1995 282 2030 ctrina
307 2000 457 2035 tantum,
476 1995 535 2030 sed
562 1995 667 2029 etiam
695 1992 881 2027 virtutibus
907 2003 948 2027 ac

170 2042 355 2084 prudentia
400 2045 624 2088 praestantes,
669 2040 727 2086 qui
771 2039 874 2075 verbo
916 2043 949 2074 et

169 2090 326 2135 exemplo
347 2089 502 2125 alumnis
531 2088 691 2134 prodesse
719 2088 867 2133 possint.

217 2141 236 2179 ξ
256 2136 288 2171 ⁵2.
312 2136 443 2172 Rectori
460 2135 646 2171 Seminarii
663 2135 697 2169 in
716 2134 863 2180 propriis
878 2145 948 2168 mu-

171 2184 313 2219 neribus
342 2183 531 2230 implendis
556 2183 795 2228 obtemperare
827 2191 949 2216 omnes

170 2231 308 2267 debent.

219 2277 303 2314 CAN.
339 2277 439 2312 1361.
468 2298 491 2303 -
517 2278 536 2323 ξ
567 2277 594 2313 1.
623 2276 759 2311 Praeter
775 2275 949 2311 confessa-

170 2325 240 2361 rios
277 2325 484 2366 ordinarios,
521 2324 580 2359 alii
619 2323 820 2358 confessarii
860 2322 949 2357 desi-

170 2377 323 2418 gnentur
340 2372 383 2407 ad
403 2383 488 2418 quos
508 2371 615 2406 libere
632 2370 766 2406 alumni
787 2370 949 2405 accedere

174 2420 320 2466 possint.

220 2471 239 2509 ξ
265 2466 297 2502 2.
324 2465 358 2501 Si
388 2466 408 2500 ii
436 2464 637 2501 confessarii
668 2468 764 2500 extra
791 2463 950 2499 Semina-

172 2514 262 2549 rium
282 2514 410 2558 degant
428 2518 460 2549 et
478 2513 644 2549 alumnus
662 2511 815 2556 aliquem
829 2522 948 2546 eorum

171 2561 274 2597 acciri
310 2561 471 2607 postulet,
501 2560 599 2594 illum
634 2563 744 2594 rector
781 2562 946 2599 arcessat,

174 2608 269 2644 nullo
298 2608 398 2644 modo
430 2607 606 2654 petitionis
636 2606 806 2641 rationem
833 2605 950 2650 inqui-

172 2666 253 2691 rens
288 2666 400 2702 neque
434 2666 469 2690 se
502 2665 604 2698 aegre
632 2653 663 2687 id
693 2652 781 2688 ferre
806 2653 950 2687 demon-

173 2707 310 2744 strans;
340 2703 367 2737 si
389 2702 422 2736 in
443 2700 639 2737 Seminario
666 2699 836 2740 habitent,
858 2700 950 2745 ipsos

173 2750 338 2785 alumnus
366 2749 471 2784 libere
496 2748 592 2783 adire
619 2751 741 2793 potest,
770 2747 864 2781 salva
891 2745 950 2782 Se-

175 2797 313 2832 minarii
341 2796 542 2842 disciplina.

222 2848 240 2886 g
267 2843 298 2879 3.
325 2843 474 2887 Quando
506 2842 622 2887 agitur
654 2841 696 2877 de
729 2841 873 2876 alumno
906 2841 949 2876 ad

424 129 509 162 Lm.
538 128 608 162 ΙΙΙ.
635 147 649 153 -
674 127 784 162 PARS
809 127 874 161 IV.
902 147 913 152 -
939 127 997 162 De
1021 127 1246 171 mayisterio
1271 126 1525 160 eeclesiastico

1015 244 1155 280 ordines
1194 243 1411 279 admittendo
1449 242 1501 278 vel
1538 252 1556 277 e
1594 240 1789 277 Seminario

1014 291 1230 337 expellendo,
1274 301 1458 336 nunquam
1499 288 1789 324 confessariorum

1017 344 1132 375 votum
1159 337 1371 383 exquiratur.

1063 385 1148 421 CAN.
1178 383 1282 420 1362.
1306 404 1323 411 -
1343 383 1485 420 Reditus
1508 382 1609 427 legati
1639 392 1698 428 pro
1723 380 1790 416 cle-

1017 434 1097 469 ricis
1112 432 1340 467 instituendis
1355 431 1458 466 tribui
1477 433 1620 470 possunt
1636 428 1791 464 alumnis

1016 481 1052 515 in
1080 479 1316 516 Seminarium
1343 478 1414 514 sive
1440 477 1553 512 maius
1579 477 1650 512 sive
1672 475 1791 511 minus

1017 528 1081 563 rite
1099 527 1256 572 receptiS,
1274 526 1352 561 lieet
1369 525 1527 561 nondum
1546 523 1695 560 clericali
1715 527 1791 558 ton-

1017 586 1097 610 sura
1124 573 1286 615 initiatis,
1303 574 1370 608 nisi
1389 572 1483 608 aliud
1503 572 1541 606 in
1558 571 1687 607 tabulis
1715 570 1792 605 fun·

1017 622 1168 658 dationis
1193 631 1351 666 expresse
1376 624 1551 655 caveatur.

1065 668 1149 705 CAN.
1180 667 1281 703 1363.
1297 689 1318 695 -
1337 672 1356 710 ξ
1384 667 1415 702 1.
1436 665 1475 701 ln
1494 663 1729 701 Seminarium
1747 663 1792 699 ab

1018 715 1206 752 Ordinatio
1231 726 1275 751 ne
1299 714 1543 755 admittantur,
1562 711 1630 747 nisi
1659 711 1719 746 filii
1747 710 1792 746 le-

1017 764 1128 809 gitimi
1149 774 1296 810 quorum
1315 762 1449 797 indoles
1467 765 1500 796 et
1518 760 1678 795 voluntas
1695 768 1792 804 spem

1017 811 1164 847 afferant
1196 821 1253 846 eos
1288 820 1366 845 cum
1403 809 1516 843 fructu
1550 805 1795 842 ecclesiasticis

1019 858 1223 894 ministeriis
1250 860 1413 904 perpetuo
1438 854 1677 890 inservituros.

1066 910 1085 948 ἓ
1115 905 1148 940 ⁶2.
1180 906 1379 951 Antequam
1420 901 1648 948 recipiantur,
1687 900 1791 935 docu-

1019 957 1138 989 menta
1161 951 1323 988 exhibere
1356 950 1484 986 debent
1509 948 1551 984 de
1577 946 1795 993 legitimitate

1018 1000 1202 1041 natalium,
1236 999 1278 1035 de
1314 996 1483 1044 susceptis
1520 995 1729 1042 baptismate
1761 998 1795 1029 et

1019 1047 1283 1083 confirmatione
1307 1057 1348 1081 ac
1373 1045 1414 1080 de
1442 1043 1511 1079 vita
1535 1047 1568 1079 et
1594 1041 1760 1077 moribus.

1066 1097 1084 1141 ς’
1111 1095 1143 1129 3.
1175 1093 1312 1129 Dimissi
1340 1104 1380 1128 ex
1405 1091 1485 1127 aliis
1510 1088 1716 1126 Seminariis
1742 1087 1794 1123 vel

1018 1152 1057 1177 ex
1076 1142 1192 1188 aliqua
1219 1141 1388 1186 religione
1405 1149 1450 1174 ne
1465 1138 1710 1178 admittantur,
1726 1134 1794 1170 nisi

1020 1189 1117 1235 prius
1146 1188 1347 1234 Episcopus,
1374 1186 1480 1222 etiam
1514 1189 1656 1220 secreto.
1684 1194 1704 1218 a
1730 1181 1794 1217 Su-

1020 1236 1213 1283 perioribus
1238 1236 1360 1271 aliisve
1378 1233 1520 1269 notitias
1537 1230 1732 1277 requisierit
1753 1229 1795 1264 de

1019 1295 1124 1319 causa
1149 1282 1365 1318 dimissionis
1383 1292 1423 1316 ac
1437 1280 1480 1316 de
1498 1279 1666 1321 moribus,
1680 1276 1796 1312 indole

1019 1336 1052 1366 et
1070 1331 1212 1376 ingenio
1238 1329 1476 1369 dimissorum,
1492 1332 1525 1363 et
1543 1330 1634 1362 certo
1660 1334 1795 1370 compe-

1019 1378 1102 1414 rerit
1128 1377 1216 1412 nihil
1244 1377 1280 1412 in
1306 1376 1355 1412 eis
1381 1386 1455 1411 esse
1480 1374 1571 1420 quod
1591 1370 1793 1409 sacerdotali

1020 1425 1123 1461 statui
1151 1425 1270 1460 minus
1295 1422 1499 1464 conveniat;
1531 1431 1618 1467 quas
1643 1418 1796 1460 notitias,

1021 1472 1156 1508 veritati
1191 1472 1394 1512 conformes,
1429 1480 1548 1505 eorum
1583 1465 1797 1503 conscientia

1019 1520 1170 1565 graviter
1187 1524 1343 1562 onerata,
1360 1516 1582 1564 suppeditare
1596 1513 1797 1560 Superiores

1019 1567 1159 1603 debent.

1068 1614 1152 1650 CAN.
1184 1611 1284 1648 1364.
1313 1634 1329 1638 -
1358 1611 1395 1647 ln
1432 1608 1655 1646 inferioribus
1686 1606 1797 1643 Semi-

1020 1662 1109 1697 narii
1138 1661 1283 1696 scholis:

1119 1708 1152 1743 1⁰
1179 1707 1405 1753 Praecipuum
1433 1705 1545 1740 locum
1572 1702 1728 1739 obtineat
1745 1711 1796 1736 re-

1021 1756 1162 1801 ligionis
1187 1755 1386 1800 disciplina,
1413 1763 1514 1798 quae,
1543 1750 1645 1786 modo
1678 1748 1796 1793 singu-

1021 1803 1131 1839 lorum
1159 1802 1300 1848 ingenio
1326 1806 1358 1837 et
1383 1799 1486 1835 aetati
1521 1796 1794 1836 accommodato,

1021 1850 1289 1895 diligentissime
1314 1847 1523 1894 explicetur3

1115 1897 1152 1931 '20
1178 1896 1331 1941 Linguas
1357 1893 1558 1941 praesertim
1593 1891 1737 1926 latinam
1765 1894 1799 1924 et

1023 1944 1169 1991 patriam
1196 1942 1330 1979 alumni
1357 1945 1517 1977 accurate
1545 1939 1748 1980 addiscant3

1117 1991 1154 2025 3⁰
1179 1990 1225 2026 Ea
1252 1991 1287 2025 in
1314 1989 1436 2025 ceteris
1468 1985 1664 2032 disciplinis
1699 1983 1797 2019 insti-

1021 2039 1108 2074 tutio
1133 2039 1290 2074 tradatur
1307 2048 1395 2083 quae
1413 2034 1598 2072 conveniat
1618 2030 1795 2083 communi

1021 2086 1179 2122 omnium
1194 2085 1351 2121 culturae
1368 2089 1401 2120 et
1419 2081 1522 2118 statui
1542 2080 1745 2116 clericorum
1760 2088 1795 2112 ln

1023 2133 1161 2179 regione
1176 2133 1233 2168 ubi
1252 2132 1386 2167 alumni
1406 2140 1543 2166 sacrum
1563 2126 1797 2163 ministerium

1021 2191 1178 2217 exercere
1204 2179 1344 2215 debent.

1071 2226 1154 2263 CAN.
1187 2225 1288 2262 1365.
1319 2246 1336 2251 —
1364 2229 1383 2268 ἓ
1412 2224 1442 2259 1.
1471 2224 1510 2259 ln
1543 2219 1796 2269 philosophiam

1022 2275 1227 2311 rationalem
1270 2272 1349 2308 cum'
1394 2270 1558 2307 affinibus
1603 2266 1798 2314 disciplinis

1022 2322 1156 2358 alumni
1186 2332 1246 2368 per
1271 2321 1444 2365 integrum
1464 2318 1587 2353 saltem
1614 2314 1796 2351 biennium

1022 2369 1242 2405 incumbant.

1070 2421 1089 2459 ἓ
1115 2416 1146 2450 2.
1179 2414 1309 2451 Cursus
1334 2412 1547 2457 theologicus
1573 2409 1693 2445 saltem
1715 2408 1798 2442 inte-

1022 2475 1083 2509 gro
1101 2461 1333 2509 quadriennio
1350 2460 1582 2499 contineatur,
1603 2462 1646 2497 et,
1667 2459 1799 2502 praeter

1023 2510 1229 2555 theologiam
1272 2507 1502 2553 dogmaticam
1546 2509 1577 2541 et
1616 2502 1796 2542 moralem,

1023 2557 1203 2603 complecti
1226 2556 1425 2602 praesertim
1444 2553 1545 2589 debet
1563 2550 1716 2587 studium
1744 2559 1796 2583 sa-

1022 2616 1100 2641 crae
1118 2603 1328 2649 Scripturae‚
1344 2601 1508 2637 historiae
1532 2597 1796 2639 ecclesiasticae,

1025 2653 1108 2687 iuris
1127 2650 1298 2691 canonici,
1318 2649 1488 2694 liturgiae,
1506 2657 1623 2682 sacrae
1640 2644 1798 2690 eloquen-

1023 2700 1091 2735 tiae
1115 2703 1148 2734 et
1174 2702 1297 2733 cantus
1325 2694 1562 2732 ecclesiastici.

1071 2750 1090 2789 ξ
1119 2745 1151 2780 3,
1187 2744 1389 2780 Habeantur
1421 2742 1524 2778 etiam
1561 2739 1726 2776 lectiones
1757 2737 1800 2789 de

1024 2792 1194 2837 theologia
1245 2790 1417 2837 pastorali,
1463 2788 1590 2824 additis
1640 2784 1798 2837 practicis

1023 2838 1328 2876 exercitationibus
1356 2835 1557 2883 praesertim
1591 2834 1633 2869 de
1665 2837 1799 2867 ratione
