1965 3240
146 122 216 156 344
271 98 273 101 .
361 136 364 138 v
407 122 491 156 Lm.
518 121 589 156 ΙΙΙ.
615 141 630 148 -
657 122 767 156 PARS
792 121 859 156 IV.
889 142 901 147 -
926 121 984 156 De
1009 123 1233 166 maqz‘sterz‘o
1258 122 1512 157 ecclesiastico

146 242 178 283 si
212 239 336 283 Sacra
371 239 500 283 Biblia
537 239 699 296 vulgari
733 239 871 296 lingua
907 242 1057 296 passim
1091 241 1179 282 sine
1201 239 1441 283 discrimine
1464 242 1772 297 permittantur,

146 309 237 366 plus
285 310 380 353 inde
431 309 483 354 ob
532 310 746 353 hominum
795 312 1088 364 temeritatem,
1121 309 1373 366 detrimenti,
1417 322 1540 368 quam
1587 310 1773 353 utilitatis

146 382 242 423 oriri
268 395 316 425 ›>:
352 385 472 436 prout
497 383 536 424 in
560 395 651 424 can.
678 382 793 427 1391
821 381 994 424 dicitur:
1033 378 1246 423 Versiones
1284 396 1305 421 «
1328 393 1514 424 omnes»
1551 394 1772 423 sacrarum

147 450 469 508 Scripturarum
503 453 669 508 proprie
692 451 842 506 dictae,
867 450 1010 508 quales
1034 450 1115 494 dici
1139 455 1350 507 nequeunt
1373 450 1661 494 translationes
1686 464 1773 494 ver-

145 521 386 578 siculorum,
420 521 712 578 capitulorum,
746 521 1060 578 evangeliorum
1106 525 1176 564 aut
1217 520 1484 578 epistolarum
1518 523 1644 564 totius
1675 524 1771 564 anni

147 591 340 648 liturgici,
374 594 499 636 etiam
533 592 625 636 libri
659 591 813 636 Tobiae
853 605 901 635 ex
949 591 1124 635 alicuius
1167 593 1348 648 regionis
1381 605 1472 647 usu,
1504 591 1547 634 in
1581 591 1771 649 linquam

148 661 414 705 vernaculam
446 663 573 706 idest:
609 662 837 706 adhibitam
874 665 912 705 in
947 676 1023 705 usu
1057 662 1209 706 actuali
1252 662 1426 705 alicuius
1469 661 1623 719 populi,
1659 662 1772 721 typis

146 733 334 790 imprimi
366 746 632 791 quocumque
666 736 860 790 processu
894 735 1107 777 mecanico
1140 738 1347 791 nequeunt
1381 732 1505 777 licite.
1537 730 1654 786 Quae
1677 746 1767 790 pro-

147 803 291 848 hibitio
325 808 626 861 consequenter
659 804 711 848 ob
745 803 1046 861 typographiae
1080 804 1202 847 tinem
1242 820 1264 844 α
1286 804 1411 847 efficit
1434 808 1477 847 ut
1501 803 1605 847 liber
1628 803 1771 861 (huius

149 874 367 931 versionis)
412 877 500 917 sine
549 874 688 918 debita
737 874 920 928 licentia,
951 887 1027 918 nec
1067 873 1161 931 legi,
1195 887 1270 918 nec
1304 875 1488 928 retineri,
1519 887 1595 917 nec
1632 874 1772 929 vendi,

146 958 222 988 nec
255 944 338 988 ullo
371 945 494 988 modo
533 958 628 988 cum
677 945 767 988 aliis
816 947 1115 989 communicari
1151 947 1320 1002 possit»
1359 944 1469 1002 (can.
1505 945 1633 998 1398,
1663 944 1691 1003 ἓ
1724 945 1767 1002 1)

145 1015 194 1059 ad
231 1028 417 1059 normam
454 1018 555 1059 iuris
579 1022 731 1072 praec.⁵
754 1016 977 1060 edicentis:
1003 1015 1116 1072 (Dec.
1141 1029 1283 1072 gener.
1307 1029 1345 1058 n.
1370 1016 1415 1068 7)
1440 1015 1533 1058 illae
1560 1017 1774 1059 versiones

149 1088 317 1129 «etiam
341 1099 362 1129 a
390 1088 489 1129 viris
522 1086 738 1130 catholicis
770 1087 997 1141 confectae,
1021 1089 1188 1129 omnino
1224 1086 1553 1143 prohibentur»,
1587 1090 1626 1129 et
1658 1087 1768 1143 quod

150 1172 172 1197 «
195 1156 271 1200 hae
318 1156 587 1200 nihilominus
638 1159 849 1200 versiones
882 1158 979 1214 (qua
1014 1156 1129 1218 tales)
1164 1159 1212 1200 iis
1244 1159 1313 1214 qui
1347 1156 1495 1200 studiis
1528 1156 1773 1213 theologicis

147 1227 213 1270 vel
248 1226 410 1271 biblicis
443 1228 542 1271 dant
573 1230 1117 1284 operam,permittuntur»
1155 1227 1295 1284 (Decr.
1330 1241 1469 1283 gener.
1493 1241 1532 1270 n.
1553 1226 1610 1284 8).
1634 1227 1771 1285 Atque

145 1300 185 1341 in
218 1298 369 1342 Codice
403 1312 476 1355 per
508 1311 596 1342 can.
634 1298 746 1342 1399
780 1298 857 1342 sub
889 1297 948 1341 n.⁰
973 1299 1017 1341 :5⁰
1045 1315 1066 1339 «
1091 1301 1178 1355 ipso
1202 1300 1290 1342 iure
1316 1297 1586 1355 prohibentur
1607 1314 1647 1339 ».
1672 1297 1771 1342 Con-

145 1369 245 1412 ditio
278 1369 477 1413 alterutra
521 1369 842 1426 prohibitionem
886 1371 1055 1413 canonis
1098 1369 1326 1413 excludens
1367 1371 1577 1427 sequitur:
1612 1368 1653 1426 a)
1686 1369 1773 1412 nisi

144 1439 230 1482 sint
263 1454 288 1482 a
321 1439 425 1483 Sede
456 1439 698 1498 Apostolica
735 1440 844 1497 (can.
878 1440 922 1497 7)
958 1454 996 1484 v.
1030 1454 1091 1497 gr.
1116 1453 1137 1483 a
1162 1439 1312 1496 Congr.
1336 1440 1375 1483 S.
1395 1437 1531 1484 Officii
1550 1439 1770 1497 probatae,

145 1511 254 1569 quod
289 1511 511 1564 sufficeret,
547 1510 588 1568 b)
622 1516 696 1553 aut
729 1511 815 1554 nisi
847 1510 1031 1554 edantur
1068 1511 1196 1555 idest:
1245 1511 1344 1554 liant
1391 1515 1430 1554 et
1477 1512 1771 1567 imprimantur
1817 1505 1820 1509 ⁴

144 1581 217 1624 sub
250 1581 477 1639 viyila=iilia
510 1580 831 1640 Epi-scoporunz,
865 1595 1042 1640 quorum
1086 1582 1135 1625 ad
1176 1594 1364 1625 normam
1399 1593 1489 1625 can.
1525 1582 1651 1636 1385,
1683 1580 1711 1639 ξ
1744 1582 1767 1624 ⁶2

144 1664 345 1696 censurae
378 1651 652 1696 subiiciantur
685 1657 847 1709 oportet
881 1654 921 1695 vi
954 1652 1076 1696 huius
1108 1654 1292 1703 canonis,
1326 1657 1364 1694 et
1397 1665 1488 1694 cuni
1526 1651 1765 1695 adnotatio-

144 1722 277 1773 nibus,
310 1735 416 1779 quae
451 1724 631 1766 reserant
664 1723 928 1766 traditionem
962 1736 1010 1766 ac
1042 1736 1206 1766 sensum
1242 1721 1453 1765 Ecclesiae
1486 1735 1768 1776 communem,

143 1796 240 1852 quin
275 1794 551 1838 excludantur
583 1794 837 1837 adiectiones
869 1793 974 1837 aliae
1007 1795 1097 1837 sive
1131 1794 1182 1837 (le
1215 1792 1497 1849 chronologia,
1522 1793 1572 1836 de
1595 1805 1768 1849 geogra-

144 1865 252 1922 phia,
288 1865 471 1919 historia,
505 1870 598 1920 etc,
631 1878 725 1908 cum
775 1865 938 1908 dicatur
987 1866 1025 1907 in
1074 1876 1252 1909 canone:
1293 1863 1522 1921 praecipue
1559 1863 1771 1921 eoecerptis

142 1936 287 1980 saltem
320 1936 456 1993 quoad
489 1949 674 1988 sensum,
710 1935 855 1978 melius
887 1935 1138 1993 quandoque
1164 1934 1413 1978 verbotenus
1436 1948 1487 1976 ea·
1508 1934 1667 1976 sanclis
1690 1933 1767 1977 Ec-

143 2006 296 2049 clesiae
332 2005 525 2048 Patribus
560 2007 726 2062 proprie
760 2005 894 2059 dictis,
929 2019 976 2048 eo
1010 2005 1119 2063 quod
1154 2009 1198 2048 ut
1231 2004 1331 2048 tales
1354 2004 1587 2048 habeantur
1620 2007 1657 2047 in
1691 2004 1769 2048 Ec·

144 2077 281 2133 clesia,
317 2084 442 2136 atque
472 2092 523 2120 eoe
555 2077 689 2121 doctis
711 2077 833 2121 simul
863 2075 1166 2134 catholicisque
1197 2074 1487 2133 scriptoribus.
1512 2074 1599 2118 Hae
1632 2075 1770 2118 condi-

143 2151 275 2192 tiones
312 2165 333 2190 «
357 2151 419 2192 ius
456 2154 572 2192 vetus
604 2148 721 2205 (Dec.
756 2162 849 2205 gen.
885 2161 924 2190 n.
950 2147 1023 2204 17)
1058 2160 1106 2190 ex
1143 2149 1303 2203 integro
1339 2147 1566 2190 referunt»
1602 2147 1708 2200 (can.
1729 2148 1767 2200 6,

146 2220 217 2272 20).
242 2219 421 2264 Verbum
452 2220 817 2264 «adnotationes»
845 2219 1068 2263 secumfert
1094 2231 1236 2261 earum
1262 2229 1499 2274 expressam
1526 2215 1766 2259 relationem

143 2291 193 2334 ad
229 2295 413 2346 textum,
447 2303 496 2334 an
533 2304 632 2334 vero
665 2292 703 2333 in
738 2293 820 2333 imo
856 2291 1100 2346 paginarum
1136 2288 1229 2331 illae
1262 2290 1355 2343 sint,
1391 2289 1525 2343 prouti
1559 2287 1639 2330 sert
1672 2299 1771 2329 usus

144 2362 452 2418 praeferendus,
488 2361 551 2405 vel
587 2361 754 2404 diversa
777 2363 925 2417 capita,
951 2359 1161 2417 librosque
1184 2362 1411 2416 sequantur
1437 2357 1499 2400 vel
1526 2359 1564 2400 in
1589 2357 1768 2400 editione

143 2431 239 2475 alibi
275 2437 493 2488 ponantur,
527 2434 600 2475 etsi
651 2434 787 2474 minus
836 2430 1091 2474 laudandum
1134 2432 1200 2484 sit,
1233 2430 1379 2472 canoni
1412 2432 1473 2471 est
1515 2427 1769 2471 indifferens.

142 2502 277 2559 Atque
300 2502 350 2545 ad
376 2504 634 2558 quaesitum:
664 2506 841 2544 «utrum
863 2500 984 2544 liceat
1008 2502 1046 2543 in
1071 2498 1322 2543 editionibus
1346 2499 1549 2541 versionis
1568 2496 1767 2553 Vulgatae

143 2578 225 2616 tam
258 2572 363 2615 Novi
397 2585 520 2630 quam
560 2571 718 2616 Veteris
750 2571 1001 2615 Testamenti
1036 2570 1234 2614 lectiones
1279 2568 1416 2613 varias
1458 2568 1593 2611 aliave
1626 2566 1766 2610 huius-

143 2643 253 2686 modi
287 2643 566 2687 studiosornm
602 2643 842 2686 adiumenta
891 2641 940 2685 ad
990 2640 1146 2685 calcem
1181 2639 1335 2683 Textus
1376 2638 1587 2683 adiicere?
1622 2663 1674 2668 -
1709 2637 1767 2681 Re

141 2715 388 2768 examinata,
426 2713 538 2757 Pont.
571 2711 729 2757 Comm.
763 2709 920 2756 Biblica
955 2711 1188 2767 respondit:
1223 2710 1485 2753 Atl‘irmative
1509 2724 1530 2748 ))
1560 2708 1587 2748 ¹.

262 2868 270 2887 1
301 2866 342 2900 17
369 2866 467 2900 Nov.
499 2866 602 2907 1921,
634 2864 709 2900 co.
738 2864 845 2908 XIV,
874 2864 932 2898 27.
