1965 3240
716 462 1261 524 ADDENDA
1543 474 1570 501 0

253 704 314 738 Ad
341 717 429 750 pag.
459 707 502 740 16
529 712 619 751 post
645 709 690 750 ΞΠ)
719 709 766 741 1¹¹²
793 714 894 742 cans.
926 707 1029 741 1164.
1058 707 1134 741 Hic
1168 706 1311 741 referre
1350 718 1560 751 possumus
1601 706 1788 750 Dubium,

159 763 263 808 quod
295 779 309 793 ι
331 764 468 799 Sacrae
495 765 578 800 Rit.
608 766 766 811 Congr.i
792 778 861 812 pro
887 771 1111 811 opportuna
1137 766 1402 800 declaratione
1428 766 1653 810 expositum
1683 765 1788 809 iuit3

160 822 370 857 nimirum:
400 825 411 846 ¹
432 824 577 860 Utrum
595 825 636 859 in
656 826 833 860 ecclesiis
851 836 1064 870 earumque
1084 825 1234 871 cryptis
1261 825 1397 859 divino
1424 825 1551 859 cultui
1579 823 1791 858 destinatis

159 893 352 927 apponere
386 883 504 918 liceat
538 884 696 919 tabulas
730 896 819 919 cum
851 885 1177 930 inscriptionibus
1203 888 1243 918 et
1270 884 1499 918 nominibus
1525 883 1702 917 fidelium
1729 882 1791 917 de-

159 941 388 976 functorum
414 953 580 987 quorum
607 954 766 988 corpora
793 944 893 978 inibi
919 943 1120 978 tumulata
1146 955 1224 978 non
1252 947 1350 977 sunt
1375 954 1446 977 nec
1481 941 1672 976 tumulari
1706 952 1788 986 pos-

159 1006 255 1035 sunt
273 1001 388 1035 iuxta
407 1013 597 1036 canonem
618 1003 743 1046 1205}
770 1004 804 1037 2.
836 1003 927 1038 Cod.
956 1003 987 1038 Ι.
1017 1003 1058 1037 C.
1090 1023 1130 1028 —-
1158 1003 1210 1037 Et
1238 1003 1274 1037 S.
1305 1003 1387 1037 Rit.
1418 1002 1610 1048 Congr....
1639 1013 1792 1046 respon·

160 1058 331 1094 dandum
357 1060 532 1095 censuit:
561 1062 652 1096 Non
679 1063 802 1104 licere,
833 1063 948 1096 iuxta
973 1062 1071 1096 alias
1097 1062 1363 1096 resolutiones
1381 1066 1422 1096 et
1439 1061 1487 1095 ad
1507 1061 1707 1095 tramitem
1733 1060 1794 1095 de-

160 1119 259 1153 creti
286 1119 322 1154 S.
350 1119 396 1154 R.
424 1120 465 1154 C.
495 1131 534 1155 n.
563 1121 633 1155 733
659 1127 700 1155 et
727 1133 811 1156 can.
838 1122 852 1144 ‘2
880 1122 972 1156 1450
997 1125 1016 1163 ξ
1045 1122 1061 1154 1
1091 1121 1182 1158 Cod.
1209 1122 1239 1155 Ι.
1270 1121 1309 1156 G·
1330 1137 1362 1156 ».

255 1179 469 1213 Decretum
495 1179 533 1214 S.
555 1180 602 1214 R.
632 1180 672 1215 Ο.
699 1193 737 1215 n.
767 1181 836 1216 743
861 1180 940 1215 fuit
967 1181 1103 1215 datum
1130 1181 1169 1215 in
1198 1181 1380 1215 Comen.:
1416 1196 1430 1211 α
1450 1181 1558 1215 Emo.
1584 1178 1792 1214 Sacchetto

159 1236 354 1272 referente
381 1239 617 1283 petitionem
643 1240 847 1274 cuiusdam
873 1240 1058 1284 familiae,
1089 1252 1186 1285 quae
1213 1252 1234 1274 a
1260 1239 1531 1274 fundamentis
1562 1241 1793 1273 extruxerat

160 1296 385 1342 Cappellam
404 1298 444 1332 in
463 1298 640 1332 Ecclesia
657 1299 887 1343 parochiali,
916 1311 1079 1344 eamque
1106 1299 1347 1333 sufficienter
1371 1302 1417 1333 ut
1443 1298 1704 1338 asserebatur,
1733 1297 1793 1331 do—

159 1356 279 1391 tavit:
308 1368 358 1390 an
385 1357 427 1391 in
454 1368 499 1392 ea
524 1357 662 1392 liceret
688 1357 848 1404 affigere
876 1359 1156 1404 inscriptiones
1183 1359 1358 1393 virorum
1377 1359 1418 1392 in
1436 1358 1648 1403 Dignitate
1673 1357 1792 1391 eccle-

157 1415 319 1449 siastica
335 1417 649 1451 constitutorum
668 1429 716 1452 ex
735 1418 869 1452 eadem
894 1417 1046 1452 familia
1071 1430 1156 1452 cum
1185 1417 1430 1463 imaginibus
1457 1421 1496 1451 et
1522 1417 1670 1451 statuis
1695 1416 1792 1461 ipso-

159 1474 274 1509 rum?
301 1475 353 1508 Et
381 1475 420 1510 S.
449 1476 495 1512 R.
523 1476 563 1511 C.
593 1477 817 1521 respondit:
847 1478 934 1512 Non
961 1478 1078 1512 licere
1098 1493 1132 1511 ».
1160 1478 1234 1512 Die
1259 1479 1280 1510 ‘2
1307 1477 1445 1511 Martii
1473 1476 1577 1510 1641.

255 1533 316 1567 Ad
342 1546 434 1580 pag.
464 1536 532 1569 154
557 1540 647 1581 post
673 1540 720 1578 §¹¹²
751 1538 796 1570 1m
824 1544 928 1571 can.³
955 1536 1059 1571 1261.
1083 1537 1142 1571 Ad
1161 1536 1475 1581 divulgationem
1497 1535 1702 1581 sequentis
1719 1535 1792 1569 De-

161 1593 259 1627 creti
278 1592 316 1627 S.
338 1593 421 1628 Rit.
450 1594 613 1640 Congr.s
641 1595 681 1629 in
708 1595 782 1630 hac
807 1601 966 1630 tantum
993 1596 1168 1630 editione
1194 1607 1364 1641 sequens
1390 1595 1602 1630 inserimus
1630 1594 1793 1628 dubium

161 1652 280 1687 simul
306 1664 395 1687 cum
421 1665 620 1698 responsO.
650 1655 664 1677 ³
696 1670 709 1685 α
729 1655 875 1690 Utrum
900 1655 1095 1690 Rubricae
1122 1667 1220 1700 quae
1246 1655 1288 1689 in
1314 1656 1412 1690 Ritu
1445 1655 1663 1689 celebrandi
1697 1654 1792 1688 Mis-

159 1721 259 1754 sam,
297 1712 363 1746 tit.
405 1712 488 1754 VII,
525 1725 565 1747 n.
601 1713 636 1755 8,
673 1721 714 1748 et
749 1715 814 1748 tit.
852 1714 960 1756 VIII,
989 1726 1028 1749 n.
1058 1716 1092 1757 6,
1120 1714 1396 1759 praescribunt
1425 1714 1610 1748 ministro
1635 1713 1793 1758 pulsare

161 1771 434 1816 campanulam
461 1771 509 1806 ad
535 1772 704 1808 Sanctus
731 1778 770 1807 et
796 1775 848 1809 acl
872 1775 1125 1809 elevationem
1155 1775 1314 1808 Hostiae
1339 1776 1373 1808 et
1405 1773 1561 1814 Calicis,
1589 1777 1678 1818 post
1704 1783 1794 1806 con-

159 1830 432 1875 secrationem,
461 1831 719 1876 applicandae
746 1833 828 1866 sint
854 1834 975 1867 etiam
1009 1833 1057 1867 ad
1091 1833 1232 1867 Missas
1265 1833 1475 1867 sollemnes
1509 1843 1578 1866 seu
1612 1835 1794 1866 cantatas

159 1895 201 1923 et
233 1889 496 1935 pontificales,
533 1890 579 1925 de
612 1891 756 1936 quibus
783 1896 918 1927 tamen
944 1893 1047 1927 circa
1073 1892 1346 1938 campanulam
1372 1892 1606 1937 pulsandam
1633 1891 1794 1926 Missale

161 1949 389 1984 Romanum
415 1949 457 1984 in
483 1950 619 1985 citatis
645 1951 780 1985 titulis
798 1959 839 1986 et
862 1952 1151 1987 Cooremonz'ale
1169 1953 1468 1997 Episcoporum,
1490 1951 1560 1985 lib.
1580 1951 1629 1988 Π,
1648 1961 1732 1995 cap.
1754 1950 1790 1994 8,

163 2007 284 2042 silent
299 2008 315 2043 ἱ)
335 2024 350 2039 »

252 2067 304 2101 Et
331 2067 447 2102 Sacra
464 2068 599 2102 eadem
617 2069 896 2115 Congregatio‚
917 2070 1054 2105 audito
1072 2070 1254 2115 specialis
1273 2070 1569 2104 Commissionis
1586 2067 1790 2114 suffragio,

157 2126 394 2171 quibusdam
431 2127 588 2162 casibus
626 2139 648 2162 a
685 2139 884 2163 communi
921 2130 1059 2175 regula
1098 2130 1174 2164 iam
1208 2129 1384 2174 exceptis
1410 2141 1478 2174 per
1504 2132 1660 2163 decreta
1686 2129 1793 2163 edita

158 2196 225 2219 nn.
254 2185 361 2229 3157,
389 2186 655 2228 Mechlinien.,
684 2188 731 2221 ad
760 2189 803 2221 10
830 2190 866 2233 (5
894 2189 1000 2234 Sept.
1033 2189 1150 2232 1867),
1180 2190 1287 2230 3448,
1317 2189 1529 2223 Societatis
1563 2189 1667 2232 Iesu,
1695 2188 1743 2222 ad
1770 2189 1791 2220 '2

159 2247 216 2289 (11
254 2245 348 2279 Maii
384 2246 488 2289 1878)
525 2251 565 2280 et
598 2247 703 2289 3814,
735 2247 954 2283 Dubiorum
981 2251 1039 2294 (31
1068 2249 1166 2283 Nov.
1200 2249 1317 2293 1893),
1347 2249 1525 2293 inspecta
1550 2249 1663 2294 praxi
1690 2260 1791 2283 com-

158 2304 271 2338 muni
297 2315 336 2338 et
362 2305 542 2350 antiqua,
579 2307 780 2351 perpensis
805 2308 1029 2342 rationibus
1056 2319 1153 2353 quae
1180 2308 1221 2342 in
1248 2319 1340 2342 casu
1366 2319 1488 2352 aeque
1518 2308 1699 2342 militant
1724 2319 1792 2352 pro

158 2362 292 2397 Missis
316 2364 484 2409 privatis
512 2369 551 2399 et
577 2365 667 2400 aliis
692 2366 1033 2412 sollemnioribus3
1062 2378 1222 2412 nempe:
1251 2367 1583 2402 Christifidelium
1602 2366 1789 2410 attentio,

159 2422 326 2462 laetitia.
344 2423 514 2465 devotio,
529 2424 621 2459 fidei
640 2425 857 2460 catholicae
875 2427 1064 2471 professio
1084 2427 1125 2461 in
1146 2438 1277 2462 veram
1303 2438 1346 2461 ac
1368 2427 1513 2461 realem
1532 2427 1623 2461 Iesu
1643 2426 1793 2461 Christi

158 2483 422 2526 praesentiam
449 2484 490 2517 in
517 2483 648 2518 SSma.
678 2485 940 2526 Eucharistia,
959 2498 1171 2531 eorumque
1190 2486 1430 2521 consociatio
1449 2487 1643 2532 angelicis
1663 2485 1793 2520 choris

157 2540 204 2574 ad
242 2541 482 2576 laudandum
516 2543 642 2578 De'um
676 2548 716 2578 et
750 2544 1012 2586 adorandum3
1049 2557 1168 2590 quum
1199 2557 1325 2590 neque
1351 2546 1485 2580 obstet
1512 2550 1790 2590 praenotatum

157 2599 375 2641 silentium,
405 2601 520 2646 quod,
549 2604 654 2636 sicut
680 2604 722 2637 in
749 2604 840 2638 aliis
875 2605 1143 2648 caeremoniis,
1180 2605 1391 2649 suppletur
1422 2605 1463 2638 in
1500 2616 1592 2638 casu
1627 2616 1693 2649 per
1730 2615 1794 2638 ex-

157 2669 309 2702 pressas
342 2659 534 2694 Rubricas
563 2672 661 2705 quae
688 2673 766 2696 non
793 2662 1054 2706 distinguunt
1081 2664 1187 2697 inter
1213 2663 1353 2697 Missas
1379 2664 1555 2708 privatas
1583 2668 1622 2697 et
1650 2663 1794 2697 Missas

252 2820 259 2842 ¹
285 2823 324 2851 20
345 2823 420 2852 Oct.
445 2824 536 2853 1922.
561 2824 629 2854 CO.
655 2823 743 2861 XIV,
769 2825 839 2853 557.

247 2873 261 2895 ²
285 2876 349 2905 Hic
373 2883 467 2905 certo
492 2878 631 2914 irrepsit
655 2878 816 2907 mendum
841 2879 955 2916 quoad
980 2889 1160 2908 numerum
1185 2881 1340 2909 canonis.

250 2927 264 2949 ³
287 2930 326 2958 25
351 2929 514 2959 Octobris
538 2931 628 2959 1922.
655 2931 724 2961 CO.
750 2931 840 2967 XIV,
863 2933 933 2962 557.
