1965 3240
459 151 542 185 ΤιΤ.
575 150 699 184 XXV.
725 169 738 175 -
764 149 822 185 De
848 149 1040 194 beneficii-s·
1066 150 1331 183 ecclesiasticis
1642 147 1712 182 463

117 304 228 351 Caput
253 304 292 339 V.
344 325 386 329 —
415 304 449 338 in
477 314 603 347 genere
1509 301 1594 337 Can.
1624 300 1712 336 1472

83 347 339 414 &iuribus—1
1016 397 1020 401 Ι
1671 397 1688 404 υ

348 419 384 423 -
413 399 525 444 quoad
555 398 810 433 usumfructum
838 397 1085 442 temporalium
1554 413 1567 427 ‚›
1626 395 1713 432 1413

348 514 388 517 -
416 493 505 528 circa
533 492 692 528 ordinem
720 491 835 527 forsan
863 491 1070 537 requisitum
1556 507 1569 524 »
1626 490 1714 527 1474

341 537 389 613 i—
417 587 530 632 quoad
560 586 745 633 peculiaria
774 586 930 622 beneficii
951 596 1056 621 onera
1083 591 1115 621 et
1142 586 1304 620 horarum
1325 587 1507 622 canonica-

369 645 447 669 rum
475 634 713 670 recitationem
1557 648 1571 665 »
1629 632 1717 668 1475

84 691 116 721 et
131 683 309 728 obligatio—

126 731 231 766 nibus
287 751 331 755 —
645 749 686 752 —
714 727 882 763 canonice
907 727 1059 772 gerenda
1558 743 1572 759 »
1629 726 1717 762 14711

125 777 310 814 beneficia-
638 780 639 783 ’

126 827 256 862 riorum
639 835 688 848 ¹——
715 823 826 868 quoad
854 827 1014 868 sumptus
1040 822 1225 867 diligenter
1254 822 1411 858 ferendos
1558 837 1573 856 1>
1630 821 1717 857 1477

641 939 687 966 k—
717 918 780 953 sub
804 917 904 953 Ordi-
934 939 983 953 .—
1011 917 1192 962 vigilantia
1560 932 1574 950 »
1633 916 1720 953 1478

641 970 643 1003 ξ
671 966 757 1000 narii
788 965 849 1000 loci
882 986 924 990 —

344 996 608 1048 1-1113111111111-
641 1022 644 1065 ’ἱ
945 1033 985 1037 -
1012 1012 1247 1058 dependentia
1273 1012 1384 1058 quoad
1421 1012 1508 1048 loca-

374 1060 540 1096 stratione
588 1071 643 1083 —*
964 1059 1076 1095 tiones
1563 1075 1576 1091 »
1632 1060 1720 1095 1479

643 1177 645 1200 3
939 1176 987 1202 ‚—
1015 1155 1050 1189 in
1079 1166 1159 1190 casu
1186 1154 1300 1190 obitus
1562 1170 1576 1186 n
1636 1153 1722 1190 1480

644 1203 692 1244 ξ-
729 1203 904 1237 fructuum
938 1212 940 1237 1

940 1336 987 1369 i-
1016 1345 1107 1390 quod
1142 1345 1183 1380 ad
1221 1345 1371 1380 mediam
1401 1356 1512 1380 anna—

969 1397 1038 1427 tam
1066 1392 1190 1428 attinet
1565 1407 1579 1424 »
1636 1391 1725 1428 1482

644 1250 830 1302 4beneficii
884 1243 987 1293 —i—
1016 1249 1172 1284 vacantis
1562 1264 1577 1281 »
1634 1248 1719 1285 1481

645 1308 646 1343 1

645 1345 646 1362 i

646 1419 647 1431 l

646 1439 647 1472 l

646 1476 693 1511 1—
722 1487 890 1522 bonorum
920 1497 1063 1522 mensae
1088 1499 1127 1522 ac
1153 1488 1277 1522 domus
1306 1487 1512 1533 episcopalis
1564 1502 1578 1519 »
1635 1486 1724 1522 1483

217 1621 315 1664 376.
353 1623 611 1678 Inscriptio
647 1623 834 1678 Capitis
887 1624 1109 1679 ordoque
1152 1636 1390 1668 canonum
1430 1624 1477 1667 in
1512 1637 1588 1668 eo.
1622 1621 1722 1666 Cuni

95 1694 246 1748 omnia,
273 1704 378 1750 quae
395 1692 445 1736 ad
466 1692 735 1736 obtinendum
771 1692 1018 1737 beneficium
1054 1692 1268 1751 quodlibet
1293 1698 1483 1736 maneant
1509 1695 1546 1736 in
1572 1693 1722 1738 Codice

100 1768 364 1820 pertractata,
398 1767 542 1820 sponte
574 1766 762 1820 sequitur
805 1764 1140 1820 cognoscendum
1190 1763 1324 1822 Capu!
1369 1763 1406 1815 l}
1441 1765 1550 1822 quod
1585 1767 1727 1809 inscri-

101 1839 213 1891 ptum
253 1839 314 1877 est
347 1832 407 1877 De
440 1833 602 1876 iuribus
636 1836 674 1877 in
710 1848 877 1891 genere,
912 1839 950 1878 et
984 1836 1119 1892 quoad
1156 1835 1397 1891 temporalia
1433 1838 1470 1878 in
1505 1839 1657 1892 specie,
1691 1842 1729 1878 e!

99 1904 425 1962 obliyatiom‘bus
458 1904 738 1962 peculiaribus
771 1905 1131 1961 beneficiariorum
1166 1919 1245 1962 qna
1280 1906 1439 1960 talium,
1473 1908 1540 1964 qni
1575 1909 1633 1950 sic
1658 1920 1727 1949 vo-

102 1981 248 2020 cantur
283 1980 450 2032 propter
484 1975 730 2020 beneficium
766 1979 932 2033 proprie
971 1977 1142 2028 dictum,
1182 1977 1290 2034 quod
1317 1991 1359 2020 re
1386 1990 1483 2021 vera
1508 1978 1729 2034 possident.

220 2047 382 2090 Primus
414 2049 560 2103 capitis
593 2060 681 2090 can.
719 2047 833 2091 147⁶.)
865 2050 1048 2091 continet
1081 2049 1132 2091 (le
1167 2048 1245 2091 illis
1278 2048 1437 2092 iuribus
1467 2050 1730 2105 principium,

103 2120 169 2162 cui
202 2117 462 2161 subnectitur
494 2130 583 2162 can.
619 2117 723 2161 alter
755 2119 805 2161 de
831 2120 1044 2163 usufructu
1069 2120 1358 2177 temporalium
1379 2134 1472 2163 cum
1494 2126 1612 2164 enata
1638 2121 1731 2164 inde

104 2188 368 2246 obligatione.
402 2189 520 2232 Aliae
553 2189 787 2233 subduntur
821 2189 1109 2247 obligationes,
1133 2192 1183 2234 de
1207 2191 1357 2248 quibus
1380 2204 1559 2235 canones
1587 2194 1645 2235 sic
1671 2206 1730 2235 re-

110 2265 354 2313 censentur;
377 2259 593 2303 videlicet:
613 2273 703 2305 can.
727 2261 836 2303 1474
849 2261 900 2304 de
919 2262 1063 2306 ordine
1081 2265 1278 2319 requisito
1298 2262 1493 2319 loquitur,
1512 2263 1730 2307 ean.1475

110 2330 160 2373 de
185 2331 464 2387 peculiaribus
496 2330 687 2375 beneticii
723 2331 919 2376 oneribus
951 2346 997 2376 ac
1032 2333 1082 2376 de
1118 2333 1313 2377 breviarii
1334 2336 1587 2387 recitatione,
1611 2336 1731 2377 sicuti

109 2402 159 2445 de
192 2401 548 2445 administratione
581 2401 783 2446 bonorum
821 2402 1012 2448 beneficii
1042 2409 1133 2447 sunt
1169 2417 1257 2449 can.
1298 2405 1419 2459 1476,
1458 2405 1583 2447 1477.
1627 2404 1732 2448 Huic

110 2472 455 2516 administrationi
500 2473 736 2530 advigilans
777 2474 898 2518 datur
940 2488 989 2518 ex
1024 2488 1112 2518 can.
1152 2476 1274 2529 1478,
1310 2478 1551 2532 praesertim
1596 2477 1731 2533 quoad

113 2544 338 2587 locationes
363 2544 564 2587 ineundas
598 2546 635 2587 in
671 2557 760 2589 can.
780 2549 983 2603 sequenti.
1019 2546 1161 2590 Postea
1186 2548 1342 2590 tructus
1366 2546 1553 2590 beneticii
1580 2550 1617 2590 in
1637 2561 1733 2591 casu

111 2613 246 2657 obitus
265 2619 335 2657 aut
368 2613 558 2658 beneficii
595 2618 782 2659 vacantis
814 2617 1107 2661 adiudicantnr
1141 2632 1213 2674 per
1244 2630 1332 2661 can.
1362 2618 1624 2672 1480-1482,
1650 2621 1736 2675 qni·

110 2684 185 2728 bus
219 2684 411 2728 subditur
435 2684 604 2728 ultimus
626 2697 715 2729 cau.
742 2686 854 2729 1483
873 2687 924 2730 de
942 2687 1299 2731 administratione
1334 2687 1533 2731 bonorum
1572 2702 1735 2732 mensae

110 2768 156 2800 ac
181 2755 329 2799 domus
355 2755 615 2819 episcopalis.

232 2826 332 2870 377.
367 2829 476 2873 lura
507 2830 816 2875 beneficiarii
850 2833 1109 2878 cuiuslibet
1142 2836 1326 2874 recenset
1360 2831 1539 2888 quadam
1573 2830 1649 2874 sub
1667 2844 1737 2887 ge-

115 2897 241 2941 nerali
277 2896 451 2941 formula
487 2911 577 2940 erm.
613 2901 745 2942 1472.
780 2925 832 2931 —
871 2899 1056 2954 Quilibet
1088 2901 1390 2958 beneficiarius,
1426 2915 1604 2958 nempe:
1639 2901 1739 2945 obti-
