1965 3240
191 117 259 152 150
779 115 865 149 Lm.
893 115 965 149 111.
994 135 1009 140 -
1033 115 1091 150 De
1114 116 1227 150 rebus

308 233 350 270 Ec
375 234 453 269 haec
491 233 658 281 responsio
691 233 880 269 extenditur
917 233 1018 268 etiam
1055 232 1099 268 acl
1133 231 1266 279 puellas
1300 243 1485 279 puerosque
1517 232 1816 277 schismaticorum,

191 293 446 337 haereticorum,
475 300 504 328 et
530 293 738 334 iudaeorum,
768 293 958 339 eoepressel.

309 351 368 398 Ep.
396 351 597 396 Quebecen.
627 372 668 379 —
697 351 740 386 ⁶23
769 350 866 387 Febr.
895 349 984 385 1820
1013 350 1086 395 (X).

311 425 326 443 «
347 409 379 445 3.
412 410 599 446 Deficiente
623 410 792 446 catholico
818 409 891 445 viro
916 409 959 445 ad
987 409 1198 455 pulsandum
1225 420 1396 453 organum
1424 409 1459 443 in
1487 409 1631 445 ecclesia
1665 409 1816 456 quadam

188 469 367 511 catholica,
395 473 552 516 potestne
577 469 785 515 temporarie
809 469 852 504 ad
879 468 982 503 istam
1010 468 1225 503 functionem
1245 467 1382 504 admitti
1403 468 1557 504 musicus
1575 468 1817 505 acatholicus?

188 549 233 553 —
260 528 312 563 Ad
339 527 373 563 3.
402 528 545 564 Remoto
570 528 734 564 scandalo
760 527 813 563 vel
839 526 995 562 scandali
1023 526 1186 572 periculo,
1212 526 1418 562 affirmative
1437 541 1468 561 ι).

305 586 401 622 Miss.
431 586 556 622 Tenos.
586 586 622 621 in
652 586 890 632 Peloponneso
904 586 929 620 2.

310 660 325 678 «
348 646 378 681 1.
404 646 459 681 An
486 646 587 682 liceat
613 645 792 681 catholicis
820 644 939 680 latinis
964 644 1155 679 concedere
1183 644 1233 680 vel
1262 644 1461 690 permittere
1487 649 1524 680 ut
1549 645 1586 679 in
1620 656 1738 681 eorum
1764 656 1816 681 ec-

188 705 302 741 clesiis
329 704 469 740 Missam
496 705 671 741 celebrent
700 703 911 750 praesbyteri
939 703 1050 748 graeci
1079 703 1177 744 ritus.v
1208 703 1435 747 schismatici,
1460 708 1493 739 et
1519 704 1695 749 haeretici,
1715 709 1818 750 atque

191 765 254 800 hos
280 764 463 800 admittere
489 764 525 798 in
554 763 735 799 funeribus
761 762 1009 798 catholicorum
1037 762 1295 797 defunctorum.
1324 783 1367 788 -
1395 762 1433 799 R.
1458 763 1502 798 ad
1532 763 1563 798 1.
1592 763 1644 798 Ad
1668 763 1816 809 primam

191 827 323 869 partem
350 823 468 858 dubii:
510 821 584 858 Non
612 823 735 866 licere3
766 821 914 856 maxime
940 821 1031 866 quod
1060 820 1278 856 Patriarchae
1313 821 1693 868 Constantinopolitani
1726 833 1817 858 com·

191 882 476 918 memorationem
507 882 648 925 faciant,
677 886 710 917 et
738 881 862 917 festum
883 880 1057 915 celebrent
1084 880 1228 915 infamis
1248 880 1418 916 Palamas.
1439 880 1474 917 td
1494 881 1588 916 enim
1609 881 1752 927 perinde
1769 886 1820 917 est

189 952 227 977 ac
247 941 444 977 consentire
472 952 589 977 eorum
620 940 801 976 haereticis
827 939 965 981 ritibus⁷
993 943 1026 974 et
1051 939 1311 975 communicare
1328 951 1407 974 cum
1426 940 1531 975 eisin
1550 951 1669 975 eorum
1696 941 1816 983 sacris,

189 1000 413 1036 schismatico
438 1005 470 1036 et
498 1000 668 1035 haeretico
696 999 828 1034 furfure
855 998 1014 1044 pollutis;
1043 1002 1103 1033 aut
1130 998 1252 1033 saltem
1279 998 1495 1034 occasionem
1517 999 1681 1045 praebere
1702 999 1818 1035 catho-

190 1060 266 1094 licis
291 1060 334 1095 ad
363 1059 490 1095 latinas
515 1057 832 1094 intervenientibus
849 1056 1012 1092 ecclesias
1029 1056 1314 1092 communicandi
1334 1068 1412 1092 cum
1431 1057 1612 1094 haereticis
1634 1058 1671 1093 in
1689 1058 1818 1093 divinis

189 1119 304 1160 rebuS,
330 1123 390 1154 aut
419 1119 461 1153 ad
493 1118 611 1153 minus
641 1117 847 1152 scandalum
879 1116 1144 1162 concipiendi...

310 1178 473 1224 Archiep.
498 1176 626 1224 Smyrn
642 1179 668 1212 ’ἢ

312 1251 326 1270 a
349 1237 400 1273 L⁷n
428 1237 586 1272 cattolico
615 1237 680 1282 pub
710 1241 914 1282 permettere
953 1236 995 1270 ad
1036 1247 1082 1270 un
1122 1235 1248 1271 eretico
1285 1246 1304 1269 o
1341 1235 1539 1271 scismatico
1576 1236 1609 1270 di
1644 1241 1820 1272 contrarre

190 1296 414 1332 matrimonio
441 1296 532 1332 nella
560 1296 698 1342 propria
725 1307 803 1331 casa
835 1295 992 1341 (tacendo
1020 1305 1079 1341 per
1106 1295 1136 1330 lo
1168 1294 1223 1341 pii]
1253 1295 1261 1329 i
1288 1294 1380 1340 greci
1408 1295 1416 1329 i
1445 1295 1646 1330 matrimoni
1674 1294 1709 1329 in
1740 1305 1819 1330 casa

190 1366 251 1390 ove
277 1355 303 1389 si
331 1366 409 1390 reca
436 1355 457 1389 il
486 1355 556 1390 loro
585 1355 724 1401 prete)².’
750 1376 796 1380 —
822 1354 875 1389 Ad
902 1353 1061 1389 3.1uxta
1087 1353 1241 1399 exposita
1268 1364 1338 1388 non
1365 1364 1440 1389 esse
1466 1353 1753 1400 permittendum.

307 1413 339 1448 2.
369 1412 486 1457 Quoad
511 1413 652 1461 officium
682 1413 823 1460 patrini.

309 1473 472 1519 Archiep.
501 1472 675 1519 Corcyren
691 1474 717 1507 4.

311 1546 325 1564 «
348 1532 374 1566 l.
401 1532 438 1566 ln
465 1532 649 1568 collatione
676 1531 982 1567 Sacramentorum
1010 1530 1177 1577 Baptismi
1205 1535 1236 1566 et
1263 1528 1548 1566 Confirmationis
1575 1530 1735 1566 haeretici
1767 1530 1819 1565 vel

190 1591 403 1626 schismatici
431 1602 544 1637 neque
573 1602 631 1637 per
657 1601 705 1632 se,
733 1602 848 1636 neque
875 1601 934 1637 per
953 1589 1162 1625 catholicum
1183 1594 1454 1635 procuratorem,
1475 1600 1588 1635 neque
1607 1589 1683 1630 soli,
1707 1599 1820 1634 neque

189 1662 268 1686 cum
295 1650 487 1694 catholicis,
516 1650 646 1696 patrini
674 1661 819 1686 munere
847 1650 943 1694 fungi
971 1649 1064 1684 licite
1091 1653 1284 1695 possunt....
1312 1649 1361 1684 ita
1376 1648 1471 1684 enim
1490 1653 1691 1684 constanter
1708 1648 1820 1683 tenuit

194 1709 278 1744 haec
304 1709 423 1755 Aplca.
451 1709 558 1745 Sedes
564 1736 623 1744 .....
641 1723 672 1746 n.
1300 1716 1303 1717 ’

310 1767 547 1804 Confirmatur
575 1779 633 1814 per
659 1768 870 1814 praecedens
910 1767 1090 1803 Decretum
1130 1767 1341 1813 completum
1379 1766 1475 1802 aliud
1513 1766 1620 1811 (xvi)
1659 1766 1821 1812 Archiep.

194 1826 402 1874 Smyrns—
434 1826 453 1861 7
480 1827 542 1862 lul.
576 1825 676 1861 1864.
708 1848 749 1852 —
778 1827 829 1862 Ad
857 1825 889 1862 4.

289 1886 330 1921 19
358 1888 446 1932 Aug.
478 1884 565 1921 1891
596 1886 731 1931 (xxti).
773 1885 851 1921 «Se
882 1886 931 1921 sia
964 1885 1064 1921 lecito
1093 1896 1270 1921 assumere
1295 1885 1341 1930 gli
1368 1884 1553 1921 eterodossi
1596 1895 1616 1919 a
1643 1884 1818 1920 testimoni

193 1946 248 1981 nel
276 1946 500 1982 matrimonio
518 1945 570 1982 dei
591 1945 754 1981 cattolici.
780 1967 824 1970 —
851 1945 890 1980 R.
912 1956 983 1980 non
1010 1955 1084 1980 esse
1111 1944 1349 1988 adhibendos3
1378 1955 1477 1990 posse
1505 1948 1623 1979 tamen
1649 1943 1692 1978 ab
1720 1940 1821 1979 Ordi-

193 2005 292 2040 nario
318 2005 455 2041 tolerari
482 2016 521 2041 ex
547 2005 643 2050 gravi
671 2016 787 2046 causa,
813 2004 1002 2040 dummodo
1028 2015 1099 2039 non
1126 2003 1217 2039 adsit
1242 2003 1448 2038 scandalum
1470 2017 1523 2037 ».-

308 2064 341 2101 3.
370 2063 488 2107 Quoad
513 2064 635 2110 funera
662 2064 912 2099 catholicorum.

310 2122 405 2158 Miss.
435 2123 559 2158 Tenos.
588 2123 625 2157 in
655 2122 888 2169 Pelopponeso
906 2124 931 2157 5.

314 2182 396 2217 l....
415 2181 678 2229 (Trcmscriplmn
708 2181 740 2217 in
766 2193 843 2228 paq.
870 2183 999 2228 praec.)
1086 2203 1129 2208 —
1209 2178 1318 2223 «Quo
1344 2190 1423 2215 vero
1448 2179 1491 2214 ad
1526 2179 1714 2215 secundam
1744 2189 1820 2224 par-

191 2246 260 2277 tem
287 2242 383 2277 dubii
410 2242 578 2282 eiusdem,
605 2247 777 2287 quatenus
804 2241 1017 2276 schismatici
1045 2240 1251 2276 comitantes
1279 2239 1401 2274 funera
1419 2238 1667 2274 catholicorum
1687 2247 1818 2272 meram

192 2301 423 2347 praesentiam
453 2300 667 2336 materialem
694 2300 894 2341 exhibeant,
922 2311 1027 2335 causa
1053 2299 1193 2335 honoris
1219 2298 1330 2334 civilis
1356 2308 1437 2342 erga
1463 2298 1657 2337 defunctos,
1686 2307 1757 2331 non
1785 2306 1820 2331 se

192 2360 430 2395 immiscentes
457 2360 617 2406 precibus
642 2370 681 2394 ac
707 2359 833 2394 ritibus
859 2359 1049 2401 catholicis,
1076 2358 1203 2404 quibus
1231 2368 1304 2392 mos
1329 2361 1379 2392 est
1409 2357 1530 2391 lunera
1555 2356 1688 2397 efferre,
1716 2359 1747 2390 et
1766 2354 1821 2389 de·

192 2420 328 2455 functos
354 2419 396 2454 ad
424 2419 607 2465 sepulchra
633 2418 822 2454 deducere:
851 2417 986 2453 tolerari
1017 2428 1135 2463 posse;
1177 2420 1349 2462 quatenus
1375 2426 1455 2450 vero
1481 2415 1517 2449 in
1549 2414 1607 2449 illa
1643 2413 1820 2448 functione

190 2478 347 2524 proprios
374 2478 461 2513 ritus
486 2478 689 2518 adhibeant,
719 2476 770 2512 x‘el
798 2476 926 2512 nostris
952 2487 987 2511 se
1014 2476 1256 2510 immisceant:
1296 2485 1367 2509 non
1406 2474 1520 2515 licere,
1550 2484 1613 2508 nec
1640 2483 1714 2508 esse
1748 2481 1820 2517 per-

192 2538 450 2573 mittendum».

308 2596 462 2642 ldipsum
489 2596 601 2642 quoad
629 2596 818 2632 haereticos
835 2601 868 2631 et
886 2595 1125 2630 schismaticos
1151 2598 1364 2630 memoratur
1390 2593 1425 2627 in
1453 2592 1683 2628 instructione
1701 2590 1720 2626 3
1740 2591 1815 2627 lun.

193 2654 282 2691 1859
311 2666 414 2702 prope
442 2655 561 2690 finem.
591 2654 722 2699 (xlm.

308 2776 319 2796 1
347 2774 464 2807 Dec.iS
492 2773 570 2807 XII
605 2773 651 2806 ad
677 2774 712 2807 2.
741 2773 849 2807 Miss.
887 2773 1025 2807 Terrae
1061 2772 1225 2807 Sanctae
1252 2792 1296 2796 —
1321 2771 1367 2804 ‘20
1393 2770 1491 2804 Nov.
1521 2769 1612 2803 1850
1637 2772 1676 2802 et
1702 2767 1814 2801 XIX.

193 2822 276 2855 Via.
297 2822 368 2865 Ap.
388 2821 434 2855 N.
458 2822 475 2854 1
494 2820 589 2854 Maii
611 2821 713 2854 1889.
732 2840 774 2845 —
793 2821 807 2842 ‘²
824 2822 867 2854 10
885 2820 978 2854 Maii
999 2820 1101 2855 1753.
1122 2819 1214 2853 Dee.
1232 2818 1303 2852 III.
1334 2838 1376 2843 —
1403 2818 1417 2839 3
1443 2817 1463 2851 7
1489 2816 1562 2850 Iul.
1593 2815 1694 2849 1864.
1723 2815 1814 2849 Dec.

189 2868 296 2902 XVI.
327 2889 368 2893 —-
395 2869 408 2890 4
436 2868 550 2902 Anno
579 2868 682 2902 1871,
711 2867 802 2902 Dec.
831 2868 957 2902 XVII.
989 2888 1026 2892 -
1057 2868 1070 2889 ’ν’
1100 2867 1143 2900 10
1168 2866 1263 2900 Maii
1291 2865 1394 2900 1753.
1431 2864 1522 2898 Dec.
1551 2863 1622 2897 III.
