<?xml version="1.0" encoding="UTF-8"?>
<!DOCTYPE html PUBLIC "-//W3C//DTD XHTML 1.0 Transitional//EN"
    "http://www.w3.org/TR/xhtml1/DTD/xhtml1-transitional.dtd">
<html xmlns="http://www.w3.org/1999/xhtml" xml:lang="en" lang="en">
 <head>
  <title>
</title>
<meta http-equiv="Content-Type" content="text/html;charset=utf-8" />
  <meta name='ocr-system' content='tesseract 3.04.00' />
  <meta name='ocr-capabilities' content='ocr_page ocr_carea ocr_par ocr_line ocrx_word'/>
</head>
<body>
  <div class='ocr_page' id='page_1' title='image "./commentariumtext03blatuoft_0571.png"; bbox 0 0 1965 3240; ppageno 0'>
   <div class='ocr_carea' id='block_1_1' title="bbox 582 175 1739 212">
    <p class='ocr_par' dir='ltr' id='par_1_1' title="bbox 582 175 1739 212">
     <span class='ocr_line' id='line_1_1' title="bbox 582 175 1739 212; baseline 0.001 -1"><span class='ocrx_word' id='word_1_1' title='bbox 582 177 667 212; x_wconf 83' lang='lat' dir='ltr'>Trr.</span> <span class='ocrx_word' id='word_1_2' title='bbox 695 175 847 210; x_wconf 87' lang='lat' dir='ltr'>XXIX.</span> <span class='ocrx_word' id='word_1_3' title='bbox 879 196 887 201; x_wconf 93' lang='lat'>-</span> <span class='ocrx_word' id='word_1_4' title='bbox 915 175 972 210; x_wconf 89' lang='lat' dir='ltr'>De</span> <span class='ocrx_word' id='word_1_5' title='bbox 1003 177 1266 211; x_wconf 77' lang='lat' dir='ltr'>contractibus</span> <span class='ocrx_word' id='word_1_6' title='bbox 1670 177 1739 212; x_wconf 74' lang='lat'>559</span> 
     </span>
    </p>
   </div>
   <div class='ocr_carea' id='block_1_2' title="bbox 921 234 1638 247">
    <p class='ocr_par' dir='ltr' id='par_1_2' title="bbox 921 234 1638 247">
     <span class='ocr_line' id='line_1_2' title="bbox 921 234 1638 247; baseline 0 0"><span class='ocrx_word' id='word_1_7' title='bbox 921 234 1638 247; x_wconf 95' lang='lat' dir='ltr'> </span> 
     </span>
    </p>
   </div>
   <div class='ocr_carea' id='block_1_3' title="bbox 109 294 1753 2973">
    <p class='ocr_par' dir='ltr' id='par_1_3' title="bbox 109 294 1746 1404">
     <span class='ocr_line' id='line_1_3' title="bbox 109 294 1736 355; baseline -0.002 -13"><span class='ocrx_word' id='word_1_8' title='bbox 109 297 289 342; x_wconf 72' lang='lat' dir='ltr'>ezendum</span> <span class='ocrx_word' id='word_1_9' title='bbox 321 297 554 355; x_wconf 57' lang='lat' dir='ltr'>legitimam</span> <span class='ocrx_word' id='word_1_10' title='bbox 588 298 700 340; x_wconf 86' lang='lat' dir='ltr'>iuxta</span> <span class='ocrx_word' id='word_1_11' title='bbox 732 309 784 341; x_wconf 85' lang='lat' dir='ltr'>SS.</span> <span class='ocrx_word' id='word_1_12' title='bbox 819 307 999 339; x_wconf 87' lang='lat' dir='ltr'>canones</span> <span class='ocrx_word' id='word_1_13' title='bbox 1031 294 1126 345; x_wconf 81' lang='lat' dir='ltr'>loci,</span> <span class='ocrx_word' id='word_1_14' title='bbox 1161 294 1227 338; x_wconf 90' lang='lat' dir='ltr'>ubi</span> <span class='ocrx_word' id='word_1_15' title='bbox 1255 296 1295 337; x_wconf 86' lang='lat' dir='ltr'>lit</span> <span class='ocrx_word' id='word_1_16' title='bbox 1316 296 1496 351; x_wconf 85' lang='lat' dir='ltr'>donatio,</span> <span class='ocrx_word' id='word_1_17' title='bbox 1521 301 1736 339; x_wconf 71' lang='lat' dir='ltr'>consuetu-</span> 
     </span>
     <span class='ocr_line' id='line_1_4' title="bbox 110 364 1738 423; baseline -0.002 -10"><span class='ocrx_word' id='word_1_18' title='bbox 110 368 263 420; x_wconf 79' lang='lat' dir='ltr'>dinem,</span> <span class='ocrx_word' id='word_1_19' title='bbox 297 370 354 412; x_wconf 91' lang='lat' dir='ltr'>uti</span> <span class='ocrx_word' id='word_1_20' title='bbox 390 367 564 411; x_wconf 87' lang='lat' dir='ltr'>habetur</span> <span class='ocrx_word' id='word_1_21' title='bbox 608 370 646 410; x_wconf 90' lang='lat' dir='ltr'>in</span> <span class='ocrx_word' id='word_1_22' title='bbox 687 379 777 423; x_wconf 88' lang='lat' dir='ltr'>cap.</span> <span class='ocrx_word' id='word_1_23' title='bbox 813 366 836 409; x_wconf 85' lang='lat'><strong>3</strong></span> <span class='ocrx_word' id='word_1_24' title='bbox 877 365 999 408; x_wconf 92' lang='lat' dir='ltr'>huius</span> <span class='ocrx_word' id='word_1_25' title='bbox 1033 367 1090 408; x_wconf 91' lang='lat' dir='ltr'>tit.</span> <span class='ocrx_word' id='word_1_26' title='bbox 1125 364 1434 410; x_wconf 87' lang='lat' dir='ltr'>Decretalium:</span> <span class='ocrx_word' id='word_1_27' title='bbox 1473 366 1738 411; x_wconf 76' lang='lat' dir='ltr'>«Caeterum</span> 
     </span>
     <span class='ocr_line' id='line_1_5' title="bbox 109 436 1735 494; baseline -0.002 -10"><span class='ocrx_word' id='word_1_28' title='bbox 109 443 142 484; x_wconf 87' lang='lat' dir='ltr'>si</span> <span class='ocrx_word' id='word_1_29' title='bbox 176 439 378 484; x_wconf 83' lang='lat' dir='ltr'>Abbatem</span> <span class='ocrx_word' id='word_1_30' title='bbox 414 439 677 482; x_wconf 79' lang='lat' dir='ltr'>donationem</span> <span class='ocrx_word' id='word_1_31' title='bbox 711 450 805 481; x_wconf 88' lang='lat' dir='ltr'>cum</span> <span class='ocrx_word' id='word_1_32' title='bbox 840 437 980 480; x_wconf 91' lang='lat' dir='ltr'>Priore</span> <span class='ocrx_word' id='word_1_33' title='bbox 1013 441 1053 479; x_wconf 92' lang='lat' dir='ltr'>et</span> <span class='ocrx_word' id='word_1_34' title='bbox 1084 436 1333 494; x_wconf 90' lang='lat' dir='ltr'>quibusdam</span> <span class='ocrx_word' id='word_1_35' title='bbox 1369 438 1419 480; x_wconf 88' lang='lat' dir='ltr'>de</span> <span class='ocrx_word' id='word_1_36' title='bbox 1443 443 1649 481; x_wconf 86' lang='lat' dir='ltr'>conventu</span> <span class='ocrx_word' id='word_1_37' title='bbox 1675 437 1735 481; x_wconf 90' lang='lat' dir='ltr'>vel</span> 
     </span>
     <span class='ocr_line' id='line_1_6' title="bbox 110 508 1738 565; baseline -0.002 -10"><span class='ocrx_word' id='word_1_38' title='bbox 110 510 242 555; x_wconf 92' lang='lat' dir='ltr'>solum</span> <span class='ocrx_word' id='word_1_39' title='bbox 278 509 481 553; x_wconf 82' lang='lat' dir='ltr'>Abbatem</span> <span class='ocrx_word' id='word_1_40' title='bbox 521 510 656 552; x_wconf 86' lang='lat' dir='ltr'>facere</span> <span class='ocrx_word' id='word_1_41' title='bbox 700 510 932 565; x_wconf 89' lang='lat' dir='ltr'>contigerit,</span> <span class='ocrx_word' id='word_1_42' title='bbox 966 512 1006 551; x_wconf 92' lang='lat' dir='ltr'>et</span> <span class='ocrx_word' id='word_1_43' title='bbox 1039 512 1179 564; x_wconf 88' lang='lat' dir='ltr'>postea</span> <span class='ocrx_word' id='word_1_44' title='bbox 1213 513 1445 551; x_wconf 78' lang='lat' dir='ltr'>conventus</span> <span class='ocrx_word' id='word_1_45' title='bbox 1479 522 1572 565; x_wconf 85' lang='lat' dir='ltr'>pars</span> <span class='ocrx_word' id='word_1_46' title='bbox 1606 508 1738 552; x_wconf 88' lang='lat' dir='ltr'>recla—</span> 
     </span>
     <span class='ocr_line' id='line_1_7' title="bbox 114 578 1738 638; baseline -0.001 -14"><span class='ocrx_word' id='word_1_47' title='bbox 114 583 315 625; x_wconf 84' lang='lat' dir='ltr'>maverit:</span> <span class='ocrx_word' id='word_1_48' title='bbox 351 580 478 624; x_wconf 90' lang='lat' dir='ltr'>Datae</span> <span class='ocrx_word' id='word_1_49' title='bbox 513 582 569 623; x_wconf 90' lang='lat' dir='ltr'>rei</span> <span class='ocrx_word' id='word_1_50' title='bbox 604 582 824 638; x_wconf 79' lang='lat' dir='ltr'>quantitas,</span> <span class='ocrx_word' id='word_1_51' title='bbox 859 583 899 622; x_wconf 89' lang='lat' dir='ltr'>et</span> <span class='ocrx_word' id='word_1_52' title='bbox 932 578 1040 621; x_wconf 90' lang='lat' dir='ltr'>illius</span> <span class='ocrx_word' id='word_1_53' title='bbox 1074 583 1210 621; x_wconf 89' lang='lat' dir='ltr'>terrae</span> <span class='ocrx_word' id='word_1_54' title='bbox 1242 579 1498 622; x_wconf 78' lang='lat' dir='ltr'>consuetudo</span> <span class='ocrx_word' id='word_1_55' title='bbox 1533 579 1657 637; x_wconf 88' lang='lat' dir='ltr'>(quae</span> <span class='ocrx_word' id='word_1_56' title='bbox 1683 584 1738 623; x_wconf 91' lang='lat' dir='ltr'>ta-</span> 
     </span>
     <span class='ocr_line' id='line_1_8' title="bbox 114 649 1740 706; baseline -0.001 -11"><span class='ocrx_word' id='word_1_57' title='bbox 114 665 205 695; x_wconf 87' lang='lat' dir='ltr'>men</span> <span class='ocrx_word' id='word_1_58' title='bbox 238 653 367 695; x_wconf 87' lang='lat' dir='ltr'>sacris</span> <span class='ocrx_word' id='word_1_59' title='bbox 399 651 627 694; x_wconf 90' lang='lat' dir='ltr'>canonibus</span> <span class='ocrx_word' id='word_1_60' title='bbox 661 664 738 693; x_wconf 92' lang='lat' dir='ltr'>non</span> <span class='ocrx_word' id='word_1_61' title='bbox 774 650 929 706; x_wconf 80' lang='lat' dir='ltr'>obviet)</span> <span class='ocrx_word' id='word_1_62' title='bbox 962 653 1023 693; x_wconf 89' lang='lat' dir='ltr'>est</span> <span class='ocrx_word' id='word_1_63' title='bbox 1045 649 1286 705; x_wconf 87' lang='lat' dir='ltr'>diligentius</span> <span class='ocrx_word' id='word_1_64' title='bbox 1309 649 1586 693; x_wconf 87' lang='lat' dir='ltr'>attendenda:</span> <span class='ocrx_word' id='word_1_65' title='bbox 1621 654 1740 693; x_wconf 91' lang='lat' dir='ltr'>etse-</span> 
     </span>
     <span class='ocr_line' id='line_1_9' title="bbox 112 720 1742 766; baseline -0.001 0"><span class='ocrx_word' id='word_1_66' title='bbox 112 721 296 766; x_wconf 86' lang='lat' dir='ltr'>cundum</span> <span class='ocrx_word' id='word_1_67' title='bbox 331 721 408 765; x_wconf 90' lang='lat' dir='ltr'>hoc</span> <span class='ocrx_word' id='word_1_68' title='bbox 440 727 501 765; x_wconf 87' lang='lat' dir='ltr'>est</span> <span class='ocrx_word' id='word_1_69' title='bbox 533 722 687 764; x_wconf 91' lang='lat' dir='ltr'>donum</span> <span class='ocrx_word' id='word_1_70' title='bbox 724 726 858 765; x_wconf 86' lang='lat' dir='ltr'>ratum</span> <span class='ocrx_word' id='word_1_71' title='bbox 895 720 955 763; x_wconf 90' lang='lat' dir='ltr'>vel</span> <span class='ocrx_word' id='word_1_72' title='bbox 992 722 1154 763; x_wconf 89' lang='lat' dir='ltr'>irritum</span> <span class='ocrx_word' id='word_1_73' title='bbox 1195 720 1464 764; x_wconf 85' lang='lat' dir='ltr'>iudicandum</span> <span class='ocrx_word' id='word_1_74' title='bbox 1489 737 1529 762; x_wconf 82' lang='grc'>)).</span> <span class='ocrx_word' id='word_1_75' title='bbox 1571 747 1622 751; x_wconf 85' lang='grc'>-</span> <span class='ocrx_word' id='word_1_76' title='bbox 1662 720 1742 764; x_wconf 92' lang='lat' dir='ltr'>Hu-</span> 
     </span>
     <span class='ocr_line' id='line_1_10' title="bbox 111 791 1744 850; baseline -0.001 -14"><span class='ocrx_word' id='word_1_77' title='bbox 111 806 268 850; x_wconf 87' lang='lat' dir='ltr'>cusque</span> <span class='ocrx_word' id='word_1_78' title='bbox 300 792 351 836; x_wconf 87' lang='lat' dir='ltr'>de</span> <span class='ocrx_word' id='word_1_79' title='bbox 389 805 584 836; x_wconf 89' lang='lat' dir='ltr'>concessa</span> <span class='ocrx_word' id='word_1_80' title='bbox 619 792 840 835; x_wconf 78' lang='lat' dir='ltr'>donatione</span> <span class='ocrx_word' id='word_1_81' title='bbox 865 805 936 848; x_wconf 92' lang='lat' dir='ltr'>per</span> <span class='ocrx_word' id='word_1_82' title='bbox 959 793 1276 848; x_wconf 81' lang='lat' dir='ltr'>exceptionem:</span> <span class='ocrx_word' id='word_1_83' title='bbox 1311 791 1413 834; x_wconf 90' lang='lat' dir='ltr'>alias</span> <span class='ocrx_word' id='word_1_84' title='bbox 1450 805 1546 834; x_wconf 89' lang='lat' dir='ltr'>vero</span> <span class='ocrx_word' id='word_1_85' title='bbox 1585 807 1603 832; x_wconf 84' lang='lat'>«</span> <span class='ocrx_word' id='word_1_86' title='bbox 1631 804 1744 848; x_wconf 89' lang='lat' dir='ltr'>prae-</span> 
     </span>
     <span class='ocr_line' id='line_1_11' title="bbox 113 862 1741 920; baseline -0.001 -13"><span class='ocrx_word' id='word_1_87' title='bbox 113 863 182 908; x_wconf 87' lang='lat' dir='ltr'>lati</span> <span class='ocrx_word' id='word_1_88' title='bbox 225 868 264 907; x_wconf 91' lang='lat' dir='ltr'>et</span> <span class='ocrx_word' id='word_1_89' title='bbox 302 868 528 907; x_wconf 80' lang='lat' dir='ltr'>rectores»</span> <span class='ocrx_word' id='word_1_90' title='bbox 578 868 620 906; x_wconf 94' lang='lat' dir='ltr'>ut</span> <span class='ocrx_word' id='word_1_91' title='bbox 662 876 786 919; x_wconf 87' lang='lat' dir='ltr'>supra</span> <span class='ocrx_word' id='word_1_92' title='bbox 830 862 973 920; x_wconf 74' lang='lat' dir='ltr'>faeere</span> <span class='ocrx_word' id='word_1_93' title='bbox 1014 876 1065 904; x_wconf 74' lang='lat' dir='ltr'>ue</span> <span class='ocrx_word' id='word_1_94' title='bbox 1104 867 1395 920; x_wconf 73' lang='lat' dir='ltr'>praesumant,</span> <span class='ocrx_word' id='word_1_95' title='bbox 1440 867 1576 905; x_wconf 88' lang='lat' dir='ltr'>essent</span> <span class='ocrx_word' id='word_1_96' title='bbox 1618 866 1741 919; x_wconf 75' lang='lat' dir='ltr'>enim,</span> 
     </span>
     <span class='ocr_line' id='line_1_12' title="bbox 113 933 1739 993; baseline -0.001 -15"><span class='ocrx_word' id='word_1_97' title='bbox 113 936 308 993; x_wconf 84' lang='lat' dir='ltr'>quamvis</span> <span class='ocrx_word' id='word_1_98' title='bbox 344 936 475 978; x_wconf 86' lang='lat' dir='ltr'>factae</span> <span class='ocrx_word' id='word_1_99' title='bbox 508 947 602 978; x_wconf 91' lang='lat' dir='ltr'>cum</span> <span class='ocrx_word' id='word_1_100' title='bbox 637 934 774 977; x_wconf 89' lang='lat' dir='ltr'>debita</span> <span class='ocrx_word' id='word_1_101' title='bbox 811 934 975 978; x_wconf 89' lang='lat' dir='ltr'>licentia</span> <span class='ocrx_word' id='word_1_102' title='bbox 1013 933 1075 976; x_wconf 77' lang='lat' dir='ltr'>vel</span> <span class='ocrx_word' id='word_1_103' title='bbox 1109 946 1313 977; x_wconf 91' lang='lat' dir='ltr'>consensu</span> <span class='ocrx_word' id='word_1_104' title='bbox 1347 934 1396 977; x_wconf 89' lang='lat' dir='ltr'>ad</span> <span class='ocrx_word' id='word_1_105' title='bbox 1434 946 1621 976; x_wconf 92' lang='lat' dir='ltr'>normam</span> <span class='ocrx_word' id='word_1_106' title='bbox 1651 946 1739 977; x_wconf 92' lang='lat' dir='ltr'>can.</span> 
     </span>
     <span class='ocr_line' id='line_1_13' title="bbox 115 1003 1745 1063; baseline -0.001 -14"><span class='ocrx_word' id='word_1_107' title='bbox 115 1005 245 1060; x_wconf 65' lang='lat'>1532,</span> <span class='ocrx_word' id='word_1_108' title='bbox 263 1007 498 1049; x_wconf 88' lang='lat' dir='ltr'>contrariae</span> <span class='ocrx_word' id='word_1_109' title='bbox 517 1017 607 1048; x_wconf 91' lang='lat' dir='ltr'>can.</span> <span class='ocrx_word' id='word_1_110' title='bbox 628 1005 801 1063; x_wconf 60' lang='lat'>&lt;1530,§</span> <span class='ocrx_word' id='word_1_111' title='bbox 826 1005 860 1058; x_wconf 88' lang='lat' dir='ltr'>l,</span> <span class='ocrx_word' id='word_1_112' title='bbox 894 1004 936 1047; x_wconf 69' lang='lat'>⁶2⁰</span> <span class='ocrx_word' id='word_1_113' title='bbox 970 1004 1055 1047; x_wconf 75' lang='lat' dir='ltr'>nisi</span> <span class='ocrx_word' id='word_1_114' title='bbox 1088 1004 1202 1047; x_wconf 46' lang='lat' dir='ltr'>&#39;e&#39;usta</span> <span class='ocrx_word' id='word_1_115' title='bbox 1225 1003 1372 1061; x_wconf 87' lang='lat' dir='ltr'>(idest:</span> <span class='ocrx_word' id='word_1_116' title='bbox 1396 1007 1484 1048; x_wconf 85' lang='lat' dir='ltr'>sine</span> <span class='ocrx_word' id='word_1_117' title='bbox 1508 1004 1659 1048; x_wconf 88' lang='lat' dir='ltr'>damno</span> <span class='ocrx_word' id='word_1_118' title='bbox 1683 1019 1745 1048; x_wconf 89' lang='lat' dir='ltr'>ec-</span> 
     </span>
     <span class='ocr_line' id='line_1_14' title="bbox 116 1075 1741 1132; baseline -0.001 -12"><span class='ocrx_word' id='word_1_119' title='bbox 116 1076 265 1121; x_wconf 88' lang='lat' dir='ltr'>clesiae</span> <span class='ocrx_word' id='word_1_120' title='bbox 285 1075 427 1132; x_wconf 86' lang='lat' dir='ltr'>gravi)</span> <span class='ocrx_word' id='word_1_121' title='bbox 448 1078 750 1119; x_wconf 87' lang='lat' dir='ltr'>interveniente</span> <span class='ocrx_word' id='word_1_122' title='bbox 769 1090 897 1118; x_wconf 73' lang='lat' dir='ltr'>caecsa</span> <span class='ocrx_word' id='word_1_123' title='bbox 915 1075 955 1132; x_wconf 85' lang='lat' dir='ltr'>a)</span> <span class='ocrx_word' id='word_1_124' title='bbox 975 1075 1333 1118; x_wconf 74' lang='lat' dir='ltr'>remuneratiom‘s</span> <span class='ocrx_word' id='word_1_125' title='bbox 1351 1089 1401 1119; x_wconf 89' lang='lat' dir='ltr'>ex</span> <span class='ocrx_word' id='word_1_126' title='bbox 1421 1075 1673 1132; x_wconf 87' lang='lat' dir='ltr'>gratitudine</span> <span class='ocrx_word' id='word_1_127' title='bbox 1691 1075 1741 1119; x_wconf 91' lang='lat' dir='ltr'>ob</span> 
     </span>
     <span class='ocr_line' id='line_1_15' title="bbox 116 1146 1742 1205; baseline -0.001 -14"><span class='ocrx_word' id='word_1_128' title='bbox 116 1152 278 1204; x_wconf 91' lang='lat' dir='ltr'>recepta</span> <span class='ocrx_word' id='word_1_129' title='bbox 300 1146 516 1201; x_wconf 89' lang='lat' dir='ltr'>beneticia,</span> <span class='ocrx_word' id='word_1_130' title='bbox 540 1147 578 1201; x_wconf 89' lang='lat' dir='ltr'>b)</span> <span class='ocrx_word' id='word_1_131' title='bbox 599 1153 672 1189; x_wconf 72' lang='lat' dir='ltr'>aa!</span> <span class='ocrx_word' id='word_1_132' title='bbox 690 1147 865 1205; x_wconf 75' lang='lat' dir='ltr'>pielalis</span> <span class='ocrx_word' id='word_1_133' title='bbox 883 1159 981 1203; x_wconf 88' lang='lat' dir='ltr'>erga</span> <span class='ocrx_word' id='word_1_134' title='bbox 1001 1146 1131 1190; x_wconf 92' lang='lat' dir='ltr'>Deum</span> <span class='ocrx_word' id='word_1_135' title='bbox 1155 1146 1218 1189; x_wconf 82' lang='lat' dir='ltr'>vel</span> <span class='ocrx_word' id='word_1_136' title='bbox 1253 1159 1350 1203; x_wconf 83' lang='lat' dir='ltr'>erga</span> <span class='ocrx_word' id='word_1_137' title='bbox 1384 1147 1649 1203; x_wconf 75' lang='lat' dir='ltr'>Superiorem</span> <span class='ocrx_word' id='word_1_138' title='bbox 1679 1149 1742 1190; x_wconf 90' lang='lat' dir='ltr'>cui</span> 
     </span>
     <span class='ocr_line' id='line_1_16' title="bbox 114 1216 1746 1275; baseline -0.001 -13"><span class='ocrx_word' id='word_1_139' title='bbox 114 1217 334 1262; x_wconf 84' lang='lat' dir='ltr'>subiicitur</span> <span class='ocrx_word' id='word_1_140' title='bbox 369 1218 558 1272; x_wconf 87' lang='lat' dir='ltr'>ecclesia,</span> <span class='ocrx_word' id='word_1_141' title='bbox 597 1219 659 1262; x_wconf 70' lang='lat' dir='ltr'>xel</span> <span class='ocrx_word' id='word_1_142' title='bbox 695 1218 746 1262; x_wconf 95' lang='lat' dir='ltr'>ob</span> <span class='ocrx_word' id='word_1_143' title='bbox 783 1221 938 1275; x_wconf 76' lang='lat' dir='ltr'>patriae</span> <span class='ocrx_word' id='word_1_144' title='bbox 972 1220 1274 1272; x_wconf 84' lang='lat' dir='ltr'>necessitatem,</span> <span class='ocrx_word' id='word_1_145' title='bbox 1308 1218 1347 1275; x_wconf 90' lang='lat' dir='ltr'>c)</span> <span class='ocrx_word' id='word_1_146' title='bbox 1378 1224 1451 1261; x_wconf 69' lang='lat' dir='ltr'>aeci</span> <span class='ocrx_word' id='word_1_147' title='bbox 1484 1216 1746 1260; x_wconf 48' lang='lat' dir='ltr'>clir&#39;fstmnae</span> 
     </span>
     <span class='ocr_line' id='line_1_17' title="bbox 116 1288 1745 1346; baseline 0 -15"><span class='ocrx_word' id='word_1_148' title='bbox 116 1288 313 1332; x_wconf 74' lang='lat' dir='ltr'>caritatis</span> <span class='ocrx_word' id='word_1_149' title='bbox 349 1303 493 1332; x_wconf 83' lang='lat' dir='ltr'>versus</span> <span class='ocrx_word' id='word_1_150' title='bbox 526 1289 649 1333; x_wconf 91' lang='lat' dir='ltr'>aliam</span> <span class='ocrx_word' id='word_1_151' title='bbox 684 1302 902 1346; x_wconf 85' lang='lat' dir='ltr'>personam</span> <span class='ocrx_word' id='word_1_152' title='bbox 939 1289 1136 1332; x_wconf 83' lang='lat' dir='ltr'>moralem</span> <span class='ocrx_word' id='word_1_153' title='bbox 1171 1293 1241 1332; x_wconf 89' lang='lat' dir='ltr'>aut</span> <span class='ocrx_word' id='word_1_154' title='bbox 1275 1288 1504 1346; x_wconf 75' lang='lat' dir='ltr'>physicam</span> <span class='ocrx_word' id='word_1_155' title='bbox 1535 1289 1745 1344; x_wconf 86' lang='lat' dir='ltr'>familiam,</span> 
     </span>
     <span class='ocr_line' id='line_1_18' title="bbox 116 1359 1125 1404; baseline -0.001 -1"><span class='ocrx_word' id='word_1_156' title='bbox 116 1364 192 1404; x_wconf 88' lang='lat' dir='ltr'>etc.</span> <span class='ocrx_word' id='word_1_157' title='bbox 227 1360 277 1403; x_wconf 86' lang='lat' dir='ltr'>ad</span> <span class='ocrx_word' id='word_1_158' title='bbox 315 1372 460 1403; x_wconf 91' lang='lat' dir='ltr'>earum</span> <span class='ocrx_word' id='word_1_159' title='bbox 494 1359 795 1404; x_wconf 68' lang='lat' dir='ltr'>sublexandam</span> <span class='ocrx_word' id='word_1_160' title='bbox 823 1362 1125 1403; x_wconf 90' lang='lat' dir='ltr'>necessitatem.</span> 
     </span>
    </p>

    <p class='ocr_par' dir='ltr' id='par_1_4' title="bbox 119 1431 1753 2973">
     <span class='ocr_line' id='line_1_19' title="bbox 237 1431 1747 1488; baseline 0.001 -14"><span class='ocrx_word' id='word_1_161' title='bbox 237 1431 362 1474; x_wconf 88' lang='lat' dir='ltr'>Porro</span> <span class='ocrx_word' id='word_1_162' title='bbox 398 1431 541 1488; x_wconf 90' lang='lat' dir='ltr'>regula</span> <span class='ocrx_word' id='word_1_163' title='bbox 566 1434 605 1474; x_wconf 91' lang='lat' dir='ltr'>in</span> <span class='ocrx_word' id='word_1_164' title='bbox 631 1431 823 1475; x_wconf 85' lang='lat' dir='ltr'>omnibus</span> <span class='ocrx_word' id='word_1_165' title='bbox 846 1431 1138 1474; x_wconf 84' lang='lat' dir='ltr'>donationibus</span> <span class='ocrx_word' id='word_1_166' title='bbox 1164 1444 1260 1488; x_wconf 92' lang='lat' dir='ltr'>prae</span> <span class='ocrx_word' id='word_1_167' title='bbox 1285 1431 1415 1475; x_wconf 92' lang='lat' dir='ltr'>oculis</span> <span class='ocrx_word' id='word_1_168' title='bbox 1438 1431 1628 1475; x_wconf 84' lang='lat' dir='ltr'>habenda</span> <span class='ocrx_word' id='word_1_169' title='bbox 1652 1432 1747 1475; x_wconf 88' lang='lat' dir='ltr'>edo-</span> 
     </span>
     <span class='ocr_line' id='line_1_20' title="bbox 119 1501 1750 1559; baseline 0.001 -14"><span class='ocrx_word' id='word_1_170' title='bbox 119 1507 235 1546; x_wconf 88' lang='lat' dir='ltr'>cetur</span> <span class='ocrx_word' id='word_1_171' title='bbox 276 1503 327 1546; x_wconf 87' lang='lat' dir='ltr'>ab</span> <span class='ocrx_word' id='word_1_172' title='bbox 372 1502 509 1546; x_wconf 90' lang='lat' dir='ltr'>Innoc.</span> <span class='ocrx_word' id='word_1_173' title='bbox 544 1502 594 1545; x_wconf 94' lang='lat' dir='ltr'>lll</span> <span class='ocrx_word' id='word_1_174' title='bbox 630 1505 667 1545; x_wconf 92' lang='lat' dir='ltr'>in</span> <span class='ocrx_word' id='word_1_175' title='bbox 713 1516 802 1559; x_wconf 88' lang='lat' dir='ltr'>cap.</span> <span class='ocrx_word' id='word_1_176' title='bbox 838 1504 860 1545; x_wconf 88' lang='grc'><strong>9</strong></span> <span class='ocrx_word' id='word_1_177' title='bbox 896 1505 963 1545; x_wconf 88' lang='lat' dir='ltr'>cit.</span> <span class='ocrx_word' id='word_1_178' title='bbox 999 1502 1101 1546; x_wconf 60' lang='lat' dir='ltr'>tuf:</span> <span class='ocrx_word' id='word_1_179' title='bbox 1142 1501 1274 1545; x_wconf 86' lang='lat' dir='ltr'>«Hoc</span> <span class='ocrx_word' id='word_1_180' title='bbox 1313 1516 1479 1557; x_wconf 87' lang='lat' dir='ltr'>semper</span> <span class='ocrx_word' id='word_1_181' title='bbox 1516 1507 1577 1546; x_wconf 89' lang='lat' dir='ltr'>est</span> <span class='ocrx_word' id='word_1_182' title='bbox 1610 1502 1750 1546; x_wconf 89' lang='lat' dir='ltr'>obser-</span> 
     </span>
     <span class='ocr_line' id='line_1_21' title="bbox 120 1572 1748 1630; baseline 0.001 -16"><span class='ocrx_word' id='word_1_183' title='bbox 120 1572 320 1626; x_wconf 78' lang='lat' dir='ltr'>vandum,</span> <span class='ocrx_word' id='word_1_184' title='bbox 353 1573 462 1630; x_wconf 88' lang='lat' dir='ltr'>quod</span> <span class='ocrx_word' id='word_1_185' title='bbox 499 1586 604 1616; x_wconf 91' lang='lat' dir='ltr'>unus</span> <span class='ocrx_word' id='word_1_186' title='bbox 636 1576 854 1629; x_wconf 86' lang='lat' dir='ltr'>episcopus</span> <span class='ocrx_word' id='word_1_187' title='bbox 892 1573 953 1616; x_wconf 75' lang='lat' dir='ltr'>vel</span> <span class='ocrx_word' id='word_1_188' title='bbox 989 1572 1093 1616; x_wconf 91' lang='lat' dir='ltr'>alius</span> <span class='ocrx_word' id='word_1_189' title='bbox 1127 1586 1205 1615; x_wconf 90' lang='lat' dir='ltr'>non</span> <span class='ocrx_word' id='word_1_190' title='bbox 1245 1573 1377 1616; x_wconf 90' lang='lat' dir='ltr'>solum</span> <span class='ocrx_word' id='word_1_191' title='bbox 1412 1586 1491 1616; x_wconf 92' lang='lat' dir='ltr'>non</span> <span class='ocrx_word' id='word_1_192' title='bbox 1517 1572 1639 1617; x_wconf 84' lang='lat' dir='ltr'>debet</span> <span class='ocrx_word' id='word_1_193' title='bbox 1662 1587 1748 1617; x_wconf 89' lang='lat' dir='ltr'>am-</span> 
     </span>
     <span class='ocr_line' id='line_1_22' title="bbox 120 1643 1748 1700; baseline 0.001 -15"><span class='ocrx_word' id='word_1_194' title='bbox 120 1643 240 1699; x_wconf 88' lang='lat' dir='ltr'>plius,</span> <span class='ocrx_word' id='word_1_195' title='bbox 275 1643 345 1687; x_wconf 88' lang='lat' dir='ltr'>sed</span> <span class='ocrx_word' id='word_1_196' title='bbox 383 1657 457 1687; x_wconf 89' lang='lat' dir='ltr'>nec</span> <span class='ocrx_word' id='word_1_197' title='bbox 493 1648 649 1687; x_wconf 90' lang='lat' dir='ltr'>tantum</span> <span class='ocrx_word' id='word_1_198' title='bbox 686 1658 760 1687; x_wconf 88' lang='lat' dir='ltr'>nec</span> <span class='ocrx_word' id='word_1_199' title='bbox 801 1647 936 1687; x_wconf 87' lang='lat' dir='ltr'>minus</span> <span class='ocrx_word' id='word_1_200' title='bbox 973 1657 1067 1687; x_wconf 87' lang='lat' dir='ltr'>cmn</span> <span class='ocrx_word' id='word_1_201' title='bbox 1108 1646 1227 1700; x_wconf 83' lang='lat' dir='ltr'>gravi</span> <span class='ocrx_word' id='word_1_202' title='bbox 1262 1643 1464 1687; x_wconf 86' lang='lat' dir='ltr'>ecclesiae</span> <span class='ocrx_word' id='word_1_203' title='bbox 1502 1657 1601 1688; x_wconf 87' lang='lat' dir='ltr'>suae</span> <span class='ocrx_word' id='word_1_204' title='bbox 1625 1645 1748 1687; x_wconf 86' lang='lat' dir='ltr'>detri-</span> 
     </span>
     <span class='ocr_line' id='line_1_23' title="bbox 120 1715 1751 1772; baseline 0.002 -16"><span class='ocrx_word' id='word_1_205' title='bbox 120 1719 259 1757; x_wconf 88' lang='lat' dir='ltr'>mento</span> <span class='ocrx_word' id='word_1_206' title='bbox 294 1716 511 1759; x_wconf 78' lang='lat' dir='ltr'>conferre-2</span> <span class='ocrx_word' id='word_1_207' title='bbox 546 1718 635 1759; x_wconf 75' lang='lat' dir='ltr'>sive</span> <span class='ocrx_word' id='word_1_208' title='bbox 668 1715 790 1759; x_wconf 90' lang='lat' dir='ltr'>simul</span> <span class='ocrx_word' id='word_1_209' title='bbox 825 1720 863 1758; x_wconf 91' lang='lat' dir='ltr'>et</span> <span class='ocrx_word' id='word_1_210' title='bbox 896 1715 1024 1759; x_wconf 88' lang='lat' dir='ltr'>semel</span> <span class='ocrx_word' id='word_1_211' title='bbox 1065 1716 1101 1758; x_wconf 89' lang='lat' dir='ltr'>id</span> <span class='ocrx_word' id='word_1_212' title='bbox 1128 1717 1263 1759; x_wconf 82' lang='lat' dir='ltr'>facere</span> <span class='ocrx_word' id='word_1_213' title='bbox 1310 1715 1421 1767; x_wconf 86' lang='lat' dir='ltr'>velit,</span> <span class='ocrx_word' id='word_1_214' title='bbox 1465 1717 1553 1758; x_wconf 85' lang='lat' dir='ltr'>sive</span> <span class='ocrx_word' id='word_1_215' title='bbox 1599 1715 1751 1772; x_wconf 91' lang='lat' dir='ltr'>pluries</span> 
     </span>
     <span class='ocr_line' id='line_1_24' title="bbox 119 1786 1748 1839; baseline 0.001 -12"><span class='ocrx_word' id='word_1_216' title='bbox 119 1787 371 1839; x_wconf 78' lang='lat' dir='ltr'>successive,</span> <span class='ocrx_word' id='word_1_217' title='bbox 420 1786 577 1829; x_wconf 90' lang='lat' dir='ltr'>eisdem</span> <span class='ocrx_word' id='word_1_218' title='bbox 617 1786 678 1829; x_wconf 89' lang='lat' dir='ltr'>vel</span> <span class='ocrx_word' id='word_1_219' title='bbox 714 1786 892 1829; x_wconf 83' lang='lat' dir='ltr'>(liversis</span> <span class='ocrx_word' id='word_1_220' title='bbox 939 1786 1126 1830; x_wconf 90' lang='lat' dir='ltr'>ecclesiis</span> <span class='ocrx_word' id='word_1_221' title='bbox 1174 1786 1454 1830; x_wconf 83' lang='lat' dir='ltr'>conterendo:</span> <span class='ocrx_word' id='word_1_222' title='bbox 1507 1786 1613 1830; x_wconf 92' lang='lat' dir='ltr'>unde</span> <span class='ocrx_word' id='word_1_223' title='bbox 1655 1800 1748 1830; x_wconf 90' lang='lat' dir='ltr'>cum</span> 
     </span>
     <span class='ocr_line' id='line_1_25' title="bbox 119 1856 1750 1913; baseline 0.001 -15"><span class='ocrx_word' id='word_1_224' title='bbox 119 1867 249 1911; x_wconf 81' lang='lat' dir='ltr'>grave</span> <span class='ocrx_word' id='word_1_225' title='bbox 282 1856 578 1899; x_wconf 88' lang='lat' dir='ltr'>detrimentum</span> <span class='ocrx_word' id='word_1_226' title='bbox 603 1859 693 1900; x_wconf 82' lang='lat' dir='ltr'>sive</span> <span class='ocrx_word' id='word_1_227' title='bbox 727 1857 777 1899; x_wconf 85' lang='lat' dir='ltr'>de</span> <span class='ocrx_word' id='word_1_228' title='bbox 813 1856 1152 1913; x_wconf 77' lang='lat' dir='ltr'>possessionibus,</span> <span class='ocrx_word' id='word_1_229' title='bbox 1186 1859 1276 1900; x_wconf 81' lang='lat' dir='ltr'>sive</span> <span class='ocrx_word' id='word_1_230' title='bbox 1310 1857 1360 1900; x_wconf 90' lang='lat' dir='ltr'>de</span> <span class='ocrx_word' id='word_1_231' title='bbox 1396 1858 1668 1913; x_wconf 86' lang='lat' dir='ltr'>proventibus</span> <span class='ocrx_word' id='word_1_232' title='bbox 1700 1857 1750 1900; x_wconf 90' lang='lat' dir='ltr'>ad</span> 
     </span>
     <span class='ocr_line' id='line_1_26' title="bbox 121 1926 1746 1984; baseline 0.001 -15"><span class='ocrx_word' id='word_1_233' title='bbox 121 1926 397 1983; x_wconf 89' lang='lat' dir='ltr'>episcopalem</span> <span class='ocrx_word' id='word_1_234' title='bbox 446 1940 644 1981; x_wconf 82' lang='lat' dir='ltr'>mensam,</span> <span class='ocrx_word' id='word_1_235' title='bbox 693 1927 755 1971; x_wconf 75' lang='lat' dir='ltr'>vel</span> <span class='ocrx_word' id='word_1_236' title='bbox 791 1927 1072 1971; x_wconf 85' lang='lat' dir='ltr'>cathedralem</span> <span class='ocrx_word' id='word_1_237' title='bbox 1118 1928 1336 1971; x_wconf 89' lang='lat' dir='ltr'>ecclesiam</span> <span class='ocrx_word' id='word_1_238' title='bbox 1375 1927 1676 1984; x_wconf 87' lang='lat' dir='ltr'>pertinentibus</span> <span class='ocrx_word' id='word_1_239' title='bbox 1709 1930 1746 1971; x_wconf 94' lang='lat' dir='ltr'>in</span> 
     </span>
     <span class='ocr_line' id='line_1_27' title="bbox 122 1997 1753 2055; baseline 0.002 -17"><span class='ocrx_word' id='word_1_240' title='bbox 122 1997 379 2053; x_wconf 90' lang='lat' dir='ltr'>quantalibet</span> <span class='ocrx_word' id='word_1_241' title='bbox 412 2001 598 2055; x_wconf 90' lang='lat' dir='ltr'>portione</span> <span class='ocrx_word' id='word_1_242' title='bbox 631 2000 861 2042; x_wconf 88' lang='lat' dir='ltr'>constiterit</span> <span class='ocrx_word' id='word_1_243' title='bbox 894 2012 982 2041; x_wconf 89' lang='lat' dir='ltr'>esse</span> <span class='ocrx_word' id='word_1_244' title='bbox 1016 1998 1279 2053; x_wconf 82' lang='lat' dir='ltr'>collocatum,</span> <span class='ocrx_word' id='word_1_245' title='bbox 1315 2001 1464 2055; x_wconf 87' lang='lat' dir='ltr'>poterit</span> <span class='ocrx_word' id='word_1_246' title='bbox 1488 1999 1670 2055; x_wconf 83' lang='lat' dir='ltr'>legitime</span> <span class='ocrx_word' id='word_1_247' title='bbox 1695 2013 1753 2042; x_wconf 92' lang='lat' dir='ltr'>re-</span> 
     </span>
     <span class='ocr_line' id='line_1_28' title="bbox 126 2069 1752 2126; baseline 0.002 -17"><span class='ocrx_word' id='word_1_248' title='bbox 126 2069 294 2110; x_wconf 77' lang='lat' dir='ltr'>vocariz</span> <span class='ocrx_word' id='word_1_249' title='bbox 330 2070 405 2111; x_wconf 91' lang='lat' dir='ltr'>nisi</span> <span class='ocrx_word' id='word_1_250' title='bbox 442 2071 780 2125; x_wconf 82' lang='lat' dir='ltr'>praescriptione,</span> <span class='ocrx_word' id='word_1_251' title='bbox 815 2069 876 2112; x_wconf 82' lang='lat' dir='ltr'>vel</span> <span class='ocrx_word' id='word_1_252' title='bbox 903 2069 981 2112; x_wconf 92' lang='lat' dir='ltr'>alia</span> <span class='ocrx_word' id='word_1_253' title='bbox 1000 2072 1245 2126; x_wconf 85' lang='lat' dir='ltr'>exceptione</span> <span class='ocrx_word' id='word_1_254' title='bbox 1265 2069 1588 2126; x_wconf 80' lang='lat' dir='ltr'>legitima,act.io</span> <span class='ocrx_word' id='word_1_255' title='bbox 1613 2069 1752 2113; x_wconf 92' lang='lat' dir='ltr'>huius-</span> 
     </span>
     <span class='ocr_line' id='line_1_29' title="bbox 125 2138 1752 2197; baseline 0.002 -17"><span class='ocrx_word' id='word_1_256' title='bbox 125 2138 234 2181; x_wconf 90' lang='lat' dir='ltr'>modi</span> <span class='ocrx_word' id='word_1_257' title='bbox 278 2138 526 2182; x_wconf 75' lang='lat' dir='ltr'>excludatur</span> <span class='ocrx_word' id='word_1_258' title='bbox 550 2156 589 2182; x_wconf 89' lang='grc'>)).</span> <span class='ocrx_word' id='word_1_259' title='bbox 632 2139 682 2183; x_wconf 91' lang='lat' dir='ltr'>Et</span> <span class='ocrx_word' id='word_1_260' title='bbox 725 2140 827 2183; x_wconf 87' lang='lat' dir='ltr'>intra</span> <span class='ocrx_word' id='word_1_261' title='bbox 871 2140 1045 2184; x_wconf 87' lang='lat' dir='ltr'>dicitur:</span> <span class='ocrx_word' id='word_1_262' title='bbox 1096 2157 1117 2182; x_wconf 83' lang='lat'>«</span> <span class='ocrx_word' id='word_1_263' title='bbox 1140 2143 1236 2197; x_wconf 91' lang='lat' dir='ltr'>quia</span> <span class='ocrx_word' id='word_1_264' title='bbox 1270 2154 1349 2183; x_wconf 88' lang='lat' dir='ltr'>non</span> <span class='ocrx_word' id='word_1_265' title='bbox 1384 2140 1517 2184; x_wconf 88' lang='lat' dir='ltr'>solum</span> <span class='ocrx_word' id='word_1_266' title='bbox 1551 2143 1583 2184; x_wconf 88' lang='lat' dir='ltr'>si</span> <span class='ocrx_word' id='word_1_267' title='bbox 1616 2153 1752 2197; x_wconf 90' lang='lat' dir='ltr'>saepe,</span> 
     </span>
     <span class='ocr_line' id='line_1_30' title="bbox 124 2209 1753 2268; baseline 0.002 -16"><span class='ocrx_word' id='word_1_268' title='bbox 124 2209 193 2252; x_wconf 91' lang='lat' dir='ltr'>sed</span> <span class='ocrx_word' id='word_1_269' title='bbox 228 2212 350 2253; x_wconf 87' lang='lat' dir='ltr'>etiam</span> <span class='ocrx_word' id='word_1_270' title='bbox 385 2212 416 2254; x_wconf 92' lang='lat' dir='ltr'>si</span> <span class='ocrx_word' id='word_1_271' title='bbox 451 2210 579 2254; x_wconf 90' lang='lat' dir='ltr'>semel</span> <span class='ocrx_word' id='word_1_272' title='bbox 614 2211 652 2254; x_wconf 92' lang='lat' dir='ltr'>id</span> <span class='ocrx_word' id='word_1_273' title='bbox 690 2212 758 2254; x_wconf 88' lang='lat' dir='ltr'>liat</span> <span class='ocrx_word' id='word_1_274' title='bbox 791 2224 841 2254; x_wconf 88' lang='lat' dir='ltr'>ex</span> <span class='ocrx_word' id='word_1_275' title='bbox 879 2214 1003 2255; x_wconf 89' lang='lat' dir='ltr'>variis</span> <span class='ocrx_word' id='word_1_276' title='bbox 1036 2214 1362 2256; x_wconf 86' lang='lat' dir='ltr'>circumstantiis</span> <span class='ocrx_word' id='word_1_277' title='bbox 1394 2211 1652 2268; x_wconf 82' lang='lat' dir='ltr'>deprehendi</span> <span class='ocrx_word' id='word_1_278' title='bbox 1688 2226 1753 2268; x_wconf 90' lang='lat' dir='ltr'>po-</span> 
     </span>
     <span class='ocr_line' id='line_1_31' title="bbox 124 2281 1751 2341; baseline 0.002 -18"><span class='ocrx_word' id='word_1_279' title='bbox 124 2284 201 2323; x_wconf 89' lang='lat' dir='ltr'>test</span> <span class='ocrx_word' id='word_1_280' title='bbox 235 2281 442 2324; x_wconf 91' lang='lat' dir='ltr'>interdum</span> <span class='ocrx_word' id='word_1_281' title='bbox 471 2281 591 2325; x_wconf 82' lang='lat' dir='ltr'>valde</span> <span class='ocrx_word' id='word_1_282' title='bbox 615 2282 860 2326; x_wconf 89' lang='lat' dir='ltr'>damnosum</span> <span class='ocrx_word' id='word_1_283' title='bbox 882 2300 889 2325; x_wconf 93' lang='lat'>:</span> <span class='ocrx_word' id='word_1_284' title='bbox 924 2284 1033 2340; x_wconf 91' lang='lat' dir='ltr'>quod</span> <span class='ocrx_word' id='word_1_285' title='bbox 1054 2284 1224 2341; x_wconf 89' lang='lat' dir='ltr'>quidem</span> <span class='ocrx_word' id='word_1_286' title='bbox 1246 2285 1377 2340; x_wconf 91' lang='lat' dir='ltr'>magis</span> <span class='ocrx_word' id='word_1_287' title='bbox 1398 2287 1527 2339; x_wconf 88' lang='lat' dir='ltr'>potest</span> <span class='ocrx_word' id='word_1_288' title='bbox 1547 2297 1594 2326; x_wconf 86' lang='lat' dir='ltr'>ex</span> <span class='ocrx_word' id='word_1_289' title='bbox 1617 2288 1751 2326; x_wconf 90' lang='lat' dir='ltr'>osten-</span> 
     </span>
     <span class='ocr_line' id='line_1_32' title="bbox 123 2353 1750 2410; baseline 0.001 -16"><span class='ocrx_word' id='word_1_290' title='bbox 123 2353 237 2395; x_wconf 92' lang='lat' dir='ltr'>sione</span> <span class='ocrx_word' id='word_1_291' title='bbox 271 2353 381 2407; x_wconf 82' lang='lat' dir='ltr'>sacti,</span> <span class='ocrx_word' id='word_1_292' title='bbox 416 2366 540 2410; x_wconf 89' lang='lat' dir='ltr'>quam</span> <span class='ocrx_word' id='word_1_293' title='bbox 576 2356 843 2409; x_wconf 85' lang='lat' dir='ltr'>expressione</span> <span class='ocrx_word' id='word_1_294' title='bbox 866 2353 1042 2397; x_wconf 90' lang='lat' dir='ltr'>alicuius</span> <span class='ocrx_word' id='word_1_295' title='bbox 1064 2357 1203 2398; x_wconf 90' lang='lat' dir='ltr'>statuti</span> <span class='ocrx_word' id='word_1_296' title='bbox 1229 2356 1470 2409; x_wconf 81' lang='lat' dir='ltr'>cognosci...</span> <span class='ocrx_word' id='word_1_297' title='bbox 1504 2354 1542 2397; x_wconf 87' lang='lat' dir='ltr'>Si</span> <span class='ocrx_word' id='word_1_298' title='bbox 1582 2368 1678 2397; x_wconf 81' lang='lat' dir='ltr'>vero</span> <span class='ocrx_word' id='word_1_299' title='bbox 1713 2356 1750 2396; x_wconf 93' lang='lat' dir='ltr'>in</span> 
     </span>
     <span class='ocr_line' id='line_1_33' title="bbox 124 2422 1752 2481; baseline 0.001 -17"><span class='ocrx_word' id='word_1_300' title='bbox 124 2425 281 2465; x_wconf 88' lang='lat' dir='ltr'>tantum</span> <span class='ocrx_word' id='word_1_301' title='bbox 317 2422 500 2467; x_wconf 88' lang='lat' dir='ltr'>abundet</span> <span class='ocrx_word' id='word_1_302' title='bbox 533 2425 765 2480; x_wconf 88' lang='lat' dir='ltr'>episcopus,</span> <span class='ocrx_word' id='word_1_303' title='bbox 798 2429 841 2467; x_wconf 92' lang='lat' dir='ltr'>ut</span> <span class='ocrx_word' id='word_1_304' title='bbox 873 2426 961 2468; x_wconf 90' lang='lat' dir='ltr'>sine</span> <span class='ocrx_word' id='word_1_305' title='bbox 985 2425 1137 2468; x_wconf 85' lang='lat' dir='ltr'>damno</span> <span class='ocrx_word' id='word_1_306' title='bbox 1161 2424 1362 2468; x_wconf 88' lang='lat' dir='ltr'>ecclesiae</span> <span class='ocrx_word' id='word_1_307' title='bbox 1385 2437 1498 2477; x_wconf 86' lang='lat' dir='ltr'>suae,</span> <span class='ocrx_word' id='word_1_308' title='bbox 1521 2427 1647 2481; x_wconf 88' lang='lat' dir='ltr'>possit</span> <span class='ocrx_word' id='word_1_309' title='bbox 1670 2437 1752 2467; x_wconf 92' lang='lat' dir='ltr'>am-</span> 
     </span>
     <span class='ocr_line' id='line_1_34' title="bbox 126 2491 1750 2552; baseline 0.002 -19"><span class='ocrx_word' id='word_1_310' title='bbox 126 2491 231 2548; x_wconf 89' lang='lat' dir='ltr'>plius</span> <span class='ocrx_word' id='word_1_311' title='bbox 264 2495 387 2536; x_wconf 89' lang='lat' dir='ltr'>etiam</span> <span class='ocrx_word' id='word_1_312' title='bbox 422 2506 546 2552; x_wconf 91' lang='lat' dir='ltr'>quam</span> <span class='ocrx_word' id='word_1_313' title='bbox 581 2507 653 2551; x_wconf 93' lang='lat' dir='ltr'>per</span> <span class='ocrx_word' id='word_1_314' title='bbox 685 2496 1075 2552; x_wconf 86' lang='lat' dir='ltr'>quinquagesimam</span> <span class='ocrx_word' id='word_1_315' title='bbox 1113 2495 1176 2539; x_wconf 77' lang='lat' dir='ltr'>vel</span> <span class='ocrx_word' id='word_1_316' title='bbox 1202 2497 1470 2539; x_wconf 82' lang='lat' dir='ltr'>centesimam</span> <span class='ocrx_word' id='word_1_317' title='bbox 1499 2499 1655 2551; x_wconf 89' lang='lat' dir='ltr'>partem</span> <span class='ocrx_word' id='word_1_318' title='bbox 1683 2508 1750 2537; x_wconf 92' lang='lat' dir='ltr'>ne-</span> 
     </span>
     <span class='ocr_line' id='line_1_35' title="bbox 124 2563 1749 2624; baseline 0.002 -20"><span class='ocrx_word' id='word_1_319' title='bbox 124 2564 303 2606; x_wconf 88' lang='lat' dir='ltr'>cessitati</span> <span class='ocrx_word' id='word_1_320' title='bbox 344 2563 514 2608; x_wconf 90' lang='lat' dir='ltr'>alterius</span> <span class='ocrx_word' id='word_1_321' title='bbox 556 2564 756 2608; x_wconf 87' lang='lat' dir='ltr'>ecclesiae</span> <span class='ocrx_word' id='word_1_322' title='bbox 798 2565 1034 2621; x_wconf 81' lang='lat' dir='ltr'>subvenire,</span> <span class='ocrx_word' id='word_1_323' title='bbox 1079 2568 1274 2624; x_wconf 84' lang='lat' dir='ltr'>quamvis</span> <span class='ocrx_word' id='word_1_324' title='bbox 1309 2579 1380 2621; x_wconf 90' lang='lat' dir='ltr'>per</span> <span class='ocrx_word' id='word_1_325' title='bbox 1412 2578 1455 2608; x_wconf 87' lang='lat' dir='ltr'>se</span> <span class='ocrx_word' id='word_1_326' title='bbox 1489 2578 1567 2607; x_wconf 90' lang='lat' dir='ltr'>non</span> <span class='ocrx_word' id='word_1_327' title='bbox 1603 2564 1749 2608; x_wconf 87' lang='lat' dir='ltr'>debeat</span> 
     </span>
     <span class='ocr_line' id='line_1_36' title="bbox 124 2635 1749 2693; baseline 0.001 -19"><span class='ocrx_word' id='word_1_328' title='bbox 124 2645 328 2676; x_wconf 87' lang='lat' dir='ltr'>summam</span> <span class='ocrx_word' id='word_1_329' title='bbox 363 2635 568 2678; x_wconf 87' lang='lat' dir='ltr'>excedere</span> <span class='ocrx_word' id='word_1_330' title='bbox 601 2648 623 2678; x_wconf 91' lang='lat' dir='ltr'>a</span> <span class='ocrx_word' id='word_1_331' title='bbox 656 2647 814 2678; x_wconf 90' lang='lat' dir='ltr'>canone</span> <span class='ocrx_word' id='word_1_332' title='bbox 850 2637 1124 2691; x_wconf 74' lang='lat' dir='ltr'>praefinitam,</span> <span class='ocrx_word' id='word_1_333' title='bbox 1159 2649 1230 2693; x_wconf 87' lang='lat' dir='ltr'>per</span> <span class='ocrx_word' id='word_1_334' title='bbox 1263 2649 1386 2693; x_wconf 89' lang='lat' dir='ltr'>quam</span> <span class='ocrx_word' id='word_1_335' title='bbox 1424 2638 1586 2679; x_wconf 87' lang='lat' dir='ltr'>incaute</span> <span class='ocrx_word' id='word_1_336' title='bbox 1611 2635 1749 2690; x_wconf 88' lang='lat' dir='ltr'>largiri</span> 
     </span>
     <span class='ocr_line' id='line_1_37' title="bbox 126 2702 1750 2762; baseline 0.002 -18"><span class='ocrx_word' id='word_1_337' title='bbox 126 2702 361 2747; x_wconf 86' lang='lat' dir='ltr'>volentibus</span> <span class='ocrx_word' id='word_1_338' title='bbox 378 2709 439 2747; x_wconf 90' lang='lat' dir='ltr'>est</span> <span class='ocrx_word' id='word_1_339' title='bbox 461 2718 708 2749; x_wconf 88' lang='lat' dir='ltr'>occursum:</span> <span class='ocrx_word' id='word_1_340' title='bbox 744 2705 794 2748; x_wconf 89' lang='lat' dir='ltr'>de</span> <span class='ocrx_word' id='word_1_341' title='bbox 827 2708 1054 2761; x_wconf 90' lang='lat' dir='ltr'>superioris</span> <span class='ocrx_word' id='word_1_342' title='bbox 1079 2712 1213 2750; x_wconf 90' lang='lat' dir='ltr'>tamen</span> <span class='ocrx_word' id='word_1_343' title='bbox 1239 2708 1485 2750; x_wconf 85' lang='lat' dir='ltr'>auctoritate</span> <span class='ocrx_word' id='word_1_344' title='bbox 1509 2704 1750 2762; x_wconf 83' lang='lat' dir='ltr'>(pontilicis)</span> 
     </span>
     <span class='ocr_line' id='line_1_38' title="bbox 127 2774 1750 2833; baseline 0.001 -17"><span class='ocrx_word' id='word_1_345' title='bbox 127 2777 259 2829; x_wconf 83' lang='lat' dir='ltr'>potest</span> <span class='ocrx_word' id='word_1_346' title='bbox 292 2776 417 2818; x_wconf 86' lang='lat' dir='ltr'>etiam</span> <span class='ocrx_word' id='word_1_347' title='bbox 452 2777 490 2817; x_wconf 94' lang='lat' dir='ltr'>in</span> <span class='ocrx_word' id='word_1_348' title='bbox 526 2777 670 2818; x_wconf 88' lang='lat' dir='ltr'>maiori</span> <span class='ocrx_word' id='word_1_349' title='bbox 704 2788 865 2818; x_wconf 88' lang='lat' dir='ltr'>summa</span> <span class='ocrx_word' id='word_1_350' title='bbox 891 2779 1054 2833; x_wconf 88' lang='lat' dir='ltr'>inopiae</span> <span class='ocrx_word' id='word_1_351' title='bbox 1077 2777 1248 2820; x_wconf 84' lang='lat' dir='ltr'>alterius</span> <span class='ocrx_word' id='word_1_352' title='bbox 1273 2777 1484 2833; x_wconf 82' lang='lat' dir='ltr'>provideri</span> <span class='ocrx_word' id='word_1_353' title='bbox 1512 2791 1548 2820; x_wconf 84' lang='lat'>».</span> <span class='ocrx_word' id='word_1_354' title='bbox 1584 2774 1656 2819; x_wconf 89' lang='lat' dir='ltr'>Cui</span> <span class='ocrx_word' id='word_1_355' title='bbox 1681 2787 1750 2818; x_wconf 92' lang='lat' dir='ltr'>ca-</span> 
     </span>
     <span class='ocr_line' id='line_1_39' title="bbox 124 2845 1748 2903; baseline 0.001 -16"><span class='ocrx_word' id='word_1_356' title='bbox 124 2845 195 2901; x_wconf 90' lang='lat' dir='ltr'>piti</span> <span class='ocrx_word' id='word_1_357' title='bbox 229 2847 421 2901; x_wconf 87' lang='lat' dir='ltr'>congruit</span> <span class='ocrx_word' id='word_1_358' title='bbox 453 2857 600 2900; x_wconf 89' lang='lat' dir='ltr'>canon,</span> <span class='ocrx_word' id='word_1_359' title='bbox 633 2858 757 2903; x_wconf 85' lang='lat' dir='ltr'>quern</span> <span class='ocrx_word' id='word_1_360' title='bbox 791 2851 1138 2901; x_wconf 88' lang='lat' dir='ltr'>commentamur,</span> <span class='ocrx_word' id='word_1_361' title='bbox 1172 2848 1270 2890; x_wconf 90' lang='lat' dir='ltr'>dum</span> <span class='ocrx_word' id='word_1_362' title='bbox 1305 2849 1363 2890; x_wconf 92' lang='lat' dir='ltr'>sic</span> <span class='ocrx_word' id='word_1_363' title='bbox 1388 2845 1584 2902; x_wconf 86' lang='lat' dir='ltr'>explicit:</span> <span class='ocrx_word' id='word_1_364' title='bbox 1619 2859 1748 2901; x_wconf 76' lang='lat' dir='ltr'>secus,</span> 
     </span>
     <span class='ocr_line' id='line_1_40' title="bbox 126 2908 1751 2973; baseline 0.002 -16"><span class='ocrx_word' id='word_1_365' title='bbox 126 2915 231 2958; x_wconf 87' lang='lat' dir='ltr'>idest</span> <span class='ocrx_word' id='word_1_366' title='bbox 263 2908 436 2959; x_wconf 68' lang='lat' dir='ltr'>(lomatio</span> <span class='ocrx_word' id='word_1_367' title='bbox 469 2929 548 2959; x_wconf 90' lang='lat' dir='ltr'>non</span> <span class='ocrx_word' id='word_1_368' title='bbox 587 2930 608 2956; x_wconf 88' lang='grc'>((</span> <span class='ocrx_word' id='word_1_369' title='bbox 633 2928 761 2973; x_wconf 85' lang='lat' dir='ltr'>parva</span> <span class='ocrx_word' id='word_1_370' title='bbox 785 2921 823 2959; x_wconf 91' lang='lat' dir='ltr'>et</span> <span class='ocrx_word' id='word_1_371' title='bbox 846 2917 1008 2961; x_wconf 88' lang='lat' dir='ltr'>modica</span> <span class='ocrx_word' id='word_1_372' title='bbox 1031 2933 1053 2958; x_wconf 77' lang='lat' dir='ltr'>n</span> <span class='ocrx_word' id='word_1_373' title='bbox 1091 2922 1232 2962; x_wconf 89' lang='lat' dir='ltr'>contra</span> <span class='ocrx_word' id='word_1_374' title='bbox 1255 2919 1424 2960; x_wconf 80' lang='lat' dir='ltr'>vetitum</span> <span class='ocrx_word' id='word_1_375' title='bbox 1446 2917 1616 2960; x_wconf 87' lang='lat' dir='ltr'>canonis</span> <span class='ocrx_word' id='word_1_376' title='bbox 1640 2929 1751 2973; x_wconf 89' lang='lat' dir='ltr'>prae-</span> 
     </span>
    </p>
   </div>
  </div>
 </body>
</html>
