1965 3240
487 111 570 145 T1T.
601 110 725 144 XXV.
756 130 767 135 -
794 109 850 144 De
875 110 1066 153 benefic-its
1091 111 1355 142 e(·(·l‹.‘.s·2'st.s·tz'cis
1665 107 1733 140 385

226 231 323 274 307.
361 232 695 276 Limitationes
727 230 866 274 verbi
906 228 1146 273 beneficii.
1194 227 1308 281 Quae
1350 227 1524 270 (liversis
1561 225 1637 269 sul)
1671 225 1732 268 lit-

108 304 206 346 teris
238 301 504 345 distinximus
538 302 574 342 in
610 312 701 343 can.
739 299 849 341 1409
882 297 1003 341 simul
1038 303 1200 354 sumpta
1248 297 1492 341 beneticium
1539 296 1731 340 ecclesia-

107 374 256 415 sticum
291 372 557 414 constituunt.
595 369 837 426 Eapropter,
871 381 920 410 ne
956 370 993 409 in
1034 380 1216 410 errorem
1262 370 1353 424 quis
1397 367 1561 417 incidat,
1599 371 1733 409 monet

107 456 196 485 can.
223 443 349 485 1419.
374 439 488 483 Licet
522 440 708 497 aliquam
738 438 966 482 secundum
992 438 1180 481 (liversas
1204 440 1313 481 citati
1339 440 1508 481 caimnis
1530 436 1736 480 clausulas

108 526 195 555 cnm
231 511 438 567 beneficiis
482 511 532 553 (le
575 510 726 567 quibus
769 514 828 552 est
872 508 937 552 liic
971 507 1130 550 Titulus
1168 507 1488 551 simililntlineni
1527 507 1736 564 praesefe-

106 588 222 637 rant,
256 587 293 626 et
328 581 404 625 boc
437 586 495 624 est
532 583 730 624 motivum
767 579 953 623 utilitatis
986 578 1119 635 quoad
1157 578 1265 622 ltunc
1308 591 1522 632 canonem,
1559 578 1598 620 in
1645 578 1736 619 inre

110 659 247 697 {anien
270 652 448 705 Codicis,
473 654 714 709 praesertim
739 650 816 694 sub
839 650 917 693 lloc
939 648 1086 703 Titulo,
1111 651 1176 692 cui
1197 651 1350 705 optime
1369 662 1411 692 se
1431 650 1734 692 conformarent

110 738 207 768 usus
240 724 561 770 canonistarum,
577 728 614 766 et
639 723 849 766 Romanae
873 720 1021 765 Curiae
1045 720 1308 771 documenta,
1343 719 1528 776 beneficii
1546 718 1739 775 simplici-

109 801 171 840 ter
194 796 291 839 (licti
317 799 378 838 ast
401 794 669 838 ecclesiastici
696 793 862 835 nomine
884 806 963 835 non
984 791 1155 834 veniant
1170 804 1182 834 .·
1206 817 1260 822 —
1280 792 1334 833 10.
1371 790 1562 833 l'icariae
1591 803 1738 847 paroe-

109 865 239 909 ciales
272 865 504 909 noscendae
528 878 575 908 ex
603 877 743 908 earum
765 864 909 906 olliciis
927 861 1004 906 sub
1022 860 1118 919 Cap.
1143 861 1177 904 X
1207 878 1228 901 «
1248 861 1298 905 (le
1335 863 1500 905 vicariis
1533 862 1739 917 paroecia-

110 937 218 981 libus
241 952 262 977 »
301 939 339 979 in
374 935 450 980 Tit.
475 934 578 989 Vlll,
605 935 687 978 Lib.
716 934 759 989 ll,
795 936 869 977 etsi
895 938 1052 977 tantum
1077 933 1240 976 (leticiat
1276 934 1335 976 eis
1358 931 1564 975 obiectiva
1599 945 1739 987 perpe—

109 1010 246 1062 tuitas,
265 1021 313 1050 eo
337 1006 446 1064 quod
472 1020 550 1049 non
586 1006 627 1048 in
658 1010 907 1063 perpetuane
934 1005 1097 1047 t'nerunt
1121 1009 1296 1053 erectae,
1319 1002 1548 1046 secundum
1574 1001 1735 1045 illarum

111 1083 302 1122 naturam
340 1077 401 1120 vel
436 1091 485 1120 ex
520 1078 719 1133 erigentis
755 1075 978 1120 voluntate.
1006 1077 1109 1118 Hinc
1146 1076 1326 1117 vicarius
1359 1086 1622 1127 oeconomus,
1647 1071 1738 1116 sub-

108 1151 286 1204 stitutus,
322 1148 498 1204 adiutor,
529 1161 608 1206 qua
655 1147 755 1190 tales
799 1145 1044 1190 beneficium
1085 1159 1163 1188 non
1203 1145 1367 1188 habent.
1406 1143 1593 1187 Vicarius
1630 1146 1737 1201 «qui

109 1219 233 1264 (lebet
265 1222 459 1263 constitui
494 1224 537 1263 ut
571 1218 775 1262 actualem
811 1230 952 1260 curam
988 1221 1106 1274 gerat
1138 1219 1411 1259 animarum»
1441 1229 1488 1258 ex
1525 1228 1614 1259 can.
1639 1215 1736 1269 471,

106 1291 135 1350 ξ
158 1291 194 1347 1,
214 1304 380 1347 semper
412 1290 535 1334 habet
561 1289 824 1343 beneticium,
850 1290 1029 1332 vicaritls
1056 1301 1152 1331 vero
1176 1291 1434 1343 cooperator,
1458 1300 1536 1329 non
1560 1299 1736 1342 semper,

110 1366 242 1420 potest
265 1367 401 1405 tamen
426 1374 506 1420 qua
530 1360 623 1405 talis
647 1360 894 1404 beneticium
920 1359 1143 1415 possidere,
1170 1363 1337 1415 propter
1360 1358 1468 1416 quotl
1495 1356 1738 1414 praescribit

109 1446 199 1477 can.
236 1433 334 1486 477,
368 1431 444 1476 sub
476 1432 504 1491 ἓ
538 1432 560 1475 Q
601 1447 620 1472 «
639 1433 670 1474 si
719 1432 873 1474 vicaria
918 1429 1192 1486 (huiusmodi)
1237 1432 1288 1472 sit
1331 1428 1648 1482 beneficialis»,
1686 1454 1737 1458 —

108 1504 171 1547 9⁰.
211 1503 514 1562 Coppellaniae
549 1502 766 1546 videlicet:
801 1515 894 1545 cum
920 1514 1045 1544 onere
1069 1503 1174 1544 sacri
1200 1502 1431 1556 ministerii,
1455 1499 1525 1543 sed
1551 1498 1739 1555 laicales,

112 1589 219 1633 qitae
252 1574 428 1629 scilicet,
463 1579 502 1617 ut
538 1573 770 1630 explicatur
813 1585 833 1616 a
879 1585 1035 1616 canone
1083 1574 1313 1616 secundum
1366 1574 1576 1615 invectum
1626 1572 1740 1614 vocis

111 1659 245 1701 usum,
279 1651 442 1689 erectae
474 1659 554 1688 non
588 1650 686 1687 sant
719 1659 743 1687 (ι
778 1649 1032 1701 competente
1064 1643 1197 1700 quoad
1234 1643 1368 1687 locum
1414 1645 1452 1685 in
1498 1655 1578 1699 quo
1621 1655 1738 1685 exer-

110 1722 282 1761 ceantur
315 1716 572 1760 anctoritate
603 1715 889 1758 ecclesiastica
925 1717 963 1757 in
1000 1717 1171 1758 materia
1205 1713 1450 1758 beneficiali.
1475 1713 1523 1756 Et
1547 1713 1623 1756 hoc
1658 1713 1738 1756 suf-

110 1790 252 1832 ficeret
286 1793 329 1832 ut
360 1800 383 1831 a
417 1789 582 1831 nomine
616 1786 805 1830 beneticii
845 1787 925 1829 sint
963 1785 1169 1842 exclusae,
1205 1787 1397 1843 quamvis
1441 1783 1656 1828 retributio
1690 1786 1740 1826 sit

110 1873 160 1903 ex
197 1859 312 1903 bonis
345 1858 638 1903 ecclesiasticis
670 1863 754 1901 eta
780 1862 940 1901 rectore
975 1857 1175 1901 ecclesiae
1209 1859 1455 1910 constituta,
1477 1858 1610 1899 —3‘2
1639 1854 1739 1897 (ba-

109 1930 337 1983 dintoriae,
355 1943 426 1974 seu
462 1931 611 1973 intuitu
646 1928 815 1973 iuvandi
840 1928 1066 1985 Episcopos
1100 1927 1164 1971 vel
1200 1927 1301 1971 alios
1333 1926 1635 1981 beneficiarios,
1661 1939 1739 1969 non

112 2001 327 2059 pareclmS,
351 2003 611 2056 constitutae,
637 2014 726 2043 cion
763 2001 899 2043 futura
923 2001 1199 2053 successione,
1222 1999 1388 2056 quando
1422 1998 1523 2041 llaec
1557 1997 1738 2040 nondum

113 2074 266 2127 evenit,
304 2071 366 2114 vel
400 2071 490 2114 sine
526 2070 676 2129 sutura
710 2070 983 2125 successione,
1016 2070 1120 2113 desit
1164 2082 1343 2126 namque
1387 2070 1485 2125 ipsis
1528 2070 1738 2125 proprium

113 2142 293 2185 officium
339 2141 540 2185 beneficio
583 2142 823 2193 essentiale,
860 2168 912 2171 —
947 2140 1007 2185 4⁰.
1047 2139 1283 2193 Pensiones,
1327 2140 1520 2196 quamvis
1563 2137 1740 2181 tributae

113 2214 270 2256 ratione
304 2214 486 2255 muneris
519 2212 786 2256 ecclesiastici
811 2217 933 2269 atque
957 2225 1005 2255 ex
1042 2211 1159 2255 bonis
1191 2210 1416 2264 Ecclesiae,
1438 2223 1509 2253 seu
1536 2208 1739 2255 beneticii.

114 2283 341 2328 dummodo
384 2285 464 2327 sint
505 2282 763 2341 personales,
802 2283 1018 2327 videlicet:
1063 2296 1168 2340 quae
1203 2295 1280 2324 non
1314 2286 1489 2337 gravant
1524 2283 1562 2323 in
1598 2294 1740 2337 perpe-

114 2359 229 2398 tuum
263 2353 492 2398 Ecclesiam
537 2367 607 2397 seu
653 2353 916 2408 beneficium,
949 2354 1020 2397 sed
1056 2355 1313 2410 extinguitur
1355 2365 1458 2395 onus
1500 2351 1598 2395 illud
1644 2365 1738 2395 cum

114 2429 246 2468 morte
281 2437 503 2481 personae,
528 2451 583 2455 —
606 2426 669 2468 5⁰.
695 2425 865 2482 Propter
900 2426 1185 2481 perpetuitatis
1217 2423 1361 2467 saltem
1387 2423 1607 2474 desectum,
1632 2421 1742 2465 Com-

115 2494 263 2538 menda
291 2495 563 2553 temporaria,
598 2495 929 2552 praescindendo
969 2500 1106 2538 utrum
1151 2494 1252 2537 llaec
1296 2494 1547 2536 secumferat
1583 2494 1741 2548 partici-

114 2569 320 2623 pationem
356 2568 568 2623 potestatis
601 2567 758 2610 ordinis
791 2570 861 2609 aut
894 2566 1204 2620 iurisdictionis,
1241 2564 1414 2621 proinde
1452 2562 1644 2607 subditur
1677 2563 1742 2605 ‹le-

112 2638 305 2682 claratio:
340 2636 448 2680 idest
487 2637 695 2681 concessio
731 2637 914 2694 legitima
958 2636 1168 2679 redituum
1205 2635 1388 2679 alicuius
1421 2633 1632 2683 ecclesiae,
1668 2640 1739 2675 ant

115 2707 362 2752 monasterii
395 2710 535 2764 (prout
569 2721 617 2751 ex
653 2707 822 2752 historia
855 2710 1009 2753 scimus
1043 2709 1168 2750 fuisse
1205 2707 1340 2749 mettio
1374 2718 1477 2748 aero
1507 2706 1741 2760 frequentes

114 2779 204 2823 illas
247 2777 552 2835 concessiones)
592 2777 724 2821 alicui
764 2777 895 2836 facta,
929 2783 971 2821 ut
1016 2778 1239 2834 plurimum
1293 2788 1490 2833 personae
1535 2778 1571 2816 in
1608 2774 1739 2829 ‹ligni-

114 2854 197 2894 tate
240 2851 504 2904 constitutae,
538 2849 598 2891 ita
643 2854 700 2903 nt,
738 2862 783 2892 eo
826 2848 1041 2905 deficiente
1089 2862 1166 2905 qua
1216 2846 1415 2897 subiecto,
1455 2844 1615 2887 reditus
1659 2844 1740 2901 ipsi

198 2939 295 2968 BLAT
318 2955 335 2961 -
363 2939 487 2967 Comm.
517 2938 601 2966 Text.
630 2939 708 2967 C'ocl.
733 2938 806 2966 Inr.
831 2938 912 2967 Can.
