1965 3240
216 128 260 161 46
449 126 533 159 Liss.
562 125 633 159 111.
662 145 674 150 -
702 124 811 159 PARS
836 124 887 158 ΙΙ.
918 145 930 149 -
956 123 1013 158 De
1039 125 1131 158 locis
1156 126 1191 158 et
1216 125 1454 168 temporibus
1480 126 1604 159 sacris

215 245 389 302 cipiunt,
424 247 511 287 sive
546 246 700 287 ratione
736 243 923 286 beneticii
958 245 995 285 in
1031 242 1178 286 eadem
1211 244 1290 299 siti,
1324 244 1413 285 sive
1444 242 1524 285 alio
1558 245 1728 293 motivo,
1763 245 1835 288 sed

217 315 270 357 illi
296 320 406 358 certo
430 315 698 370 designantur
721 318 887 370 propter
914 312 1038 356 verba
1058 318 1143 355 tum
1163 312 1245 357 cit.i
1264 318 1370 368 cap.⁸
1388 312 1411 355 4
1432 312 1554 356 huius
1578 316 1636 356 tit.
1657 314 1745 370 (48,
1764 314 1835 371 ΙΙΙ)

218 384 573 437 Deci-etaliuni,ac
598 386 839 439 praesertim
875 383 1079 440 parochus
1111 396 1276 439 semper
1298 383 1598 427 determinatus
1631 390 1691 428 est
1724 387 1838 429 iuxta

215 470 302 511 cap.
330 456 344 497 1
385 457 450 498 cit.
476 457 534 499 tit.
567 457 804 498 statuentis:
836 470 855 495 ((
877 454 932 497 De
966 454 1028 497 his
1061 456 1129 511 qui
1166 453 1423 509 parochiales
1456 454 1652 498 ecclesias
1685 455 1839 499 habent

213 526 407 568 duximus
450 525 781 581 respondendum
817 525 890 582 (ait
934 524 1050 567 Alex.
1097 523 1165 581 ΙΙΙ)
1200 524 1310 582 quod
1356 524 1405 567 ad
1453 527 1753 578 reparationem
1800 532 1839 570 et

215 599 509 640 institutionem
557 596 825 639 ecclesiarum
871 595 1210 653 (parochialium)
1253 598 1343 652 cogi
1389 595 1551 648 debent,
1594 610 1689 640 cum
1736 611 1839 654 opus

213 668 335 710 fuerit
368 667 553 724 (propter
596 680 673 709 non
719 666 985 723 adimpletam
1020 666 1315 723 obligationem
1349 669 1407 710 eis
1442 666 1748 711 incumbentem
1796 671 1836 711 in

212 737 409 781 ccclesiae
443 740 569 793 ipsius
603 737 880 794 necessitate),
899 738 950 780 de
986 737 1114 791 bonis,
1139 750 1245 794 qnae
1278 743 1372 781 sunt
1407 740 1534 793 ipsius
1567 738 1781 794 ecclesiae,
1804 741 1835 782 si

211 811 269 851 eis
309 811 527 864 supersint,
562 809 762 862 conferre,
797 808 914 865 (ergo
957 809 1007 851 de
1050 809 1272 864 superfluis
1316 811 1473 852 ratione
1516 809 1735 865 parochiae
1774 823 1836 853 re-

210 878 370 934 ceptis),
398 883 439 920 ut
462 891 604 921 eorum
630 882 820 934 exemplo
854 880 980 921 ceteri
1016 880 1300 921 invitentur».
1326 878 1415 922 Hoc
1439 884 1560 935 capnt
1586 892 1684 942 prae
1707 879 1837 923 oculis

210 948 357 992 habeat
375 946 622 992 Ordinarius
645 949 875 1005 adimplens
898 953 1138 1006 sequentem
1164 949 1416 992 clausulam:
1442 949 1665 993 secandam
1692 956 1835 993 tamam

207 1033 283 1076 pro
326 1025 423 1061 rata
464 1018 692 1072 redituum,
723 1022 841 1063 sicuti
885 1033 1008 1076 snpra
1052 1020 1326 1063 determinata
1368 1025 1407 1063 et
1449 1020 1657 1064 declarata
1691 1026 1751 1064 est
1783 1025 1834 1065 si-

210 1090 316 1132 milis
339 1106 358 1130 α
378 1104 450 1146 pro
486 1095 570 1133 rata
606 1095 882 1146 proventuum
904 1107 923 1131 »
947 1091 995 1133 ab
1020 1090 1253 1134 Orclinart'o
1278 1091 1372 1145 loci,
1390 1094 1454 1134 cui
1490 1094 1679 1148 paroecia
1713 1092 1836 1136 subii-

208 1163 350 1215 ciatur,
385 1160 650 1203 statuendam
685 1161 930 1217 obligatorio
975 1162 1109 1205 modo.
1146 1188 1198 1192 —
1234 1161 1320 1204 Non
1354 1164 1412 1205 sic
1446 1166 1584 1205 manet
1617 1165 1655 1204 in
1693 1165 1834 1219 vigore

206 1231 426 1274 conciliare
460 1231 672 1274 decretum
697 1232 832 1289 quoad
857 1237 1091 1289 sequentes,
1114 1233 1211 1275 dum
1240 1245 1474 1276 memorans
1507 1245 1636 1276 canon
1671 1232 1832 1277 subdit:

211 1301 492 1353 paroecianis,
516 1316 562 1345 eo
596 1303 705 1360 quod
742 1317 819 1346 non
854 1305 934 1346 sint
963 1316 1023 1346 «a
1059 1303 1227 1359 parochi
1261 1316 1360 1347 cura
1393 1303 1624 1347 subducti»
1650 1303 1834 1360 legitime

205 1371 311 1426 (can.
334 1372 551 1430 464,§2),
577 1386 623 1416 ac
648 1376 815 1430 insuper
848 1377 1060 1430 corrigens
1095 1373 1195 1417 illud
1231 1379 1354 1430 caput
1387 1375 1524 1417 addit:
1560 1388 1661 1432 quos
1697 1379 1834 1417 tamen

209 1442 466 1485 (n‘tli'nm'ins
500 1443 593 1491 loci,
627 1447 692 1487 cui
738 1447 811 1501 ipsi
856 1445 1141 1498 subiiciantur,
1178 1451 1221 1487 nt
1255 1458 1386 1502 snpra
1418 1445 1737 1488 determinatum
1774 1450 1835 1488 est

204 1513 254 1556 de
291 1514 631 1557 «dioecesanis»
670 1514 746 1558 sub
789 1518 846 1558 n.⁰
886 1515 940 1569 10,
974 1515 1109 1572 nzayis
1153 1514 1345 1558 hortetur
1388 1529 1511 1572 quain
1555 1520 1690 1572 σοφαί,
1734 1517 1831 1573 quin

203 1586 360 1626 coactio
395 1584 675 1640 prohibeatur,
709 1586 807 1629 dum
844 1587 1061 1642 prudentia
1096 1599 1184 1629 eam
1222 1587 1419 1639 suadeat,

322 1654 490 1710 Propter
523 1656 686 1698 easdem
722 1657 919 1699 iuridicas
953 1659 1132 1700 rationes
1167 1657 1334 1712 protluit
1368 1659 1556 1713 aequitas
1589 1659 1832 1713 praescripti

202 1723 277 1767 sul)
302 1724 360 1768 n.0
382 1725 443 1769 30.
479 1725 596 1767 Hae(¹
629 1740 715 1768 cant
751 1726 889 1769 debita
920 1727 1195 1785 proportione
1228 1740 1323 1770 cum
1360 1727 1402 1769 10
1433 1727 1495 1770 vel
1523 1727 1565 1769 ⁶2⁰
1590 1726 1723 1771 num.⁰
1746 1741 1830 1769 ser-

205 1799 349 1836 ventur
381 1795 507 1837 etiam
540 1798 627 1839 sive
662 1798 795 1853 quoad
841 1797 1043 1853 obligatos
1087 1800 1176 1840 sive
1219 1797 1353 1854 quoad
1401 1800 1582 1854 ipsorum
1627 1797 1829 1852 ordinem,

202 1865 310 1921 qnod
343 1866 494 1908 attinet
528 1866 583 1909 ad
616 1867 727 1910 alias
766 1868 962 1911 ecelesias
998 1868 1259 1922 reficiendas,
1286 1882 1323 1911 κ’.
1349 1882 1409 1924 gr.
1442 1871 1474 1911 si
1509 1873 1656 1924 agatur
1678 1868 1729 1912 (le
1753 1868 1832 1912 col·

204 1935 365 1991 legiata,
399 1951 476 1979 non
511 1937 753 1994 Episcopus,
792 1939 863 1982 sed
905 1942 1190 1994 «canonici»,
1227 1943 1268 1981 ut
1311 1952 1435 1995 supra
1480 1938 1677 1982 declarati
1721 1944 1827 1993 sunt,

207 2006 410 2062 «capituli
447 2007 713 2064 collegiatis»
753 2010 937 2053 eiusdem
963 2014 1067 2062 (can.
1095 2010 1191 2064 391,
1215 2010 1242 2066 ξ
1268 2009 1320 2064 1),
1343 2012 1376 2052 si
1415 2023 1511 2053 vero
1545 2014 1746 2053 tractetur
1778 2011 1829 2053 de

201 2077 276 2119 alia
311 2078 483 2121 ecclesia
516 2081 590 2121 sita
627 2082 731 2122 intra
772 2083 987 2135 paroeciae
1021 2081 1122 2123 lines
1155 2085 1194 2123 et
1226 2080 1277 2123 ab
1311 2093 1356 2123 ea
1392 2081 1668 2136 dependente,
1703 2081 1828 2124 iidem

200 2150 266 2203 qni
303 2162 373 2203 pro
408 2149 625 2204 paroeciali
661 2151 731 2193 sed
769 2153 904 2194 minus
937 2150 1234 2207 obligarentur,
1269 2156 1441 2207 excepto
1477 2156 1646 2207 patrono
1683 2164 1826 2208 paroe-

150 2213 156 2223 “
200 2218 465 2275 υἱιιΙίςμμιθιιι
501 2219 768 2264 substitueret
803 2227 998 2277 patronus
1031 2219 1231 2265 ecclesiae
1266 2222 1528 2272 reticiendae,
1547 2224 1578 2265 si
1614 2222 1732 2278 adsit,
1757 2222 1825 2265 de-

202 2302 309 2330 inum
346 2292 376 2331 si
411 2290 487 2333 alia
522 2304 810 2349 quaecumque
843 2295 893 2335 sit
927 2292 1101 2335 ecclesia
1142 2293 1364 2335 reticienda
1400 2295 1438 2335 in
1473 2293 1637 2336 defectu
1681 2306 1824 2336 eorum

198 2362 265 2415 qui
301 2359 549 2415 obligantur,
573 2359 820 2405 Ordinarins
853 2376 900 2406 ac
934 2363 1118 2405 eiusdem
1156 2367 1288 2406 rector
1324 2377 1394 2419 per
1427 2363 1729 2407 ecclesiasticos
1762 2377 1824 2407 re-

199 2430 306 2472 ditus
339 2431 387 2472 ad
422 2432 598 2474 similem
633 2434 794 2488 pietatis
827 2438 964 2476 actum
1000 2430 1238 2488 destinatoS,
1266 2434 1327 2477 vel
1356 2447 1427 2490 per
1459 2434 1745 2491 eleemosynas
1779 2436 1824 2477 ti-

199 2500 349 2542 delium
387 2506 624 2545 tenerentur
660 2506 960 2559 reparationem
995 2517 1156 2548 curare.

317 2572 382 2612 238.
420 2574 490 2617 De
524 2576 763 2619 ecclesiae
796 2576 1018 2631 legitima
1059 2578 1347 2621 reductione
1379 2578 1425 2621 in
1474 2591 1611 2622 usum
1653 2577 1818 2632 profa-

200 2655 323 2685 num.
358 2642 476 2685 (lonc.
503 2643 643 2687 Τι·ἰ(1.1
680 2647 843 2687 statuit:
874 2660 893 2685 ((
913 2647 944 2687 si
980 2647 1105 2687 nimia
1139 2650 1322 2700 egestate
1355 2660 1498 2689 omnes
1522 2645 1707 2689 laborent
1732 2644 1821 2702 (qui

199 2716 428 2754 restaurare
455 2714 703 2767 paroeciales
727 2715 922 2758 ecclesias
947 2714 1172 2772 debebant)
1196 2716 1245 2759 ad
1273 2719 1479 2771 matrices,
1502 2730 1574 2760 seu
1600 2718 1821 2759 viciniores

315 2865 320 2884 ¹
353 2866 441 2907 t'ap.
468 2865 497 2898 7.
526 2876 618 2899 sess.
648 2866 744 2900 XXI
771 2867 816 2901 de
848 2867 931 2902 Res.
