1965 3240
305 135 389 169 Tl'r.
419 134 524 169 XVI.
556 155 567 160 —
595 135 651 169 De
676 136 784 170 enlin
812 136 1060 175 Sanctormn,
1089 146 1187 169 saer.
1218 138 1334 179 imag.
1364 138 1397 169 et
1423 137 1532 179 reliq.
1666 134 1730 169 177

107 255 152 313 3)
192 254 281 298 illos
323 253 574 312 suppliciter
614 253 824 298 invocare.
858 252 901 309 b)
936 266 1158 310 eorumque
1202 253 1405 309 reliquias
1439 267 1508 296 seu
1550 269 1568 293 ι(
1592 258 1731 296 sanctu

109 337 299 383 corpora,
332 338 439 383 quae
476 327 570 367 vix-a
617 323 801 367 membra
836 325 1001 366 fuerunt
1043 323 1207 377 (Ilii-isti,
1242 329 1277 365 et
1321 324 1516 379 templum
1559 326 1735 380 Spiritus

108 400 265 442 Sancti.
288 395 340 440 ab
364 398 450 452 ipso
484 395 533 438 ad
569 399 778 438 aeternam
817 396 942 436 vitam
968 394 1203 436 suscitanda
1239 398 1275 436 et
1311 394 1637 449 glorificanda...
1666 408 1736 450 per

114 481 219 526 quae
245 467 369 511 multa
396 467 595 510 beneticia
621 479 640 508 a
669 465 751 508 Deo
776 463 1012 507 bominibus
1036 469 1333 520 praestantur»
1373 464 1465 520 (loc.
1492 468 1588 516 eit).
1615 471 1738 521 idque

112 539 319 596 ineaqines
354 537 560 592 venerari,-
600 553 617 576 «
646 549 722 579 non
757 535 865 593 quod
901 535 1097 578 credatur
1131 537 1262 577 inesse
1297 538 1333 576 in
1368 538 1425 577 eis
1459 535 1592 589 aliqua
1629 535 1738 577 ‹liri-

114 613 233 665 nitas,
268 609 331 653 vel
369 611 513 659 virtus,
547 613 713 664 propter
745 619 870 664 quam
906 608 984 648 sint
1019 605 1231 657 colendae,
1270 605 1330 647 vel
1367 606 1474 662 quod
1511 605 1561 648 ab
1596 608 1653 648 eis
1688 608 1736 648 sit

113 681 269 739 aliquid
307 679 555 737 petendum5
593 677 655 720 xet
690 677 798 735 quod
836 677 985 720 liducia
1022 679 1058 718 in
1096 675 1345 732 imaginibus
1378 678 1426 717 sit
1463 676 1642 728 tigenda,
1670 689 1736 718 xe-

111 753 185 796 luti
219 751 317 795 olim
352 750 475 794 tiebat
507 762 529 792 a
562 748 767 805 gentibus,
801 761 907 805 quae
943 749 979 790 in
1016 747 1135 789 idolis
1167 760 1280 801 spem
1313 759 1428 789 suam
1455 745 1737 793 collocabant3

111 823 185 867 sed
220 823 414 880 quoniam
450 821 594 874 honos,
628 821 697 876 qui
732 822 789 862 eis
823 818 1059 871 exhibetur,
1094 818 1270 860 refertur
1303 817 1352 859 ad
1382 821 1740 872 pr‹›tot)pa,‹p¹ae

114 894 210 938 illae
244 896 613 949 repraesentant,...
634 891 670 933 id
696 890 804 948 quod
830 888 1125 940 Conciliorum,
1145 890 1385 944 praesertim
1415 901 1512 929 vero
1536 887 1742 929 secundae

113 964 296 1009 Nicenae
329 963 500 1020 Synodi‚
532 962 711 1006 decretis
743 966 884 1004 contra
920 962 1148 1016 imaginum
1182 963 1490 1014 oppugnatores
1524 962 1580 1000 est
1617 959 1745 999 sanei-

114 1041 202 1080 tum
226 1051 267 1079 ».
302 1034 479 1092 Explicit
511 1046 641 1077 canon
666 1035 747 1076 sic:
773 1030 845 1074 sed
864 1044 970 1089 prae
993 1029 1143 1072 ceteris
1166 1030 1338 1080 Sanctis,
1365 1033 1531 1085 propter
1554 1030 1642 1071 eius
1665 1030 1745 1070 sin-

112 1107 304 1165 gularem
338 1106 582 1162 (lignitatem
616 1109 658 1147 ut
693 1103 766 1146 Dei
799 1102 984 1156 Matrem,
1019 1106 1057 1144 et
1091 1103 1186 1158 quia
1228 1103 1265 1142 in
1313 1099 1460 1142 loanne
1495 1099 1652 1142 dictum
1687 1102 1746 1141 est

119 1177 311 1222 fidelibus
353 1190 372 1220 a
416 1175 578 1221 Christo
618 1177 656 1218 in
696 1173 828 1218 Cruce
867 1188 887 1214 c<
910 1186 1006 1216 ecce
1040 1171 1168 1215 Mater
1203 1176 1332 1214 tua».
1368 1169 1495 1226 filiali
1528 1168 1747 1212 devotione

113 1263 189 1293 seu
222 1248 370 1292 aflectu
408 1246 630 1290 voluntatis
662 1244 963 1288 Beatissimam
1011 1242 1062 1286 ob
1109 1240 1512 1298 superexcellentem
1563 1242 1650 1282 eius
1695 1240 1745 1281 le-

122 1321 318 1365 licitatem
367 1317 575 1375 Viryiizem
607 1316 861 1374 singularem
896 1313 1082 1358 Mariam
1106 1312 1248 1370 fideles
1273 1311 1459 1354 um'eersi'
1488 1324 1747 1369 prosequan-

119 1397 205 1446 tur,
241 1395 361 1448 prout
393 1403 443 1433 ex
477 1389 664 1433 doctrina
698 1386 901 1432 catholica
935 1390 1140 1429 tenentur.

239 1462 337 1505 146.
374 1462 652 1507 Diversitas
685 1461 842 1506 cultus
876 1458 1156 1504 exhibendi.
1195 1454 1295 1499 Cau.
1331 1457 1413 1497 1⁴27
1422 1456 1446 1496 7
1455 1490 1462 1497 .
1497 1456 1521 1507 g
1555 1456 1589 1495 1.
1628 1450 1750 1495 Fallet

114 1533 297 1593 publico,
339 1533 568 1577 secundum
620 1533 746 1587 ipsius
794 1530 1079 1573 definitionem
1129 1529 1167 1570 in
1215 1539 1305 1570 can.
1353 1525 1481 1576 1256,
1531 1525 1750 1580 praecipue

125 1622 148 1658 (ς
166 1619 238 1662 per
270 1608 386 1648 actus
419 1617 468 1647 ex
494 1602 705 1646 Ecclesiae
739 1602 995 1644 Institutione
1027 1598 1125 1646 Deo,
1150 1598 1311 1642 Sanctis
1343 1609 1389 1639 ac
1426 1596 1559 1639 Beatis
1592 1598 1749 1637 tantum

121 1676 438 1729 exhibendos»,
470 1688 538 1718 eos
582 1678 743 1716 tautum
780 1671 857 1715 Dei
889 1684 1042 1727 servos,
1076 1682 1123 1713 ae
1159 1668 1331 1725 proinde
1366 1680 1443 1710 non
1479 1666 1580 1709 alios
1618 1677 1750 1707 «cum

120 1749 350 1792 sanctitatis
381 1750 419 1789 et
453 1746 644 1802 martyrii
678 1744 785 1787 fama
819 1743 1074 1786 defunctos»
1099 1741 1129 1795 ¹,
1153 1742 1234 1782 imo
1268 1740 1342 1782 etsi
1371 1738 1521 1794 aliquis
1546 1736 1752 1779 Ecclesiae

124 1821 310 1862 minister
333 1818 454 1860 fuerit
477 1820 615 1860 certus
641 1814 894 1859 revelatione
928 1813 1069 1856 divina
1093 1813 1201 1855 eirca
1232 1809 1447 1854 cuiusdam
1474 1809 1646 1865 gloriam
1674 1808 1751 1848 iam

122 1890 350 1939 obtentam,
376 1887 570 1931 venerari
602 1886 712 1939 lieet,
737 1890 905 1942 propter
927 1883 1137 1928 Ecclesiae
1162 1881 1482 1938 prohibitionem
1511 1882 1750 1935 sequentem

125 1962 221 2020 (loc.
255 1960 365 2018 cit.):
406 1957 635 2003 «Urbanus
671 1956 800 2000 Vlll...
834 1957 988 2010 statuit,
1023 1959 1060 1997 et
1094 1953 1280 1996 decrevit
1326 1964 1375 1994 ne
1410 1949 1656 2007 quorumvis
1690 1946 1755 1989 ho-

128 2034 299 2085 minum,
334 2035 378 2073 ut
423 2041 564 2085 supra,
598 2030 811 2084 imagines
843 2032 882 2069 et
916 2025 1210 2083 quodcumque
1244 2035 1389 2065 eorum
1435 2019 1546 2063 aliud
1585 2029 1754 2061 venera-

122 2105 277 2146 tionem
322 2105 362 2144 et
403 2099 561 2144 cultum
596 2098 879 2155 praeseferens
922 2101 962 2140 et
1010 2096 1210 2147 indicans,
1246 2095 1283 2135 in
1319 2090 1522 2136 Oratoriis
1555 2094 1623 2131 aut
1659 2087 1756 2130 locis

127 2172 303 2231 publicis
335 2178 407 2215 seu
443 2172 629 2228 privatis,
665 2169 730 2213 vel
764 2168 960 2212 Ecclesiis
994 2171 1075 2209 tam
1110 2162 1407 2216 saecularibus,
1436 2173 1558 2218 quam
1596 2158 1755 2215 regula-

128 2243 243 2287 ribus
285 2245 586 2299 cuiuscumque
631 2240 805 2283 lustituti
849 2242 1123 2295 apponantur,
1157 2239 1378 2291 antequam
1428 2231 1479 2275 ab
1523 2229 1756 2286 Apostolica

123 2314 235 2359 Sede
267 2315 575 2365 canonizentur‚
608 2317 677 2355 aut
721 2310 832 2354 Beati
867 2308 1190 2360 declarentur»,
1223 2318 1294 2348 seu
1330 2308 1371 2346 ut
1420 2304 1473 2345 ait
1509 2313 1638 2344 canon
1674 2312 1757 2341 am-

130 2385 248 2443 pliori
283 2398 420 2441 sensu,
453 2383 525 2441 qui
557 2381 813 2425 auelorilate
850 2380 899 2424 ad
941 2379 1017 2422 boc
1061 2376 1276 2421 Ecclesiae
1311 2388 1383 2431 per
1425 2373 1613 2415 diversas
1650 2370 1760 2425 leges

130 2457 182 2501 de
214 2456 522 2499 Beatiticatione
556 2458 593 2497 et
627 2452 942 2509 Canonizatione
976 2450 1201 2493 Sei-vorum
1237 2446 1309 2489 Dei
1344 2444 1487 2495 editas,
1525 2442 1635 2483 iuter
1660 2441 1761 2483 Sam

126 2531 218 2570 ctos
251 2525 313 2568 vel
347 2524 499 2568 Beatos
530 2522 661 2566 relati
693 2522 791 2566 sint.
817 2521 858 2564 ln
893 2521 970 2564 hac
1005 2533 1047 2562 re
1080 2519 1269 2561 diversos
1302 2515 1456 2571 gradus
1489 2516 1666 2569 ‹piutuor
1700 2510 1759 2551 ‹li-

132 2609 326 2641 scernere
367 2599 540 2651 oportet.
576 2593 608 2636 Ιο
651 2608 671 2633 «
703 2594 739 2638 5.
776 2592 821 2636 R.
856 2591 898 2635 (11.
936 2588 1221 2648 praesentibus
1269 2585 1549 2629 declaratione
1597 2586 1633 2624 et
1686 2582 1762 2622 ius-

132 2670 286 2712 sione»
311 2665 340 2721 ²,
363 2668 482 2710 sicuti
518 2664 614 2709 Urb.
641 2663 727 2707 Vlll
762 2665 800 2706 in
825 2665 890 2706 cit.
917 2660 1027 2705 dec.⁰
1051 2673 1089 2704 n.
1116 2660 1153 2702 4.
1183 2674 1203 2698 ((
1224 2657 1454 2700 Removere
1484 2666 1561 2695 non
1589 2650 1760 2693 intendit

134 2738 292 2783 cultum
324 2737 459 2781 Beatis
494 2749 565 2793 per
597 2747 861 2779 communem
887 2732 1095 2782 Ecclesiae
1129 2739 1392 2773 eonsensum.
1421 2724 1483 2766 vel
1520 2736 1590 2778 per
1626 2724 1764 2763 imme-

250 2846 261 2867 1
289 2844 382 2878 Dec.
412 2842 449 2877 S.
477 2842 621 2887 Congr.
653 2841 689 2875 S.
721 2840 863 2880 Officii,
895 2839 937 2872 13
973 2837 1106 2871 Martii
1146 2836 1246 2868 1631.
1278 2852 1318 2858 —-
1345 2833 1357 2853 ‘-'
1384 2831 1426 2864 'BT
1456 2829 1560 2872 Sept.
1592 2828 1692 2861 16:33),
1724 2838 1759 2858 11-

129 2892 240 2927 1130.

220 2970 318 2999 BLAT
341 2985 360 2992 -
387 2969 509 2998 Comm.
539 2968 622 2997 Text.
651 2967 726 2996 Cod.
754 2967 823 2995 Iur.
851 2964 930 2993 Can.
1644 2954 1680 2980 1“-’
