1965 3240
162 134 231 169 276
423 135 507 168 ΜΒ.
533 134 605 169 ΠΙ.
635 156 648 161 -
675 135 785 170 PARS
811 136 876 171 IV.
903 156 916 162 ·
942 136 1000 171 De
1025 139 1251 182 mayisterio
1276 138 1530 174 ecclesiastico

165 257 454 299 auctoritatem
489 269 537 299 ex
571 268 652 314 qua
686 258 862 300 ministri
905 255 1057 301 Christi
1099 256 1375 301 missionibus
1403 257 1663 311 incumbunt,
1692 272 1800 317 quae

164 339 314 370 nomen
349 325 448 370 illud
485 339 706 370 commune
743 327 956 371 vindicant
988 326 1080 382 sibi,
1114 331 1157 370 ut
1192 329 1326 384 magis
1358 331 1586 386 proprium,
1632 334 1801 387 propter

163 410 307 441 earum
341 410 512 453 scopum
547 396 725 441 similem
759 396 1051 454 Apostolorum
1097 399 1297 454 missioni,
1338 400 1612 444 convertendi
1651 413 1801 457 nempe

163 468 352 512 homines
385 467 437 512 ab
470 481 613 511 eorum
662 470 740 512 viis
784 470 940 525 pravis,
989 473 1031 512 ut
1074 471 1332 525 poenitentes
1371 470 1435 514 vel
1470 476 1639 527 peccata
1673 472 1799 514 confi-

161 543 327 582 teantur
359 543 399 582 et
431 540 490 581 sic
523 538 695 581 redeant
728 538 778 582 ad
814 537 1036 581 Dominum
1090 537 1219 582 Deum
1269 553 1404 595 suum,
1455 539 1519 583 vel
1570 539 1800 597 baptizetur

162 612 446 666 unusquisque
466 608 712 665 baptismate
731 608 835 652 lesu.
859 608 911 653 Ut
928 608 1119 665 baptizati
1140 614 1379 666 peccatores
1399 611 1601 667 profunda
1622 613 1796 654 novissi-

164 694 326 724 morum
354 679 643 723 recordatione
668 681 904 736 poeniteant
931 693 1042 734 vere,
1062 682 1278 724 missiones
1302 681 1389 724 sieri
1415 680 1529 725 iubet
1550 693 1640 725 can.
1667 681 1793 735 1349,

160 752 211 796 de
235 749 514 804 missionibus,
538 755 582 794 ut
605 750 820 794 audientes
843 750 1015 794 credant
1038 755 1078 794 et
1104 750 1209 794 salvi
1235 752 1347 805 fiant,
1381 756 1421 795 et
1452 764 1542 796 can.
1568 751 1696 802 1350,
1730 753 1795 795 cui

157 822 417 867 subnectitur
449 834 538 866 can.
575 821 684 864 1351
722 821 773 864 de
806 820 995 864 libertate
1029 821 1078 865 ad
1115 821 1240 865 tidem
1273 822 1606 879 amplectendam
1637 821 1790 866 debita.

278 894 374 937 2⁶29.
410 894 674 939 Missiones
706 895 838 949 apud
872 894 1159 939 catholicos.
1191 892 1355 936 Novum
1390 898 1450 937 est
1483 895 1523 936 in
1558 895 1646 936 iure
1679 906 1791 937 com-

163 967 275 1008 muni
311 965 615 1021 praescriptum
649 977 740 1005 can.
775 964 906 1006 1349.
941 962 970 1021 ἓ
992 965 1027 1007 1.
1057 961 1284 1006 Ordinarii
1308 963 1491 1007 locorum
1521 977 1570 1007 ex
1596 968 1794 1007 contextu

158 1040 282 1093 atque
325 1033 448 1077 simul
496 1033 694 1089 Superior
741 1035 885 1088 maior,
936 1033 1103 1090 quando
1153 1033 1360 1090 parochus
1408 1035 1532 1077 fuerit
1578 1033 1797 1090 religiosus

158 1109 388 1162 exemptus,
423 1103 671 1162 admouent,
690 1116 772 1162 qua
791 1103 1003 1161 pastorale
1037 1104 1237 1158 officium,
1260 1110 1318 1155 iil,
1342 1104 1492 1148 saltem
1525 1104 1682 1148 decimo
1705 1118 1799 1162 quo·

158 1191 235 1235 que
267 1190 394 1229 anno,
430 1175 647 1219 videlicet:
681 1179 872 1232 tempore
905 1175 1195 1228 determinato,
1230 1188 1310 1232 quo
1339 1191 1358 1216 «
1379 1177 1417 1218 in
1442 1175 1616 1232 singulis
1638 1175 1797 1218 dioece-

156 1248 270 1292 sibus
303 1246 552 1291 celebranda
585 1251 644 1289 est
678 1246 925 1290 dioecesana
959 1246 1042 1302 Syn
1057 1246 1160 1289 odus
1187 1263 1204 1284 >³
1244 1247 1349 1299 (can.
1387 1246 1484 1299 356,
1523 1248 1548 1299 ἓ
1572 1246 1625 1301 1),
1651 1247 1690 1288 in
1715 1257 1795 1302 qua

157 1319 330 1376 proinde
363 1317 468 1361 hauc
505 1316 761 1374 vigilantiam
795 1316 1020 1360 adhibendi
1054 1316 1272 1360 commode
1305 1316 1460 1360 eisdem
1495 1316 1618 1360 (latur
1640 1328 1789 1372 oppor-

156 1392 322 1444 tunitas,
355 1401 536 1439 sacram,
570 1401 695 1446 quam
728 1392 890 1442 socan!a
932 1387 1189 1438 missionem,
1223 1387 1403 1431 scilicet:
1438 1389 1476 1430 in
1511 1387 1666 1445 aliquot
1709 1386 1797 1430 dies

157 1475 194 1504 v.
229 1474 289 1517 gr.
325 1459 539 1503 octiduum
586 1460 874 1502 successivum
925 1457 1135 1501 habendas
1185 1460 1420 1513 conciones,
1459 1459 1703 1515 praesertim
1738 1456 1789 1500 (le

153 1533 406 1583 novissimis,
444 1532 737 1573 instructiones
772 1531 883 1572 circa
918 1529 1042 1572 fidem
1077 1542 1124 1573 ac
1158 1528 1432 1586 obligationes
1454 1528 1791 1572 christianorum,

153 1609 192 1648 et
227 1605 290 1660 pia
324 1603 537 1657 exercitia,
587 1599 642 1643 ad
685 1614 855 1658 yreyem
906 1599 986 1643 sibi
1033 1613 1204 1657 nempe:
1261 1616 1280 1641 «
1304 1597 1539 1644 Ordiuariis
1563 1615 1582 1640 η
1622 1612 1694 1655 pro
1729 1611 1792 1655 pa-

152 1676 385 1718 roeciarum
419 1672 662 1715 diversitate
695 1670 960 1714 commissum
995 1669 1227 1713 habendam
1258 1672 1582 1714 «missionem»
1609 1667 1789 1727 parochi

154 1750 312 1789 curent.
348 1745 419 1787 His
451 1755 631 1800 namque
665 1741 861 1798 obligatio
896 1741 1143 1785 immediate
1184 1755 1229 1785 ac
1264 1741 1422 1785 directe
1455 1745 1515 1784 est
1540 1743 1734 1783 iniuncta.

269 1813 456 1868 Quarum
493 1816 734 1857 missionum
771 1812 887 1870 plena
932 1812 1208 1869 dependentia
1233 1811 1284 1856 ab
1308 1809 1520 1856 Ordiuarii
1545 1812 1790 1855 auctoritate

151 1890 429 1943 congruenter
463 1884 685 1942 praedictis
719 1883 934 1941 hucusque
981 1885 1019 1926 in
1066 1883 1143 1926 hoc
1187 1882 1321 1926 Titulo
1365 1885 1559 1926 statuitur
1596 1884 1634 1924 in
1670 1882 1712 1935 §⁰
1744 1883 1789 1925 2.

154 1956 384 2011 Paroelius,
417 1956 468 1999 de
501 1969 583 2013 quo
619 1957 657 1998 in
691 1954 738 2014 ἕο
773 1955 818 1997 1a
853 1954 1046 2011 equidem
1092 1954 1142 1998 ad
1177 1966 1365 1997 normam
1400 1966 1491 1997 can.
1530 1953 1629 2009 451,
1662 1952 1789 1995 etiam

151 2028 380 2086 reliqiosns
429 2026 601 2085 quilibet
650 2028 845 2084 quamvis
895 2029 1114 2082 exemptae
1167 2024 1394 2081 religionis,
1441 2029 1485 2067 ut
1533 2028 1692 2068 constat
1739 2036 1787 2066 ex

155 2101 356 2156 rescripto
389 2099 428 2142 S.
464 2097 507 2142 C.
541 2097 620 2141 EE.
656 2102 694 2140 et
727 2096 812 2141 RR.
849 2099 887 2139 in
922 2095 1073 2139 Senen.
1112 2095 1123 2117 1
1159 2095 1208 2139 ad
1244 2093 1537 2140 Ordiuarium:
1587 2110 1607 2134 «
1631 2093 1787 2138 ch’Ella

153 2170 231 2228 puo
265 2170 463 2213 mandare
497 2169 522 2211 li
556 2169 657 2212 detti
693 2169 924 2212 Missionari
961 2170 998 2221 (a
1034 2166 1265 2224 predicare)
1303 2166 1411 2210 nelle
1433 2165 1619 2223 predette
1642 2163 1788 2209 Chiese

152 2243 233 2298 (dei
269 2239 496 2297 Regolari),
542 2238 674 2283 anche
720 2236 996 2282 coll'autorita
1041 2237 1080 2281 di
1126 2242 1272 2295 questa
1316 2237 1355 2281 S.
1389 2235 1786 2293 Congregazione»,

150 2325 281 2356 canon
320 2325 417 2355 vero
452 2310 667 2367 religiosos
698 2309 867 2353 subiicit
899 2308 977 2352 hoc
1011 2312 1178 2352 tenore:
1214 2307 1255 2350 in
1282 2306 1347 2350 liis
1369 2305 1652 2360 missionibus,
1677 2304 1783 2348 (cha-

151 2383 296 2427 bendis
318 2398 338 2423 ))
377 2395 426 2425 ex
462 2383 717 2438 praescripto
749 2380 777 2438 ξ
811 2380 884 2429 1³¹³,
933 2378 1221 2432 instituendis,
1277 2392 1315 2419 v.
1364 2391 1424 2434 gr.
1465 2381 1508 2420 ut
1541 2379 1579 2419 in
1614 2375 1786 2432 siugulis

153 2452 427 2497 Vicat-latibus
462 2466 533 2509 per
566 2457 732 2495 turnum
770 2453 1055 2507 paroeciarum
1092 2450 1203 2505 liant,
1243 2454 1283 2492 et
1316 2450 1374 2491 sic
1409 2449 1665 2505 frequentius
1683 2458 1783 2502 gau-

150 2525 272 2568 deant
309 2526 530 2567 viciniores
564 2524 780 2579 paroeciae
814 2521 891 2564 hoc
925 2520 1141 2569 beneficio,
1176 2532 1222 2563 ac
1262 2521 1407 2562 maiori
1432 2531 1605 2561 numero
1630 2521 1781 2574 queant

146 2595 383 2640 sacemhnes
417 2596 644 2638 couvenne
678 2593 726 2636 ad
764 2591 968 2635 iuvandos
996 2588 1530 2645 nnsmouafios·mandams
1558 2586 1784 2631 Ordnnwii

152 2666 244 2721 loci,
279 2668 312 2709 si
347 2665 584 2709 huiusmodi
621 2666 709 2707 iure
744 2668 862 2706 utens
895 2662 960 2705 illa
997 2662 1077 2717 det,
1112 2667 1229 2704 stare
1251 2659 1379 2713 debet,
1403 2659 1548 2703 eadem
1572 2670 1782 2715 exequens

148 2736 368 2795 parochuS.

266 2892 277 2912 1
305 2889 350 2923 23
377 2888 521 2934 Luglio
550 2887 652 2922 1694.
683 2885 844 2920 Collect.
872 2884 1045 2917 Bizzarri
1073 2895 1158 2928 pag.
1184 2883 1265 2916 284.
