1965 3240
456 144 538 178 TiT.
565 143 691 178 XXV.
720 163 733 169 -
760 144 816 178 De
841 144 1032 187 beneficiis
1057 145 1325 178 ecclesiasticis
1635 144 1707 178 409

80 264 145 306 6⁰:
186 278 206 303 ((
224 262 303 317 Qui
326 265 447 306 sentit
482 276 597 316 onus,
621 265 773 306 sentiro
806 261 930 306 debet
962 262 1242 316 commodum,
1268 267 1305 305 et
1340 267 1565 306 econtra».
1594 263 1705 318 Qua-

79 338 246 391 propter
277 336 336 376 sic
368 336 511 377 statuit
559 348 648 376 ean.
684 336 813 376 1439.
848 332 876 391 ξ
910 336 943 376 1.
983 332 1201 389 Beneficiis
1234 332 1485 390 quibas-libe!
1518 334 1702 377 scilicet:

77 418 155 448 non
189 403 321 448 solum
356 404 533 447 diversis
568 407 724 447 ratione
756 406 910 460 speciei
945 416 994 446 ex
1030 415 1119 446 can.
1158 403 1283 458 titt,
1308 404 1378 447 sed
1413 417 1703 461 ‹piaecumque

77 476 173 519 talia
196 477 277 518 sint
299 474 348 518 ad
375 488 562 518 normam
586 488 676 519 cau,
707 474 830 529 1409,
865 478 904 517 et
937 476 1207 531 ‹piantumvis
1240 475 1401 530 ditiora,
1431 478 1471 529 a)
1497 480 1704 532 nequeunt

81 545 306 589 Ordinem?
329 545 513 589 locorum
530 545 763 603 pensioneS,
786 547 841 588 uti
867 557 983 597 onus,
1001 549 1229 601 perpetuas
1253 544 1437 588 absoluto
1456 559 1527 588 seu
1548 544 1703 603 absque

76 620 236 674 signato
271 619 462 667 termino,
496 621 570 658 ant
614 615 911 673 temporarias,
948 614 1084 658 valide
1121 617 1331 672 imponere
1374 629 1492 673 (suae,
1528 615 1619 659 illae
1652 616 1704 659 ob

77 691 100 743 ἓ
134 688 171 741 3,
204 692 242 731 et
276 687 352 731 hae
386 686 441 730 ad
476 687 602 729 vitam
622 686 901 744 pensw'onarz'tss
928 688 984 729 uti
1011 686 1251 742 designatus
1277 688 1474 742 temporis
1499 687 1603 741 linis,
1628 686 1704 729 da-

75 765 182 812 rent,
216 758 288 802 sed
323 760 366 812 β)
398 763 572 815 possunt
620 757 769 810 valide,
804 762 840 808 al
870 756 972 819 flam
1014 755 1253 813 beneficiam
1288 757 1523 814 conferanl,
1557 770 1629 800 seu
1664 760 1702 800 in

75 832 162 887 ipso
195 828 434 873 conterendi
458 832 567 883 actu,
593 827 634 884 b)
668 841 719 869 θ]
752 827 865 870 insta
889 840 1018 869 eausa
1053 840 1124 883 per
1159 829 1268 883 ipsos
1292 827 1512 870 iudicanda
1537 831 1573 870 et
1599 826 1639 883 c)
1664 827 1705 869 in

75 901 164 959 ipso
188 899 430 944 collationis
454 904 549 942 aeta
572 912 644 942 seu
669 899 918 942 documento
941 897 1217 955 exprimenda
1243 898 1523 954 peculiariter,
1547 897 1702 941 eisdem

75 971 301 1026 beneficiis,
348 971 520 1027 proinde
568 983 643 1013 nec
692 968 1045 1013 consistorialibus
1089 982 1163 1012 neo
1213 972 1450 1024 reservatis,
1494 969 1708 1026 imponere

73 1042 117 1100 d)
149 1042 371 1100 pensiones
406 1042 702 1099 temporarias,
733 1043 792 1084 sic
840 1054 1036 1097 expresso
1080 1045 1280 1097 tempore,
1314 1055 1421 1098 qaae
1463 1040 1616 1083 darent
1649 1040 1704 1082 aa

77 1115 203 1157 vitam
236 1112 508 1169 beneficiarii,
541 1113 720 1157 scilicet:
757 1125 834 1155 non
872 1114 984 1168 prius
1019 1117 1181 1155 mortuo
1217 1114 1491 1168 pensionario,
1521 1111 1560 1168 e)
1585 1110 1703 1154 salva

76 1185 185 1236 leaie,
228 1181 398 1241 nempe:
435 1184 701 1228 beneticiario
745 1188 914 1227 onerato
959 1196 1147 1240 θοήφηιαΙ
1189 1183 1375 1226 eiusdem
1419 1184 1705 1226 sustentationi

72 1256 268 1315 portione
300 1256 407 1299 dotis
438 1257 500 1298 sui
537 1254 742 1299 beneficii.

194 1327 234 1370 ln
268 1340 356 1384 cap.
392 1327 432 1379 4,
466 1325 503 1369 X
541 1342 561 1367 α
584 1326 635 1369 de
668 1326 821 1370 clerico
854 1330 1096 1382 aegrotante
1142 1325 1205 1368 vel
1251 1324 1504 1368 debilitato»
1544 1325 1625 1381 (ΙΙΙ,
1662 1324 1707 1381 b')

75 1401 131 1443 ait
162 1398 352 1443 Clemens
384 1397 480 1442 lll...
520 1413 541 1439 ((
561 1397 617 1440 De
650 1397 866 1441 sacerdote
908 1399 978 1454 qui
1013 1397 1156 1440 divino
1191 1396 1344 1440 iudicio
1387 1398 1528 1452 leprae
1564 1396 1708 1440 morbo

75 1483 311 1527 percussus,
345 1471 384 1512 in
428 1468 653 1525 parochiali
689 1468 865 1511 ecclesia
900 1467 1166 1524 praelationis
1199 1468 1334 1510 otlicio
1369 1468 1563 1523 iungitur.
1601 1467 1706 1511 Dici-

75 1555 179 1597 mus,
204 1541 312 1599 quod
351 1553 422 1597 pro
455 1539 665 1595 scandalo,
690 1544 729 1583 et
752 1539 1061 1583 abominatione
1086 1538 1238 1595 populi,
1264 1538 1316 1585 ab
1338 1538 1709 1581 administrationis

73 1613 197 1656 debet
229 1612 365 1655 officio
400 1612 630 1654 removeri:
662 1613 715 1654 ita
749 1611 858 1668 quod
895 1613 1008 1654 iuxta
1043 1609 1259 1654 facultates
1292 1609 1508 1659 ecclesiae,
1531 1609 1609 1653 sibi
1644 1623 1709 1653 ne-

72 1685 250 1728 cessaria
284 1682 482 1740 quamdiu
522 1684 685 1738 vixerit,
720 1684 1069 1725 ministrentur».
1102 1681 1160 1724 Eo
1190 1681 1313 1740 ν(μιοᾱ
1354 1696 1373 1721 ((
1397 1694 1418 1724 a
1456 1683 1583 1724 veteri
1620 1683 1708 1724 iure

72 1768 151 1798 non
186 1758 247 1798 est
279 1753 600 1797 recedendum»
629 1752 737 1810 (cau.
766 1754 803 1803 o,
830 1752 908 1810 4⁰),
927 1755 985 1796 sic
1020 1756 1214 1809 putamus
1238 1752 1593 1809 interpretamlum
1619 1764 1708 1795 esse
1747 1743 1758 1748 ⁰

72 1828 96 1880 ἓ
128 1828 170 1870 2.
207 1824 427 1881 Beneficiis
460 1828 613 1879 aulem,
638 1824 906 1868 adversative
932 1827 1119 1880 respectu
1146 1823 1195 1866 ad
1225 1823 1282 1881 ξω
1307 1835 1442 1879 praec.
1469 1825 1506 1865 in
1532 1827 1707 1879 utraque

72 1898 201 1953 ipsius
248 1899 376 1952 parte,
420 1908 500 1938 uou
539 1894 901 1952 «quibuslibet»,
936 1894 1008 1937 sed
1050 1892 1364 1951 pcnoeeialibns
1408 1907 1490 1936 non
1531 1898 1708 1950 possunt

77 1965 328 2012 «Ordinarii
364 1966 549 2010 locorum
584 1966 634 2009 ad
672 1967 797 2008 vitam
834 1967 1084 2022 pensionarii
1105 1981 1144 2020 n,
1175 1965 1260 2007 nisi
1291 1964 1335 2007 in
1360 1963 1616 2008 commodam
1649 1966 1705 2007 uti

74 2040 313 2095 pensionem
333 2039 567 2094 percepturi
587 2035 768 2094 paroela
791 2036 854 2079 vel
877 2036 1030 2079 vicarii
1052 2035 1236 2078 eiusdem
1257 2037 1451 2092 pensione
1470 2035 1707 2078 onerandae

69 2108 295 2167 paroeciae
326 2121 398 2151 seu
433 2110 616 2151 vicariae
660 2122 685 2150 a
720 2120 890 2150 manere
932 2107 1133 2150 alterutro
1167 2106 1358 2149 abeuntis
1402 2105 1453 2149 ob
1489 2108 1705 2149 renuncia-

71 2182 240 2229 tionem,
275 2181 538 2233 amotiouom,
573 2183 650 2222 etc.
687 2181 799 2221 iuxta
833 2191 965 2233 casus,
1001 2190 1049 2221 ac
1083 2183 1180 2221 tunc
1219 2180 1472 2233 «possunt»
1510 2177 1703 2234 equidem

73 2249 149 2294 sub
181 2249 488 2294 conditionibus
509 2249 538 2307 ἓ
574 2249 608 2292 1i
644 2251 682 2292 in
716 2248 861 2292 litteris
894 2250 933 2305 a)
965 2248 1006 2306 b)
1043 2262 1133 2292 «ex
1170 2250 1282 2291 iuxta
1317 2260 1439 2291 causa
1460 2263 1481 2287 n
1509 2260 1615 2304 quae
1640 2261 1707 2304 po-

73 2325 150 2364 test
181 2333 270 2364 esse
302 2320 447 2364 eadem
480 2319 675 2375 abeundi,
710 2318 750 2376 c)
784 2319 999 2376 imponere
1028 2319 1264 2377 pensiones,
1299 2323 1479 2361 attamen
1517 2318 1605 2361 loco
1640 2317 1703 2360 lit-

73 2397 185 2435 terae
218 2390 261 2448 d)
301 2403 446 2448 «quae
480 2391 529 2434 ad
567 2393 697 2434 vitam
730 2393 980 2447 pensionarii
1020 2390 1228 2444 durent»,
1265 2394 1307 2432 ut.
1340 2393 1542 2445 congruat
1573 2401 1703 2432 canon

73 2464 150 2505 iuri
184 2461 462 2505 Decretalium
497 2463 634 2517 citato,
669 2466 708 2505 et
752 2461 887 2518 quoad
938 2461 1115 2505 litteram
1160 2466 1211 2515 e),
1248 2474 1355 2517 qaae
1389 2465 1525 2502 lamen
1565 2473 1703 2516 «pen-

71 2534 245 2576 siones»
283 2546 366 2575 non
398 2531 601 2575 eoeeedant
636 2531 806 2574 tertiam
847 2536 1012 2589 partem
1046 2531 1210 2574 reditas
1247 2529 1473 2587 paroeciae
1505 2534 1704 2586 gravatae

72 2604 282 2660 pensione,
315 2607 439 2659 atque
473 2602 595 2645 huius
628 2603 749 2646 oflicii
786 2615 909 2646 causa
945 2615 1044 2646 vere
1079 2600 1383 2659 percipiendos,
1412 2604 1451 2643 et
1486 2604 1703 2656 propterea

71 2672 284 2731 qae‘basm's
316 2672 504 2716 (lectariis
551 2677 644 2716 aute
688 2673 938 2717 divisionem
972 2673 1012 2728 a)
1043 2672 1237 2729 empensz's
1272 2683 1418 2714 revera
1452 2670 1704 2713 sustinendis

70 2749 109 2787 et
142 2744 186 2796 b)
214 2743 386 2787 incertis
409 2744 544 2801 quoad
570 2746 891 2800 perceptionem,
916 2757 987 2787 seu
1011 2757 1090 2786 non
1125 2741 1386 2786 solummodo
1410 2740 1544 2798 quoad
1571 2753 1700 2798 quan-

72 2817 245 2870 titatem,
265 2814 482 2863 reditibus,
517 2814 594 2858 sub
626 2828 802 2872 quorum
839 2828 965 2858 censu
1000 2816 1088 2858 iura
1122 2813 1251 2857 stolae
1285 2826 1363 2855 non
1401 2813 1584 2855 veniunt.

135 2945 138 2948 Δ
189 2889 214 2941 g
244 2888 287 2931 3.
316 2885 543 2929 l'ensz'ones
565 2887 688 2929 etiam
724 2890 949 2942 perpetuae
974 2885 1038 2929 vel
1074 2886 1350 2941 temporariae
1379 2894 1524 2939 «quae
1552 2882 1702 2925 durent
