1965 3240
175 123 244 158 502
363 122 448 156 Lm.
477 122 549 156 III.
578 142 590 147 -
619 122 730 157 PARS
756 123 822 157 VI.
851 144 863 148 -
889 123 946 158 De
970 124 1080 158 bonis
1107 124 1300 159 Ecclesiae
1331 125 1611 169 temporalibus

175 240 452 283 thesaurizare
486 239 739 296 parentibus,
774 240 843 284 sed
880 246 1072 298 parentes
1104 240 1212 297 tiliis,
1249 241 1422 285 multum
1446 241 1566 298 longe
1588 255 1609 286 a
1634 246 1804 299 paterna

175 313 327 367 pietate
364 311 542 367 videtur,
577 313 609 354 si
646 314 868 368 praepositi
901 311 1077 356 subditis
1109 313 1194 355 suis
1227 324 1379 368 graves
1412 315 1603 368 existant,
1637 326 1740 370 quos
1763 315 1803 356 in
1860 327 1862 330 ·

175 384 335 424 cunctis
369 381 686 425 necessitatibus
719 384 895 439 pastoris
928 382 1079 426 debent
1112 396 1228 426 more
1260 383 1464 428 fovere».

290 452 378 496 Hoc
415 468 438 494 ((
460 455 523 496 ius
558 457 677 496 vetus
712 466 761 496 ex
797 455 957 510 integro
982 455 1107 497 retert
1124 469 1145 494 »
1177 453 1285 511 (can.
1313 454 1351 508 6,
1377 453 1439 511 2⁰)
1464 456 1523 498 sic
1547 468 1637 497 ean.
1663 455 1804 498 1505.

176 549 227 553 —
249 521 349 566 Loci
374 522 868 580 Ordinarins(can.198,
909 528 936 580 g
970 525 1012 581 ⁶2)
1047 524 1088 581 a)
1117 530 1292 582 praeter
1338 524 1539 568 tribulum
1568 538 1647 583 pro
1681 525 1806 568 Semi-

171 594 309 649 nario,
342 593 392 637 de
425 608 503 652 quo
536 595 580 637 in
613 609 703 638 cans.
744 596 876 647 1355,
912 597 1030 639 1356
1065 597 1145 638 iam
1180 598 1484 651 commentatis,
1518 595 1560 653 b)
1595 601 1669 638 aut
1691 595 1804 639 bene-

171 664 349 721 ficialem
379 665 636 724 pensionem,
670 679 776 723 quae
810 672 894 709 tum
935 682 955 707 ((
980 666 1193 710 beneficiis
1225 666 1542 724 quibuslibet(<(
1563 667 1592 725 ξ
1625 666 1683 724 1),
1715 672 1802 710 tum

177 751 198 777 <c
222 735 435 780 beneficiis
459 737 799 792 paroecialibus»
830 737 875 795 (ξ
899 737 942 794 2)
966 737 1217 795 quandoque
1241 739 1456 794 imponere
1481 742 1625 794 potest,
1648 737 1698 781 de
1721 751 1802 795 qua

171 806 214 849 in
249 821 340 849 ean.
377 809 497 850 1429
532 810 835 864 praescriptum
870 808 1034 864 legitur,
1077 810 1196 851 cuius
1242 808 1567 851 declarationem
1602 813 1698 852 tunc
1732 808 1800 851 de-

169 877 319 934 dimus,
351 883 488 936 potest
522 881 609 921 iure
641 891 690 922 ac
724 879 848 932 licite,
882 885 920 935 a)
954 878 1132 936 speciali
1154 878 1206 923 ob
1229 881 1563 923 circumstantias
1585 879 1801 934 dioecesis,

168 962 246 992 non
281 952 403 992 unius
436 949 498 992 vel
532 949 702 992 alterius
739 950 951 996 ecclesiae,
990 955 1081 1002 etc.,
1131 950 1380 993 necessitate
1419 950 1673 1009 impellente,
1706 962 1801 1008 qua-

167 1024 286 1063 tenus
320 1019 422 1063 haec
471 1022 521 1063 sit
570 1023 712 1076 gravis
759 1033 865 1078 quae
913 1021 1032 1064 aliter
1078 1021 1297 1064 commode
1345 1020 1558 1064 subveniri
1610 1026 1801 1079 nequeat,

168 1090 206 1145 b)
243 1090 432 1133 omnibus
464 1093 551 1134 sine
586 1090 666 1134 ulla
704 1092 966 1135 distinctione
999 1091 1278 1148 beneficiariis
1311 1104 1392 1149 qua
1434 1092 1598 1144 talibus,
1632 1105 1703 1135 seu
1739 1104 1801 1135 ra-

166 1163 278 1204 tione
313 1160 503 1205 beneficii
538 1161 689 1209 habita,
730 1163 901 1218 proinde
924 1163 1010 1205 sire
1031 1162 1321 1206 saecularibus
1344 1163 1430 1205 sive
1450 1162 1677 1220 reliqiosis,
1706 1175 1799 1206 nam

171 1231 318 1275 horum
341 1245 508 1290 quoque
528 1231 729 1277 beneficia
748 1235 786 1276 in
806 1233 1008 1277 dioecesis
1029 1233 1246 1276 utilitatem
1265 1240 1359 1277 sunt
1379 1239 1531 1288 erecta,
1555 1233 1595 1291 c)
1615 1239 1802 1277 extraor-

172 1301 403 1353 dinariam,
439 1303 612 1358 proinde
645 1317 739 1346 cum
775 1307 1020 1348 necessitate
1053 1309 1321 1359 cessaturam,
1348 1310 1387 1347 et
1411 1304 1672 1348 moderatam
1695 1307 1732 1347 in
1757 1318 1801 1348 se

168 1385 215 1416 ac
250 1373 422 1417 relative
455 1373 504 1417 ad
542 1373 839 1418 beneficiorum
876 1375 1062 1419 redditus
1094 1375 1327 1432 superfluos
1360 1375 1632 1430 eoeaetionem,
1652 1388 1800 1432 nempe

168 1442 456 1500 obligatoriam
494 1446 719 1501 poenisque
755 1446 982 1502 urgendam
1019 1446 1233 1503 imponere
1264 1446 1404 1504 aliquo
1438 1447 1574 1490 edicto
1599 1446 1662 1489 vel
1689 1459 1802 1503 prae-

169 1519 288 1570 cepto
323 1514 520 1571 generali.

289 1586 385 1628 418.
421 1588 679 1632 Tributum
728 1589 1027 1633 ordinarium
1075 1592 1137 1630 est
1185 1600 1204 1633 a
1255 1587 1503 1645 quibusdam
1553 1588 1799 1632 solvendum

168 1655 387 1713 Episcopo,
422 1670 501 1699 non
536 1656 588 1700 ab
622 1657 829 1702 omnibus.
864 1657 905 1700 ln
943 1657 1202 1701 Deretalibus
1252 1658 1403 1715 legitur
1437 1659 1448 1680 ¹
1487 1672 1535 1702 ex
1570 1659 1692 1703 Conc.
1727 1659 1800 1702 La·

167 1732 375 1772 teranen.:
417 1743 436 1769 c<
462 1727 737 1771 Proliibemus
782 1731 964 1785 insuper,
1012 1742 1063 1771 ne
1096 1728 1147 1772 ab
1183 1728 1415 1778 abbatibus,
1465 1732 1683 1786 episcopis,
1735 1729 1798 1774 vel

166 1798 257 1842 aliis
291 1798 499 1855 praelatis,
536 1801 631 1842 novi
668 1812 818 1842 census
850 1801 1114 1855 imponantur
1157 1802 1358 1853 ecclesiis,
1408 1813 1483 1844 nec
1535 1805 1696 1844 veteres
1732 1814 1800 1844 au-

167 1873 358 1926 geantur,
402 1883 477 1914 nec
521 1875 679 1927 partem
727 1869 965 1913 reddituum
1008 1873 1093 1913 suis
1138 1869 1279 1914 usibus
1327 1874 1598 1928 appropriare
1631 1885 1797 1928 praesu-

170 1944 306 1982 mant:
341 1940 411 1983 sed
448 1940 697 1995 libertatem,
741 1953 864 1997 quam
909 1940 985 1984 sibi
1032 1943 1209 1984 maiores
1253 1954 1505 1985 conservare
1550 1942 1799 1998 desiderant,

169 2010 398 2054 minoribus
430 2014 515 2055 suis
549 2011 654 2055 bona
692 2011 902 2055 voluntate
934 2017 1196 2056 conservent.
1215 2012 1254 2056 Si
1279 2015 1349 2071 qui
1377 2026 1477 2056 vero
1500 2013 1619 2057 aliter
1641 2014 1797 2069 fecerit,

168 2083 345 2136 irritum,
379 2082 489 2140 quod
524 2085 670 2139 egerit,
705 2082 967 2126 habeatur».
1018 2083 1067 2126 Et
1100 2086 1138 2126 in
1172 2096 1263 2140 cap.
1299 2084 1350 2127 ⁶23
1396 2099 1417 2125 c(
1440 2084 1490 2127 de
1531 2086 1619 2127 iure
1663 2089 1798 2141 patro·

168 2157 288 2195 natus
313 2168 331 2193 w)
370 2153 454 2210 (lll,
492 2153 565 2210 38)
601 2152 635 2195 X
669 2153 817 2196 Lucius
852 2153 900 2196 tlt
933 2156 1011 2196 ait:
1061 2154 1313 2198 «Praesenti
1355 2155 1524 2198 decreto
1566 2157 1796 2209 statuimus,

169 2236 282 2267 eos...
315 2226 405 2267 sive
430 2226 633 2280 patroni...
659 2229 918 2279 censeantur,
943 2237 963 2267 a
989 2225 1305 2281 gravaminibus
1329 2225 1598 2269 ecclesiarum
1624 2238 1799 2276 cessare,

168 2293 353 2351 nihilque
387 2297 426 2337 in
461 2297 559 2350 ipsis
595 2299 757 2350 praeter
791 2297 982 2351 antiquos
1015 2301 1053 2339 et
1090 2297 1327 2339 moderatos
1360 2297 1546 2340 redditus
1568 2310 1588 2340 a
1614 2296 1798 2340 locorum

168 2366 373 2420 episcopis
408 2367 613 2408 institutos
646 2367 831 2421 exigere,
864 2370 933 2408 aut
966 2368 998 2409 si
1037 2366 1146 2409 aliud
1190 2369 1420 2423 exegerint,
1464 2369 1799 2410 excommunica-

168 2436 266 2476 tioni
301 2434 545 2480 subdantur.
581 2434 826 2480 Contractus
859 2449 1025 2493 quoque
1058 2436 1310 2489 huiusmodi,
1355 2450 1459 2494 quos
1498 2438 1696 2486 fecerunt,
1733 2437 1797 2480 vel
1867 2436 1870 2441 ’

169 2506 316 2548 facient
351 2507 390 2548 in
426 2507 625 2558 futurum,
662 2508 744 2548 vim
780 2506 958 2564 aliquam
994 2507 1258 2550 decernimus
1292 2521 1369 2550 non
1407 2507 1558 2551 habere
1580 2523 1620 2549 2).

285 2574 349 2619 Ab
373 2575 449 2635 hoc
471 2591 492 2616 <c
514 2579 643 2619 veteri
670 2579 758 2620 iure
787 2589 866 2619 nou
891 2590 980 2620 esse
1004 2577 1283 2621 recedendum
1303 2593 1322 2619 ))
1346 2577 1455 2633 (can.
1485 2579 1522 2633 6,
1543 2577 1605 2635 4⁰)
1624 2580 1799 2622 scientes

167 2648 220 2688 ita
266 2648 589 2702 interpretamur
621 2661 711 2689 ean.
748 2648 879 2690 1506.
915 2647 1056 2702 Aliud,
1091 2653 1255 2704 praeter
1297 2648 1404 2692 dicta
1451 2651 1490 2691 in
1533 2660 1622 2691 can.
1671 2649 1796 2703 1504,

174 2715 299 2771 1505,
327 2716 527 2759 tributum
565 2717 626 2760 vel
657 2716 943 2773 obligatoriam
970 2720 1096 2774 partis
1130 2719 1367 2761 reddituum
1392 2718 1637 2762 solutionem
1664 2721 1795 2775 perio-

296 2868 307 2888 ¹
336 2867 426 2912 Cap.
448 2869 482 2910 7,
511 2884 524 2898 ‹
540 2868 585 2902 de
606 2868 790 2902 censibus
811 2867 1085 2902 exactionibus
1103 2873 1143 2902 et
1161 2868 1504 2912 procurationibus
1518 2884 1532 2898 ι
1558 2868 1644 2912 (ΙΙΙ,
1663 2868 1723 2911 39)
1744 2867 1792 2901 X.
