1965 3240
676 140 761 174 T1T.
791 139 861 174 IX.
888 159 899 164 —
927 140 983 174 De
1017 140 1182 174 ecclesiis
1700 136 1745 171 33

117 263 273 317 habuit,
309 265 370 305 ius
402 261 451 305 ad
489 260 700 318 praedicta
732 258 968 315 (videlicetz
1004 259 1054 302 ad
1090 258 1367 315 indulgentias
1401 264 1568 315 propter
1591 258 1747 302 confra-

118 337 350 379 ternitatem
386 333 425 376 S.
460 331 607 388 Ioseph
644 330 797 374 ibidem
833 335 950 373 antea
987 332 1062 373 rite
1101 330 1301 386 erectam)
1344 332 1505 387 penitus
1547 332 1744 373 amissum

119 404 301 449 sueril?..
335 404 373 448 S.
408 402 557 459 Congr.
593 401 926 458 respondendum
963 403 1145 444 censuit:
1180 400 1435 457 Negatire».

235 475 304 519 ⁶24.
342 477 416 521 De
436 476 726 531 peragenda
748 474 1161 518 reconciliatione.
1187 472 1247 515 Aa
1276 486 1459 515 normam
1488 476 1587 516 iuris
1611 485 1746 529 praec.

117 546 411 596 Decretalium,
445 548 587 588 statuit
643 543 742 587 Γαη.
778 546 892 586 1174
925 544 942 599 ξ
983 544 1014 586 1.
1050 542 1240 586 Ecclesia
1277 543 1432 586 violata
1482 543 1663 601 quolibet
1698 557 1746 587 ex

115 617 276 662 actibus
309 617 358 659 ad
396 629 583 659 normam
620 628 711 659 can.
749 615 879 669 1172,
908 616 936 672 ξ
989 617 1022 669 1,
1072 614 1385 668 ivronet'lielm’,
1434 615 1557 659 idest:
1606 616 1748 658 (lirino

114 687 243 732 cultui
280 690 367 731 iure
401 692 495 744 apta
531 686 742 740 reddatur,
777 700 901 743 quam
935 685 1137 728 citissime
1167 686 1338 743 polerit,
1384 700 1553 743 nempe:
1604 702 1621 727 ((
1643 699 1748 744 aqua

116 761 302 816 protinus
336 760 571 801 exorcizata
605 757 806 801 lavetur»
844 756 934 809 (loc.
970 759 1037 800 cit.
1073 756 1230 813 supra),
1265 757 1488 799 ,secundnm
1523 758 1634 800 ritus
1672 760 1748 800 sci-

115 829 231 873 licet:
266 832 394 873 series
428 842 598 885 precum
632 832 671 872 et
704 830 1063 872 caeremoniarum
1099 828 1147 871 ad
1184 828 1261 871 hoe
1296 828 1336 870 in
1370 828 1560 886 probatis
1585 829 1750 885 lilarssi-

112 900 173 943 cis
206 899 327 943 libris
361 900 462 943 alias
497 899 722 943 declaratis
754 898 1000 957 descriptos,
1035 899 1216 944 scilicet:
1268 902 1304 942 in
1358 900 1469 943 l'ont.
1516 900 1630 943 Rom
1677 913 1749 957 pro

114 971 300 1015 Ecclesia
324 976 591 1014 consecrata.
626 984 722 1014 nam
758 973 795 1013 in
831 970 909 1014 Rit.
935 970 1051 1014 Rom.
1077 970 1179 1014 ubi1
1205 971 1384 1014 traditur
1423 971 1577 1015 «Ritus
1613 984 1751 1015 recon-

113 1042 280 1086 ciliandi
318 1042 547 1086 Ecclesiam
585 1042 796 1097 violatam,
830 1044 861 1085 si
898 1042 1080 1085 nondum
1130 1047 1218 1085 erat
1267 1042 1318 1086 ab
1366 1042 1569 1099 Episcopo
1613 1057 1749 1086 conse-

112 1118 268 1157 crata»
307 1113 384 1157 sub
418 1126 456 1156 n.
493 1114 517 1157 8
552 1113 725 1169 legitur:
765 1113 993 1169 «Simplex
1028 1114 1224 1157 sacerdos
1258 1119 1414 1157 tantum
1441 1129 1489 1157 ex
1532 1114 1750 1171 privilegio

117 1185 235 1229 Sedis
268 1184 532 1241 Apostolicae
568 1184 656 1241 (sed
691 1184 767 1228 hoc
804 1187 1104 1242 praescriptum
1141 1191 1201 1228 est
1234 1199 1342 1229 nnnc
1377 1185 1642 1243 derogatum)
1684 1200 1750 1243 po-

114 1261 194 1300 test
229 1255 458 1299 Ecclesiam
503 1255 554 1299 ab
600 1255 804 1313 Episcopo
847 1261 1132 1299 consecratam
1180 1257 1507 1302 reconciliare»,
1547 1257 1751 1300 notandae

113 1332 251 1371 antem
273 1327 380 1370 duae
395 1327 666 1370 conditiones:
693 1328 1421 1372 «011111101113111111111111Ρο1111110311
1445 1331 1697 1385 praescripto
1712 1345 1749 1381 »ς

114 1399 224 1456 quod
261 1401 384 1442 etiam
422 1412 530 1443 nunc
563 1399 816 1443 servandum
852 1404 924 1453 est,
966 1415 984 1440 «
1006 1413 1098 1443 cum
1135 1413 1241 1457 aqua
1266 1399 1317 1444 ab
1340 1400 1543 1457 Episcopo
1567 1400 1616 1443 ad
1644 1399 1751 1443 hunc

117 1470 240 1513 linem
279 1473 353 1513 rite
389 1469 667 1524 benedicta»,
699 1470 882 1514 clausula
918 1476 1102 1514 correcta
1139 1485 1214 1527 per
1247 1485 1337 1515 can.
1376 1472 1500 1515 1177.

238 1541 541 1598 Praescriptum
576 1541 829 1598 explicatum
865 1541 1021 1598 obligat
1053 1542 1185 1585 solum
1222 1545 1260 1585 in
1309 1542 1473 1586 casibus
1519 1543 1751 1587 violationis

117 1617 272 1663 certae,
306 1626 399 1656 cum
437 1613 545 1656 dicat
579 1612 607 1671 ἓ
643 1613 678 1655 2.
716 1613 760 1656 Si
793 1612 1010 1655 dubitetur
1045 1627 1143 1657 vero
1177 1613 1304 1657 dubio
1337 1616 1515 1671 positivo
1550 1616 1649 1657 iuris
1682 1619 1751 1657 aut

119 1684 228 1735 facti,
253 1698 348 1726 num
383 1683 576 1727 Ecclesia
611 1684 666 1726 sil
702 1683 873 1735 violata,
923 1684 1196 1728 reconciliari
1238 1691 1378 1744 polest
1426 1685 1481 1729 ad
1528 1686 1750 1737 cautelam,

118 1755 227 1798 unde
263 1768 341 1797 non
377 1760 435 1798 est
472 1761 758 1812 praeceptum.
805 1756 843 1799 Si
878 1760 1016 1799 autem
1052 1758 1335 1800 reconciliatio
1370 1758 1452 1804 1131,
1502 1760 1574 1800 etsi
1610 1763 1750 1814 postea

114 1828 387 1883 superveniat
421 1827 628 1870 certitudo
661 1827 712 1870 de
739 1826 975 1875 violatione,
1011 1841 1089 1871 non
1116 1828 1279 1885 urgebit
1307 1828 1486 1885 amplius
1509 1842 1597 1872 can.
1629 1829 1750 1871 1173.

234 1897 388 1942 Ultimo
420 1898 471 1941 de
506 1897 744 1942 huiusmodi
780 1899 1128 1943 reconciliationis
1162 1901 1337 1944 iuridica
1387 1903 1630 1944 necessitate
1667 1903 1751 1957 agit

115 1970 155 2013 S.
192 1968 270 2013 Rit.
306 1970 348 2014 C.
385 1971 423 2012 in
459 1966 687 2026 Oppiclen²
726 1969 826 2013 «Ad
864 1970 902 2012 Q.
939 1970 1001 2013 An
1036 1984 1110 2028 per
1156 1971 1477 2015 celebrationem
1528 1971 1673 2015 Missae
1712 1975 1749 2015 in

115 2039 292 2083 ecclesia
328 2040 495 2095 polluta,
520 2041 684 2084 dicatur
709 2042 1006 2086 reconciliata?
1039 2042 1077 2086 S.
1101 2041 1251 2100 Congr.
1278 2043 1509 2100 respondit:
1536 2043 1751 2100 Negative,

115 2116 154 2154 et
179 2111 271 2155 ideo
295 2111 448 2155 debere
471 2112 731 2156 reconciliari
759 2115 870 2156 iuxta
895 2114 1068 2157 sormam
1097 2117 1393 2171 praescriptam
1420 2117 1456 2157 in
1481 2115 1705 2159 Ponttticalt
1725 2131 1745 2156 ))

115 2187 241 2240 atque
265 2182 530 2226 addendum:
566 2183 631 2227 vel
657 2186 695 2227 in
730 2183 897 2233 Ritnali,
921 2187 954 2229 si
977 2186 1109 2229 solum
1137 2186 1353 2230 benedicta
1377 2188 1511 2229 suerit.
1536 2186 1582 2229 Et
1607 2185 1749 2229 Glossa

120 2255 324 2296 rationem
359 2256 660 2310 congruentiae
693 2257 796 2298 ritus
830 2257 1178 2300 reconciliationis
1211 2258 1328 2301 affert
1355 2260 1391 2300 in
1417 2271 1506 2314 cap.
1542 2271 1608 2300 nn.
1630 2257 1750 2301 liuius

116 2323 179 2366 Tit
214 2326 252 2367 in
288 2325 331 2366 60
367 2324 429 2368 lJis
466 2324 624 2370 verbis:
686 2326 874 2370 «Dicunt
909 2330 1017 2371 enim
1053 2327 1262 2385 Theologi,
1298 2329 1407 2386 qnod
1444 2329 1535 2371 ideo
1571 2331 1750 2371 reconci-

118 2394 242 2438 liatur
275 2395 467 2439 ecclesia.
502 2401 545 2440 nt
581 2397 770 2441 videntes
803 2398 895 2441 laici
930 2399 1148 2443 ecclesiam
1174 2403 1231 2443 sic
1258 2400 1402 2455 lavari,
1427 2413 1532 2457 sinae
1557 2414 1634 2443 non
1661 2414 1750 2457 pec-

116 2468 243 2521 cavit‚
278 2469 463 2523 cogitent
497 2470 603 2511 intra
636 2482 691 2524 se,
741 2474 941 2527 quantum
978 2485 1050 2527 pro
1086 2471 1292 2514 laxatione
1337 2476 1600 2528 peccatorum
1639 2471 1746 2514 labo-

119 2535 293 2579 randum
334 2539 385 2579 sit
404 2553 443 2582 >).
1176 2539 1183 2546 ‘

241 2607 309 2650 25·
345 2609 700 2658 Reconciliatio
725 2614 966 2659 ecclesiae
989 2615 1206 2660 violatae
1229 2618 1293 2660 ob
1327 2619 1651 2672 quorumdam
1676 2631 1747 2663 se-

120 2679 385 2734 pulturam.
417 2677 558 2723 Glossa
594 2683 715 2725 citata
749 2682 798 2725 ad
833 2684 1123 2737 can.1179‚§
1153 2685 1163 2726 1
1198 2685 1241 2727 40
1264 2688 1321 2728 sic
1346 2689 1631 2744 prosequitur:
1673 2692 1748 2730 «et

120 2746 190 2790 illa
223 2761 396 2805 corpora
433 2749 941 2810 (excommunicatorum),
973 2757 1005 2797 si
1041 2755 1218 2798 discerni
1256 2761 1459 2811 poterunt,
1493 2763 1583 2800 sunt
1625 2757 1751 2801 exliu-

240 2901 251 2922 1
279 2901 354 2936 T1t.
383 2902 491 2937 VIII.
520 2915 602 2949 cap.
631 2905 688 2939 28.
719 2926 761 2930 —
788 2906 801 2928 ‘2
830 2908 873 2941 19
900 2908 1003 2952 Aug.
1034 2908 1137 2951 1634,
1167 2920 1200 2941 n.
1228 2909 1309 2942 611.

286 2979 383 3008 BLAT
406 2997 424 3002 -
452 2980 575 3010 Comm.
602 2984 687 3012 Tere.
713 2984 788 3013 Gocl.
813 2985 886 3014 Iar.
912 2985 994 3014 Can.
1606 2988 1623 3015 3
