1965 3240
134 116 205 150 324
395 115 479 148 Liss.
505 114 577 148 ΙΙΙ.
607 134 619 139 -
646 114 757 148 PARS
781 114 848 147 IV.
878 133 891 138 —
916 113 974 148 De
999 115 1223 158 iizciyistei‘io
1249 114 1500 147 ecclesiastico

137 237 319 279 tersitati
357 235 420 278 vel
456 234 643 278 lnstituto
677 236 773 277 item
799 233 1002 277 catholico
1026 245 1174 275 nomen
1209 232 1410 287 dederint,
1435 232 1686 289 disciplinas,
1710 232 1761 276 (16

136 306 286 364 quibus
320 307 556 362 magisteria
590 307 627 347 111
663 304 726 347 1113
759 305 925 353 suerint,
960 306 998 346 in
1033 303 1147 347 civili
1180 302 1458 347 Universitate
1482 316 1532 346 116
1564 303 1761 347 ediscant.

135 377 273 421 Sicubi
309 377 346 420 id
383 378 644 433 permissum,
681 377 719 418 in
755 379 963 432 posterum
999 378 1042 417 ut
1076 387 1126 417 ne
1160 374 1230 416 fiat
1262 373 1526 418 edicimus».

254 448 350 491 266.
387 449 636 493 Ecclesiae
659 449 767 492 iura
784 438 838 491 *in
862 447 1076 491 scholas.
1096 445 1189 488 Pius
1212 443 1264 487 IX
1296 446 1334 487 in
1358 444 1525 501 Syllabo
1548 444 1763 488 damnavit

140 536 158 561 «
187 520 302 576 Prop.
336 517 492 561 XLVII.
531 517 709 560 Postulat
738 519 892 572 optima
916 515 1052 559 civilis
1085 517 1293 559 societatis
1327 517 1443 568 ratio,
1467 520 1511 558 31
1545 514 1762 572 populares

134 590 312 645 scholae,
346 601 452 647 quae
486 593 624 646 patent
656 587 847 631 omnibus
881 589 1082 644 cuiusque
1116 599 1138 629 e
1173 585 1322 642 populo
1354 585 1496 629 classis
1529 587 1680 642 pueris,
1714 598 1761 629 ac

136 661 300 718 publica
334 662 561 704 universim
597 659 798 713 Instituta,
823 670 928 715 quae
962 657 1109 700 litteris
1141 655 1507 714 severioribusqne
1534 655 1762 713 disciplinis

134 732 346 776 tradendis
379 736 417 774 et
450 731 684 774 educationi
720 730 948 772 iuventutis
972 728 1182 771 curandae
1215 731 1310 770 sunt
1342 727 1557 782 destinata,
1582 728 1763 770 eximan-

137 809 201 847 tur
233 802 284 846 ab
317 804 426 845 omni
461 800 670 844 Ecclesiae
694 801 953 852 auctoritate,
979 799 1254 842 moderatrice
1281 800 1317 840 vi
1344 802 1383 841 et
1415 799 1658 854 ingerentia,
1684 796 1762 852 ple-

134 887 269 931 noque
302 872 438 916 civilis
461 884 507 915 ac
542 871 732 928 politicae
766 871 1022 913 auctoritatis
1054 868 1225 912 arbitrio
1257 868 1530 912 subiiciantur
1562 868 1612 912 ad
1639 870 1762 924 impe-

136 947 313 988 rantium
360 943 508 999 placita
541 947 578 985 et
622 942 671 985 ad
707 942 991 984 communium
1027 942 1172 983 aetatis
1216 942 1457 996 opinionum
1501 941 1760 982 amussim».

136 1017 322 1059 Pravitas
355 1014 477 1057 liuius
511 1012 702 1070 postulati
737 1011 971 1055 confitenda
1005 1015 1065 1054 est
1087 1024 1108 1054 a
1134 1023 1411 1068 quocumque,
1437 1012 1506 1067 qui
1531 1008 1763 1053 censiderat

134 1088 257 1130 tinem
302 1084 661 1142 supernaturalem
704 1083 929 1136 Ecclesiae,
963 1084 1029 1125 cui
1064 1094 1250 1125 connexa
1284 1085 1344 1124 est
1387 1083 1529 1124 intime
1574 1080 1763 1136 religiosa

134 1158 346 1201 hominum
384 1157 583 1198 institutio
607 1167 655 1198 36
678 1153 884 1197 educatio.
913 1152 1098 1196 Ecclesia
1126 1166 1223 1195 vero
1246 1166 1366 1195 333111
1402 1151 1678 1195 indefectibile
1702 1153 1764 1194 ius

137 1228 377 1279 vindicavit,
404 1228 550 1269 minori
585 1237 666 1282 qua
698 1225 788 1268 lieri
823 1226 950 1280 possit
983 1223 1118 1267 civilis
1153 1225 1365 1279 potestatis
1398 1222 1568 1277 invidia,
1597 1222 1765 1266 edicens

135 1302 174 1342 in
208 1313 297 1341 cuii.
334 1299 460 1341 1381.
495 1299 519 1351 ἓ
553 1299 588 1340 1.
627 1295 839 1352 Reliqiosa
890 1293 1119 1337 iuventutis
1167 1293 1356 1350 ampliori
1404 1306 1526 1336 361133
1570 1296 1764 1349 acceptae

133 1368 346 1412 institutio
380 1367 515 1425 quoad
552 1371 730 1410 mentem
765 1378 813 1409 ac
847 1367 1009 1421 praxim
1043 1364 1087 1407 iu
1120 1363 1276 1407 sobolis
1308 1362 1573 1421 quibuslibet,
1595 1376 1761 1419 nempe:

132 1443 221 1484 sive
256 1439 445 1496 publicis,
479 1441 569 1481 sive
613 1439 799 1494 privatis,
833 1441 903 1479 aut
948 1435 1212 1479 inferioribus
1245 1440 1316 1478 331
1360 1435 1507 1478 mediis
1549 1447 1596 1477 ac
1639 1436 1762 1477 etiam

133 1510 429 1568 superioribus,
466 1508 731 1561 (iicetoritati,
763 1512 967 1565 quatenus
1000 1509 1038 1549 in
1073 1509 1131 1549 eis
1164 1505 1356 1549 catholici
1391 1507 1670 1560 instituantur,
1706 1518 1765 1548 re-

134 1587 278 1639 ceptae
301 1593 323 1624 a
347 1580 508 1625 Christo
532 1582 593 1623 sui
613 1579 842 1632 conditore,
865 1583 904 1620 et
927 1582 1230 1634 consequenter
1262 1575 1515 1633 inspectioni
1536 1574 1764 1629 Ecclesiae,

134 1658 175 1696 nt
211 1652 322 1695 illam
356 1651 450 1694 data
484 1651 790 1706 opportunitate
825 1661 1023 1692 exercere
1056 1652 1193 1705 queat,
1228 1646 1452 1689 subiicitur
1483 1648 1572 1689 iure
1596 1646 1763 1703 quidem

135 1724 291 1777 divino,
326 1724 392 1765 cui
428 1733 574 1778 parere
607 1719 758 1763 debent
792 1718 939 1762 civiles
971 1731 1137 1775 quoque
1170 1719 1448 1761 auctoritates.

254 1792 299 1835 Vi
334 1794 514 1835 nominis
547 1791 754 1846 Episcopi,
787 1790 896 1847 quod
932 1789 1119 1832 eiusdem
1153 1790 1350 1845 exprimit
1381 1787 1578 1841 officium,
1601 1788 1767 1829 631611-

135 1866 236 1909 dens
284 1865 456 1907 assertio
504 1865 529 1916 ἓ
560 1864 603 1905 2.
643 1860 891 1905 Ordiuariis
940 1859 1124 1903 locorum
1171 1862 1277 1912 (can.
1312 1859 1410 1913 198,
1452 1860 1477 1912 ἓ
1511 1858 1555 1914 ⁶2)
1600 1862 1767 1914 propter

134 1948 292 1987 curam,
316 1947 422 1992 quae
447 1936 494 1977 iis
519 1935 707 1976 imminet
731 1934 981 1985 animarum,
1006 1930 1072 1973 ius
1107 1942 1203 1986 prae
1227 1929 1317 1973 aliis
1340 1934 1379 1972 et
1401 1929 1604 1972 adversus
1626 1941 1767 1985 quem-

134 2019 313 2063 cumque
347 2004 694 2048 contradictorem
729 2007 768 2045 et
800 2001 980 2059 officium
1012 2006 1073 2043 est
1101 2014 1151 2043 ex
1185 2000 1328 2043 divina
1363 2001 1545 2042 muneris
1579 1998 1683 2054 lege,
1707 1998 1764 2040 vi-

132 2074 302 2133 911311άὶ
335 2088 429 2118 611111
464 2074 613 2117 ellectu
648 2075 906 2115 interventus
941 2070 1146 2128 possibilis
1179 2069 1540 2128 qualitercumque
1573 2068 1623 2111 ad
1663 2067 1765 2111 obti-

135 2146 320 2189 nendum
353 2159 404 2187 ize
437 2144 481 2186 iu
514 2142 727 2202 quibusvis
760 2142 937 2199 publicis
970 2146 1040 2185 aut
1087 2142 1275 2197 privatis,
1310 2138 1586 2195 inferioribus,
1622 2138 1768 2182 mediis

134 2221 204 2260 aut
236 2214 522 2272 superioribus
554 2214 622 2257 sui
655 2218 824 2270 propter
858 2212 1154 2256 iurisdictionis
1177 2210 1378 2254 ambitum
1415 2208 1626 2253 territorii
1648 2207 1765 2266 quid-

136 2301 273 2345 quam,
307 2288 403 2344 quia
437 2285 489 2329 de
521 2298 684 2328 summo
718 2284 959 2327 discrimine
991 2284 1141 2339 agitur,
1175 2287 1323 2325 eontra
1355 2279 1476 2337 fidem
1514 2282 1645 2323 ((3136
1687 2291 1767 2336 qua

136 2356 390 2414 impossibile
423 2360 485 2399 631
532 2355 696 2412 placere
729 2354 813 2397 Deo
837 2370 858 2395 J>
894 2353 957 2396 vel
1005 2353 1129 2396 boues
1177 2365 1327 2403 mores,
1361 2364 1463 2408 quos
1495 2354 1768 2406 corrumpunt

135 2430 260 2472 etiam
294 2427 499 2484 colloquia
535 2438 677 2483 prava,
715 2424 916 2468 tradatur
965 2437 1037 2480 per
1071 2425 1302 2480 magistros,
1336 2427 1410 2465 aut
1442 2421 1518 2478 siat
1550 2423 1673 2464 etiam
1717 2419 1769 2464 ab

134 2498 409 2551 studentibus,
443 2499 533 2541 sive
566 2498 838 2551 consentiant,
873 2497 962 2538 sive
1008 2497 1210 2551 ignorent,
1245 2495 1335 2537 sive
1378 2494 1455 2549 ipsi
1488 2493 1639 2535 faciant
1683 2503 1767 2534 ma·

137 2572 267 2626 gistri.

256 2639 297 2682 ln
332 2637 500 2695 Syllabo
525 2637 580 2680 Pii
617 2636 671 2680 lx
704 2650 734 2679 s.
760 2649 813 2679 m.
838 2637 1050 2678 invenitur
1073 2635 1267 2678 damnata
1297 2649 1317 2675 «
1337 2634 1455 2690 Prop.
1480 2631 1597 2676 XLV.
1622 2631 1768 2675 Totum

138 2709 373 2754 scholarum
410 2708 669 2764 publicarum
705 2709 904 2763 regimen,
940 2708 977 2748 in
1012 2705 1162 2763 quibus
1195 2707 1388 2748 iuventus
1420 2703 1668 2747 christianae
1701 2702 1768 2745 ali·

139 2782 259 2823 cuius
293 2778 548 2836 reipublicae
595 2779 880 2828 instituitu1·‚...
915 2781 1047 2832 potest
1079 2787 1125 2818 ac
1158 2774 1281 2818 debet
1323 2773 1491 2818 attribui
1535 2774 1767 2816 auctoritati

139 2850 269 2905 civili,
303 2854 342 2893 et
377 2852 430 2892 ita
465 2848 632 2906 quidem
667 2846 851 2898 attribui,
885 2851 928 2890 31
960 2845 1118 2889 1131111111
1145 2844 1219 2888 -3111
1254 2847 1504 2901 cuicumque
1535 2844 1768 2886 auctoritati
