1965 3240
624 447 813 496 PARS
846 447 1155 505 QUARTA

379 591 479 651 De
526 593 901 666 magisterio
953 591 1397 652 ecclesiastico

122 879 206 916 Cis.
243 880 341 915 1322.
371 884 437 922 -ξ
472 880 501 915 l.
539 879 698 916 Christus
737 880 851 916 Domi-

75 940 141 963 uus
168 928 245 963 fidei
273 927 470 973 depositum
507 927 678 963 Ecclesiae
711 939 852 964 concre-

72 976 172 1016 didit,
202 980 238 1010 ut
270 975 358 1021 ipsa,
396 973 528 1020 Spiritu
562 975 689 1010 Sancto
728 975 854 1020 iugiter

72 1023 268 1063 assistente,
298 1022 494 1057 doctrinam
521 1023 708 1058 revelatam
733 1028 853 1058 sancte

72 1071 257 1113 custodiret
287 1074 319 1105 et
347 1069 493 1104 fideliter
518 1074 716 1116 exponeret.

119 1122 138 1159 ξ
165 1117 197 1151 2.
228 1116 411 1157 Ecclesiae,
433 1117 712 1163 independenter
729 1129 750 1153 a
768 1129 851 1163 qua-

73 1165 156 1200 libet
181 1164 275 1200 eivili
304 1169 482 1210 potestate,
509 1164 562 1199 ius
581 1169 682 1200 estet
700 1165 850 1200 officium

71 1216 192 1256 gentes
231 1222 352 1247 omnes
389 1212 627 1256 evangelicam
654 1212 851 1248 doctrinam

71 1259 242 1294 docendi:
291 1259 380 1294 hanc
416 1270 510 1294 verov
529 1260 594 1295 rite
619 1259 771 1295 ediscere
797 1271 852 1295 ve-

71 1318 216 1352 ramque
242 1305 301 1341 Dei
330 1305 518 1341 Ecclesiam
548 1307 711 1353 amplecti
729 1318 852 1343 omnes

72 1354 192 1389 divina
219 1353 292 1398 lege
318 1357 496 1389 tenentur.
807 1360 812 1364 “

119 1400 203 1436 CAN.
238 1399 338 1435 1323.
370 1422 386 1426 -
416 1405 434 1443 ξ
458 1401 487 1435 l.
510 1400 590 1436 Fide
608 1401 728 1437 divina
746 1406 778 1436 et
796 1412 850 1436 ca—

71 1449 199 1483 tholica
225 1459 262 1483 ea
289 1448 408 1483 omnia
442 1449 615 1484 credenda
649 1454 732 1483 sunt
763 1460 851 1494 quae

73 1496 175 1531 verbo
204 1494 261 1530 Dei
290 1495 417 1541 scripto
445 1496 495 1531 vel
524 1496 650 1531 tradito
669 1496 850 1531 continen-

30 1564 34 1569 ι
71 1548 127 1578 tur
152 1548 185 1578 et
210 1542 253 1578 ab
281 1542 432 1578 Ecclesia
467 1543 539 1578 sive
573 1543 733 1579 sollemni
763 1543 850 1578 iudi-

70 1590 122 1625 cio
153 1591 224 1625 sive
256 1590 432 1625 ordinario
458 1595 491 1625 et
519 1591 705 1626 universali
745 1591 850 1636 magi-

70 1638 174 1673 sterio
201 1642 380 1683 tamquam
406 1638 577 1673 divinitus
603 1638 754 1673 revelata
779 1649 850 1674 cre-

70 1685 180 1720 denda
212 1689 468 1730 proponuntur.

118 1737 135 1772 ,S
163 1732 194 1766 2.
226 1731 401 1767 Sollemne
442 1732 638 1767 huiusmodi
681 1732 849 1767 iudicium

71 1779 298 1825 pronuntiare
340 1779 517 1825 proprium
550 1784 600 1814 est
634 1784 709 1814 tum
743 1778 852 1815 Oecu-

70 1826 195 1862 menici
216 1824 363 1861 Concilii
391 1831 463 1861 tum
494 1826 638 1862 Romani
672 1826 849 1862 Pontificis

69 1885 109 1909 ex
137 1874 301 1909 cathedra
328 1874 514 1920 loquentis.

117 1925 135 1962 ἓ
162 1920 194 1956 3.
224 1921 402 1956 Declarata
435 1932 497 1956 seu
532 1921 677 1956 definita
707 1922 848 1966 dogma-

70 1968 135 2003 tice
162 1979 215 2003 res
242 1968 340 2003 nulla
367 1968 588 2013 intelligitur,
621 1969 686 2002 nisi
716 1969 749 2004 id
778 1979 849 2003 ma-

69 2015 195 2050 nifeste
220 2016 427 2051 constiterit.

117 2061 200 2098 CAN.
234 2061 335 2097 1324.
367 2084 383 2088 -
412 2062 503 2098 Satis
536 2074 605 2097 non
625 2069 676 2098 est
702 2062 848 2098 haereti—

68 2120 143 2144 cam
185 2110 389 2155 pravitatem
429 2110 590 2150 devitare,
631 2111 690 2145 sed
716 2115 849 2156 oportet

70 2156 145 2192 illos
171 2168 308 2202 quoque
341 2168 474 2192 errores
505 2157 690 2202 diligenter
717 2157 846 2203 sugere,

69 2204 126 2249 qui
154 2205 196 2239 ad
224 2204 319 2239 illam
349 2205 425 2250 plus
462 2205 621 2239 minusve
649 2205 846 2247 acced-unt;

69 2262 175 2296 quare
202 2262 325 2287 omnes
351 2252 478 2287 debent
504 2252 608 2287 etiam
636 2252 851 2287 constitutio-

926 892 987 916 nes
1013 886 1045 916 et
1071 882 1208 917 decreta
1246 893 1383 918 servare
1416 883 1543 928 quibus
1580 894 1707 928 pravae

926 929 1124 964 huiusmodi
1143 929 1326 975 opiniones
1340 941 1361 964 a
1374 932 1503 965 §ancta
1525 928 1612 965 Sede
1628 942 1702 976 pro—

926 976 1076 1021 scriptae
1102 981 1135 1011 et
1162 976 1356 1021 prohibitae
1383 981 1476 1011 sunt.

974 1023 1055 1058 CAN,
1090 1023 1189 1058 1325.
1221 1043 1236 1050 -
1265 1024 1329 1065 ξΙ.
1359 1023 1490 1059 Fideles
1517 1022 1644 1059 Christi
1666 1024 1703 1058 fi-

925 1070 1003 1105 dem
1039 1075 1157 1116 aperte
1193 1071 1343 1117 profiteri
1372 1076 1536 1106 tenentur
1570 1071 1704 1116 quoties

925 1128 1042 1153 eorum
1070 1118 1261 1158 silentium,
1287 1118 1526 1163 tergiversatio
1539 1124 1599 1153 aut
1617 1119 1726 1155 ratio<

925 1165 1048 1209 agendi
1089 1166 1339 1200 secumferreut
1379 1165 1584 1211 implicitam
1626 1166 1702 1201 fidei

925 1213 1160 1257 negationem,
1221 1217 1459 1258 contemptum
1514 1212 1705 1257 religionis,

926 1259 1091 1295 iniuriam
1122 1259 1179 1295 Dei
1207 1261 1259 1296 vel
1278 1260 1482 1295 scandalum
1503 1261 1665 1306 proximi.

972 1306 1050 1352 §⁹2.
1095 1307 1171 1342 Post
1208 1312 1382 1353 receptum
1424 1307 1636 1353 baptismum
1676 1308 1703 1342 si

925 1356 1016 1400 quis,
1047 1365 1173 1389 nomen
1190 1355 1346 1390 retinens
1364 1355 1610 1390 christianum,
1633 1366 1704 1401 per-

924 1402 1087 1437 tinaciter
1109 1401 1262 1447 aliquam
1281 1413 1320 1437 ex
1341 1401 1543 1437 veritatibus
1563 1402 1628 1437 tide
1654 1403 1704 1437 di-

926 1449 1004 1484 vina
1032 1454 1065 1484 et
1091 1449 1260 1484 catholica
1279 1449 1461 1484 credendis
1480 1449 1628 1494 denegat
1646 1454 1705 1485 aut

924 1497 965 1532 de
992 1507 1031 1532 ea
1049 1496 1198 1537 dubitat,
1218 1496 1433 1538 haereticus3
1460 1496 1487 1530 si
1502 1508 1523 1531 a
1538 1496 1603 1532 fide
1618 1497 1708 1532 chri·

924 1543 1039 1578 stiana
1065 1544 1215 1579 totaliter
1230 1544 1370 1585 recedit,
1390 1548 1547 1590 apostata
1565 1555 1572 1587 ;
1601 1545 1627 1578 si
1646 1546 1703 1580 de—

925 1591 1032 1636 nique
1058 1591 1198 1626 subesse
1232 1591 1347 1626 renuit
1381 1602 1519 1626 summo
1545 1590 1702 1626 Pontifici

924 1643 983 1673 aut
1009 1650 1087 1673 cum
1117 1638 1283 1673 membris
1303 1638 1474 1673 Ecclesiae
1491 1638 1520 1673 ei
1541 1639 1706 1673 subiectis

923 1685 1184 1720 communicare
1209 1690 1356 1728 recusat,
1377 1685 1619 1720 schismaticus
1638 1690 1703 1721 est.

973 1736 991 1773 ξ
1020 1732 1051 1766 3.
1082 1731 1236 1768 Caveant
1262 1732 1420 1768 catholici
1441 1744 1485 1767 ne
1503 1733 1704 1778 disputatio-

924 1790 986 1814 nes
1013 1779 1065 1814 vcl
1101 1779 1314 1823 collationes,
1356 1779 1512 1825 publicas
1552 1791 1703 1825 praeser-

923 1827 999 1867 tim,
1026 1838 1103 1861 cum
1131 1827 1333 1862 acatholicis
1360 1827 1525 1867 habeant,
1554 1827 1630 1862 sine
1649 1839 1701 1862 ve—

923 1873 983 1909 nia
1009 1872 1158 1909 Sanctae
1184 1873 1283 1910 Sedis
1308 1879 1378 1915 aut,
1406 1874 1431 1908 si
1453 1885 1553 1909 casus
1572 1879 1706 1920 urgeat,

924 1921 986 1956 loci
1016 1919 1210 1956 Ordinarii.

971 1967 1056 2004 CAN.
1090 1968 1189 2002 1326.
1221 1988 1237 1995 -
1268 1968 1423 2013 Episcopi
1460 1979 1606 2013 queque,
1625 1968 1705 2004 licet

923 2015 1050 2059 singuli
1080 2016 1130 2050 vel
1157 2016 1262 2051 ctiam
1290 2016 1325 2049 in
1354 2014 1520 2050 Conciliis
1557 2016 1703 2061 particu-

923 2062 1053 2097 laribus
1068 2063 1266 2108 congregati
1288 2063 1537 2098 infallibilitate
1557 2063 1701 2098 docendi

923 2121 993 2145 non
1022 2110 1182 2155 polleant,
1204 2110 1356 2145 fidelium
1378 2115 1494 2145 tamen
1522 2109 1593 2145 suis
1611 2110 1706 2145 curis

922 2158 1201 2198 commissorum,
1230 2157 1294 2192 sub
1320 2158 1525 2192 auctoritate
1555 2156 1701 2192 Romani

924 2204 1110 2246 Pontificis,
1152 2204 1221 2240 veri
1260 2205 1416 2240 doctores
1454 2215 1514 2240 seu
1544 2204 1701 2249 magistri

923 2257 1020 2287 sunt.

190 2359 284 2402 1925.
325 2362 581 2417 Inscriptio
628 2362 789 2406 Partis
833 2374 893 2406 ac
935 2362 1312 2417 praeliminares
1355 2374 1586 2406 canones.
1630 2360 1702 2402 Se-

67 2432 207 2487 quitur
238 2433 361 2477 Pars
393 2435 574 2488 quarta
608 2433 804 2487 iuscripta
831 2430 888 2474 De
921 2431 1166 2487 maqislerio
1201 2431 1498 2480 ecclesiastico,
1521 2430 1700 2475 scilieet:

67 2501 117 2543 de
152 2505 352 2557 potestate
384 2514 508 2558 quau]
534 2501 718 2545 Ecclesia
751 2501 954 2544 divinitus
989 2504 1172 2544 instituta
1208 2503 1362 2558 recepit
1384 2513 1406 2544 a
1428 2500 1519 2544 Iesu
1542 2499 1705 2544 Christo

66 2584 114 2614 ex
151 2574 240 2614 eius
274 2572 467 2616 mandato
493 2572 521 2627 ¹,
555 2572 721 2629 quando
765 2572 893 2615 dixit:
937 2572 1076 2616 «Data
1112 2577 1172 2615 est
1206 2572 1305 2615 mihi
1350 2574 1483 2614 omnis
1527 2576 1706 2628 potestas

66 2645 104 2684 in
140 2642 255 2685 coelo
289 2647 328 2685 et
362 2645 400 2685 iu
436 2648 558 2686 terra.
594 2643 747 2686 Euutes
781 2657 879 2699 ergo
913 2643 1058 2687 docete
1096 2657 1239 2686 omues
1281 2648 1468 2699 gentes...
1502 2641 1706 2685 Doceutes

67 2726 137 2756 eos
169 2725 339 2756 servare
372 2716 508 2757 omnia
552 2726 842 2771 quaecumque
887 2714 1082 2757 mandavi
1120 2713 1293 2769 vobis»,
1329 2713 1392 2756 vel
1429 2717 1472 2756 ut
1503 2714 1701 2768 scriptum

186 2854 197 2874 ¹
229 2853 376 2886 Matth.
406 2853 595 2894 XXVIII,
626 2854 746 2887 1820.
