1965 3240
335 143 417 178 'rm
444 143 610 177 XXVIl.
638 163 649 167 -
680 143 733 177 De
758 144 868 177 bonis
894 144 1161 176 ecclesiasticis·
1187 143 1438 187 acquirendis
1631 143 1698 175 501

77 267 311 317 munitates,
346 263 524 321 itemque
559 267 842 306 memorantur
873 261 1109 318 specialiter
1152 262 1191 319 c)
1227 261 1431 304 laieorum
1470 265 1702 318 carisi-aler-

76 336 230 379 m'tates
265 336 429 391 proprie
462 334 597 377 dictae
631 334 680 377 ad
717 345 903 376 normam
939 344 1027 375 can.
1063 333 1145 375 707
1171 332 1198 390 ᾗ
1224 333 1385 389 2,«Ιιιῑι(>
1419 347 1582 388 semper
1605 337 1698 375 sunt

76 418 274 464 personae
310 405 486 447 morales
521 408 556 447 ri
592 417 681 448 can.
717 404 816 456 708,
851 408 889 446 et
927 418 947 443 ((
974 402 1077 445 hona
1098 403 1339 459 temporalia
1377 404 1587 459 possidere
1613 418 1701 460 pos-

74 483 168 522 sunt
200 476 276 520 sub
309 478 555 519 auctoritate
593 473 814 521 ¹Ordinarii
864 474 986 517 loci»
1035 487 1139 529 ,cair
1186 473 1303 531 (591),
1347 475 1444 516 dum
1489 488 1609 517 secus
1642 479 1700 517 cst

74 548 296 593 dicendum
331 547 381 590 de
417 549 492 603 piis
527 546 747 590 unionibus
780 545 829 589 ad
865 557 1051 588 normam
1087 558 1177 587 (fan.
1214 546 1310 598 687,
1335 544 1479 586 debent
1506 558 1704 600 personae

76 618 251 662 morales
293 617 369 661 sub
415 618 559 660 litteris
591 616 633 674 a)
669 617 709 674 h)
745 621 782 660 et
817 615 857 673 c)
902 615 1023 659 huius
1065 619 1235 658 canonis
1282 618 1422 671 rigore
1461 615 1700 672 quotannis,

75 704 149 734 nec
182 690 270 733 dies
301 689 518 732 solutionis
551 689 866 742 determinatur,
902 687 944 730 in
977 687 1140 743 siquam
1176 686 1458 735 subiectionis,
1499 687 1606 743 qnod
1645 689 1701 729 in-

75 762 410 818 terpretationem
447 761 497 804 de
534 762 720 817 personis
743 758 936 815 obligatis
958 758 1094 801 datam
1120 759 1353 811 contirmat,
1379 757 1502 814 (aliae
1523 771 1701 814 mumque

74 831 359 888 multipliciter
392 831 582 874 eamdem
618 830 874 887 ostendunt),
906 828 1065 873 solvere
1096 828 1305 886 Episcopo
1339 831 1456 871 cuius
1496 845 1514 868 «
1537 831 1702 871 nomine

77 905 187 946 venit
219 915 384 960 quoque
419 901 560 946 Ahbas
606 902 666 944 vel
715 901 924 944 l’raelatus
959 900 1171 951 nullius»,
1209 900 1316 956 (cim.
1353 900 1434 942 215
1467 900 1495 956 ξ
1530 899 1585 956 2).
1623 913 1700 941 non

77 987 175 1017 vero
208 975 333 1016 ceteri
368 973 583 1015 inferiores
621 969 849 1024 Ordinarii,
884 969 1217 1014 entheca-aticum
1264 973 1321 1013 sic
1355 970 1510 1013 dictum
1549 972 1705 1013 ratione

74 1044 295 1088 cathedrae
328 1043 587 1100 episcopalis,
622 1057 728 1101 quae
763 1043 1089 1086 iurisdictionem
1125 1044 1213 1085 eius
1239 1044 1383 1094 innuit,
1408 1046 1446 1084 et
1470 1040 1704 1097 explicatur

72 1119 153 1159 sic:
187 1129 259 1158 sea
283 1114 542 1158 moderatam
568 1120 725 1166 laoeam,
760 1113 865 1156 idest
901 1115 937 1155 vi
975 1113 1076 1169 legis
1109 1112 1414 1167 obligatoriam.
1449 1111 1704 1168 generaliter

72 1186 435 1230 determinandam
463 1199 534 1242 pro
560 1187 696 1229 t'uturo
719 1184 775 1228 ad
799 1198 987 1227 narniam
1010 1198 1099 1226 can.
1128 1186 1259 1231 1507,
1283 1184 1311 1241 g
1335 1184 1360 1225 I
1398 1183 1448 1225 de
1483 1182 1573 1225 aliis
1598 1185 1703 1226 taxis

74 1257 425 1315 praescribentem
460 1262 497 1300 et
528 1256 592 1299 his
637 1255 775 1300 verbis
808 1255 858 1299 ad
899 1255 1315 1298 «cathedraticum»
1355 1259 1567 1297 extensam
1601 1267 1696 1297 cnm

73 1328 150 1372 hac
175 1328 435 1371 limitatione:
470 1327 555 1370 uisi
589 1342 672 1370 tam
706 1327 883 1384 antiqua
917 1325 1218 1369 cons-uetudine
1251 1340 1323 1382 per
1358 1325 1467 1368 hunc
1501 1337 1701 1368 canonem

74 1403 284 1456 recognita
318 1398 451 1457 faerit
484 1398 778 1441 determinata.
823 1397 910 1441 Non
945 1400 1055 1441 enim
1089 1399 1226 1453 agitur
1260 1397 1325 1440 liic
1368 1397 1418 1439 de
1454 1401 1562 1449 taxa,
1598 1409 1704 1454 quae

76 1485 148 1528 pro
182 1471 371 1528 Episcopi
406 1472 703 1514 sustentatione
736 1470 958 1519 desei-xiat,
995 1469 1250 1525 proindetpie
1293 1482 1342 1511 ex
1378 1469 1706 1511 circumstantiis

74 1544 196 1585 etiam
232 1547 463 1598 temporum
500 1541 776 1597 dependente,
810 1541 879 1583 sed
906 1545 963 1583 est
1005 1542 1206 1595 «signum
1232 1528 1539 1582 subiectionis»
1573 1544 1705 1581 exter·

74 1626 170 1655 num
207 1613 255 1656 ad
291 1613 411 1656 aliam
448 1613 666 1656 utilitatem
702 1625 780 1654 non
816 1612 1081 1654 destinatum.

193 1687 310 1727 Hunc
343 1697 543 1726 canonem
581 1683 786 1726 illustrant
809 1681 1204 1725 Animadversiones
1228 1683 1266 1723 in
1292 1694 1413 1724 [ausa
1455 1697 1472 1721 «
1498 1680 1704 1723 Dioecesis

73 1753 107 1797 N
125 1759 163 1797 et
182 1753 355 1797 aliarum
393 1757 429 1797 in
465 1753 610 1798 Gallia.
635 1753 955 1798 Cathedratici.»
993 1753 1194 1796 deductas
1217 1765 1265 1795 ex
1287 1751 1568 1795 consultorum
1600 1753 1706 1794 rotis

74 1838 95 1868 a
128 1825 167 1869 S.
201 1824 366 1881 Congi·⁸.
398 1824 535 1869 Conci.
571 1825 801 1868 clarissimo
834 1825 1067 1867 secretario
1101 1823 1130 1868 ¹.

193 1896 289 1940 417.
326 1897 683 1943 Dioecesanum
715 1898 950 1942 tributum
984 1897 1446 1941 extraordinarium.
1472 1893 1511 1936 ln
1533 1907 1621 1950 cap.
1654 1895 1701 1936 16

81 1967 174 2010 «de
207 1967 341 2010 officio
375 1967 524 2010 iudicis
557 1967 754 2010 ordinarii
782 1983 799 2007 ))
840 1966 886 2024 (l,
918 1966 991 2023 31)
1026 1965 1232 2008 Honorius
1266 1965 1313 2007 ΙΙΙ
1351 1964 1551 2021 Episcopo
1592 1965 1704 2007 Assi-

73 2039 308 2080 sinatiensi:
349 2037 443 2080 «Tu
480 2043 616 2081 autem
653 2037 716 2080 his
749 2037 912 2080 iuribus
944 2036 1269 2093 (episcoi‘›alil)ns
1303 2035 1355 2079 ibi
1394 2034 1625 2092 recensitis)
1665 2038 1702 2078 in

78 2109 269 2165 praefatis
301 2108 488 2152 ecclesiis
519 2113 738 2152 contentus
785 2110 980 2162 existens,
1030 2121 1108 2150 non
1153 2107 1331 2163 amplius
1369 2107 1420 2149 al)
1454 2109 1512 2150 eis
1545 2109 1705 2163 exigas,

78 2183 239 2236 praeter
274 2179 531 2223 moderatum
566 2179 784 2234 auxilium,
817 2179 925 2236 quod
963 2181 1073 2222 iuxta
1101 2180 1271 2221 sormam
1301 2178 1539 2221 Lateranen.
1563 2178 1704 2232 (Ione,

76 2252 107 2293 si
145 2252 356 2294 manifesta
391 2255 429 2294 et
463 2249 718 2293 rationabilis
751 2262 873 2293 causa
907 2253 1104 2302 extiterit,
1139 2263 1231 2292 cum
1267 2249 1468 2292 charitate
1494 2249 1704 2305 postulan-

77 2320 191 2374 dum,
223 2323 327 2364 sicut
359 2321 410 2365 ab
443 2321 534 2364 aliis
566 2320 752 2364 ecclesiis
785 2321 969 2364 eiusdem
995 2321 1211 2373 dioecesis,
1238 2334 1309 2376 pro
1335 2322 1577 2363 necessitate
1597 2324 1696 2362 tem-

77 2393 186 2448 poris
217 2394 532 2436 sustinemus».
570 2392 693 2434 Porro
736 2390 923 2434 Lateran.
969 2390 1091 2435 Conc.
1137 2391 1346 2433 edixerat:
1386 2405 1405 2431 «
1431 2390 1702 2434 Prohibeinus

76 2465 213 2514 etiam,
249 2476 298 2506 ne
329 2462 517 2506 subditos
564 2476 659 2506 suos
709 2462 831 2505 talliis
879 2467 917 2505 et
959 2462 1246 2506 exactionibus
1294 2463 1476 2517 episcopi
1527 2473 1705 2517 gravare

77 2538 355 2590 praesumant.
387 2536 646 2577 sustinemus
679 2538 817 2576 autem
854 2546 925 2589 pro
961 2533 1099 2576 multis
1134 2532 1460 2582 necessitatibus,
1495 2545 1601 2589 quae
1635 2531 1709 2574 ali-

76 2606 271 2662 quotiens·
297 2606 610 2656 superveniunt,
645 2609 685 2647 ut
710 2606 741 2647 si
769 2604 982 2647 manifesta
1008 2617 1055 2647 ac
1080 2603 1336 2647 rationabilis
1359 2616 1480 2646 causa
1507 2605 1705 2653 extiterit,

75 2688 169 2718 cun]
204 2673 418 2727 charitate,
469 2674 727 2717 moderatum
777 2673 829 2717 ah
862 2676 920 2718 eis
963 2675 1163 2718 auxilium
1219 2674 1379 2717 xaleant
1432 2673 1638 2729 postulare
1667 2689 1705 2717 υ.

76 2745 376 2801 Rationemuue
408 2745 547 2788 addit:
587 2744 732 2789 «Cum
767 2747 877 2787 enim
910 2745 1020 2789 dicat
1055 2745 1293 2802 Apostolus:
1329 2744 1414 2787 Non
1444 2744 1595 2787 dehent
1633 2742 1702 2785 tilii

195 2898 206 2919 ¹
235 2898 278 2931 13
305 2897 438 2931 Martii
469 2896 571 2931 1920.
602 2896 679 2931 CO.
710 2896 800 2938 XII,
828 2897 911 2930 444.
