1965 3240
115 105 183 140 474
258 104 342 138 L1B.
371 103 440 137 III.
468 123 480 128 -
508 103 618 137 PARS
643 103 689 137 V.
719 123 731 128 -
758 103 815 138 De
839 100 962 145 benef.
991 105 1026 137 et
1052 105 1178 137 instit.
1207 103 1333 137 eccles.
1361 113 1442 137 ‘non
1467 103 1597 147 colleg.

118 236 238 274 scopo
273 235 343 278 per
367 235 410 265 se
436 221 499 265 vel
534 234 605 277 per
628 221 755 265 alium
782 220 1011 278 diliqenter
1038 234 1110 264 seu
1135 233 1230 264 cum
1257 233 1406 277 magna
1430 233 1530 264 cura
1563 220 1743 264 admini-

118 298 307 336 strentur
350 306 421 348 per
463 305 606 335 omnes
648 296 764 336 actus
805 291 912 335 banc
949 293 1258 344 constituentes,
1303 296 1347 334 ut
1389 291 1665 348 explicabitur
1706 294 1744 335 in

119 363 194 406 Tit.
227 361 397 405 XXVIII
433 362 561 405 Partis
594 364 818 420 sequentis.
852 361 903 405 Hi
937 363 1045 405 enim
1080 365 1176 405 sunt
1209 360 1324 416 tales,
1365 361 1515 418 quibus
1547 362 1744 419 applicari

122 438 254 491 potest
287 446 372 489 reg.
408 435 508 476 iuris
542 433 595 475 7⁶2
630 435 670 475 in
705 433 772 476 60:
811 432 934 487 «Qui
970 434 1064 476 facit
1111 445 1182 488 per
1225 431 1367 486 alium,
1401 436 1462 475 est
1495 432 1666 489 perinde
1699 445 1746 476 ac

121 507 152 547 si
177 505 299 547 iaciat
332 517 403 560 per
435 505 679 560 seipsum».
723 499 897 559 Insuper
935 505 973 546 in
1009 502 1086 546 hoc
1118 515 1276 546 canone
1314 505 1523 546 «nomine
1555 502 1746 560 Episcopi

125 576 237 618 venit
267 587 434 631 quoque
467 573 607 617 Abbas
642 573 707 617 vel
741 573 952 617 Praelatus
984 572 1149 617 nullius
1173 588 1193 614 ))
1233 573 1343 629 (can.
1379 573 1477 628 215,
1500 572 1528 630 ἓ
1555 573 1610 630 1),
1633 574 1747 617 dum—

125 645 246 689 modo
286 660 305 686 c(
329 644 505 688 Abbatia
539 644 601 688 vel
638 644 873 688 Praelatura
907 643 1081 695 nullius,
1108 643 1239 687 tribus
1261 643 1407 687 saitem
1432 646 1636 700 paroeciis
1658 657 1748 688 con-

124 721 201 760 stet
224 732 244 757 ))
283 715 391 773 (can.
428 716 525 770 319,
560 717 584 770 ἓ
618 715 670 771 ⁶2).

241 786 268 844 ἓ
300 789 342 829 2.
382 785 533 830 Domus
567 784 833 844 episcopalis,
868 798 947 828 non
992 787 1070 827 iam
1116 798 1164 827 ex
1210 784 1399 841 Episcopi
1440 784 1748 837 inhabitatione,

125 858 195 901 sed
230 860 326 914 quia
360 862 420 900 est
443 857 493 900 de
527 859 614 900 iure
646 859 708 900 sui
743 856 931 900 beneficii
967 861 1006 899 et
1029 856 1079 899 ad
1104 855 1218 898 iIIum
1239 855 1597 909 destinata,sarta
1615 856 1749 913 quoad

126 941 268 971 omncs
300 940 396 971 suas
429 932 563 984 partes
589 932 777 984 tectaque
796 930 938 970 contra
964 925 1148 982 pluviam
1173 925 1357 983 aliasque
1379 927 1646 982 intemperies
1664 940 1754 969 con-

126 1004 315 1042 servetur
349 1012 419 1055 per
452 1000 748 1042 convenientes
791 999 1089 1053 reparationes,
1132 998 1214 1039 imo
1257 1001 1309 1051 et,
1349 996 1387 1039 si
1419 1010 1523 1053 opus
1555 996 1611 1038 sit
1659 1010 1750 1053 pro-

128 1074 217 1125 pter
259 1069 489 1112 accidentia
537 1068 598 1111 vei
645 1069 842 1124 temporis
883 1069 1102 1119 actionem,
1145 1071 1412 1109 restauretur
1444 1072 1481 1109 et
1515 1072 1753 1124 reparetur,

128 1143 250 1184 etiam
286 1142 447 1196 magnis
478 1138 714 1195 sumptibus
747 1140 1006 1193 necessarus,
1039 1138 1108 1181 sed
1143 1137 1344 1195 impensis
1362 1137 1547 1180 eiusdem
1574 1152 1755 1193 mensae,

130 1211 259 1255 idest:
310 1210 511 1254 redithus
545 1209 606 1253 'ac
649 1209 744 1253 dote
788 1209 976 1253 beneficii
1007 1203 1275 1265 episcopalis,
1320 1208 1481 1266 quoties
1515 1207 1756 1252 huiusmodi

130 1295 273 1336 onera,
307 1284 443 1324 omnia
478 1280 600 1324 buius
631 1280 672 1338 §i
709 1280 771 1323 vel
806 1280 1010 1337 quaedam
1045 1293 1096 1322 eoe
1127 1278 1340 1337 peculiari
1364 1278 1487 1323 titulo
1514 1293 1550 1322 v.
1574 1293 1635 1336 gr.
1659 1293 1753 1323 con—

134 1354 336 1395 ventionis
369 1351 560 1408 gnbernii
594 1365 686 1394 cuin
722 1351 827 1395 Sede
860 1350 1112 1406 ApostoIica‚
1148 1349 1249 1392 aliis
1282 1364 1364 1393 non
1398 1349 1652 1402 incumbant,
1685 1353 1754 1408 qni

137 1423 341 1466 «titulo»
380 1425 559 1466 iustItiae
596 1422 658 1466 vel
694 1421 815 1478 legali
850 1422 899 1465 ad
936 1422 974 1464 id
1013 1426 1243 1464 teneantur.

248 1497 272 1548 ᾗ
302 1496 345 1538 3.
385 1493 539 1537 Curent
572 1507 732 1551 (litoque
762 1491 977 1550 Episcopi,
1002 1497 1041 1535 et
1065 1497 1125 1535 est
1148 1491 1366 1535 consiIIum
1391 1494 1669 1547 reverentiae,
1696 1506 1757 1534 ve-

134 1578 225 1608 rum
258 1569 395 1608 autem
431 1565 748 1620 praescriptum,
783 1568 841 1618 ut,
877 1567 1075 1605 accurato
1100 1562 1235 1620 quoad
1261 1564 1399 1605 omnia
1424 1562 1663 1605 inventario
1686 1575 1758 1605 seu

131 1635 304 1679 elencho
339 1637 376 1677 in
411 1637 576 1690 scriptis
608 1633 794 1691 consecto
828 1646 876 1677 ac
910 1634 1032 1676 Iidem
1068 1634 1257 1687 faciente,
1293 1632 1495 1675 utensilia
1527 1632 1668 1676 omnia
1701 1634 1759 1676 sic

132 1706 240 1750 dicta
274 1705 326 1749 ob
359 1706 507 1749 domus
542 1718 675 1759 usum,
710 1703 772 1747 rel
805 1703 911 1747 bona
946 1703 1129 1755 mobilia,
1162 1703 1301 1760 qualia
1325 1707 1518 1746 nonsunt
1542 1704 1759 1756 fenestrae,

135 1782 289 1833 portae,
323 1776 485 1833 aliaque
518 1787 705 1818 connexa
737 1775 778 1832 a)
808 1774 950 1817 domui
972 1773 1204 1831 episcopali
1226 1776 1349 1817 etiam
1374 1774 1509 1831 quoad
1534 1776 1758 1817 oratorium

132 1846 243 1904 forte
275 1846 447 1890 addicta
480 1845 664 1903 quolibet
697 1859 745 1888 ex
783 1848 952 1898 motivo,
989 1845 1030 1901 b)
1055 1850 1179 1902 atque
1212 1845 1253 1887 in
1289 1858 1457 1887 mensae
1500 1858 1572 1888 seu
1607 1844 1759 1888 beneti-

133 1920 184 1961 cii
219 1917 464 1974 episcopalis
497 1916 682 1959 dominio
716 1915 874 1959 dtrecto
912 1915 973 1958 vei
995 1915 1324 1959 utiIiconstituta
1345 1915 1543 1971 legitime,
1562 1928 1641 1958 non
1664 1928 1761 1958 vero

134 1987 212 2031 aIia
245 1986 454 2045 quaeiibet
487 1987 538 2030 de
573 1988 661 2029 iure
697 1985 973 2042 patrimoniali
1013 1985 1075 2028 vel
1111 1984 1344 2028 industriali
1369 1984 1575 2041 Episcopi,
1600 1983 1655 2027 ad
1677 1998 1763 2027 sue-

134 2072 335 2102 eessorem
378 2061 416 2101 in
463 2058 664 2102 beneficio
697 2072 749 2100 ex
783 2063 883 2111 toto,
925 2071 997 2101 seu
1042 2056 1142 2100 nihil
1186 2057 1372 2100 detracto
1416 2069 1490 2113 per
1522 2058 1655 2112 ipsum
1699 2056 1761 2099 vel

135 2129 275 2184 alium,
311 2131 434 2172 etiam
470 2142 541 2185 per
574 2130 840 2172 omissionem
875 2130 913 2170 in
950 2129 1198 2181 inventario,
1222 2140 1447 2184 secureque
1468 2139 1586 2182 v.gr.
1607 2126 1762 2169 utendo

137 2199 238 2256 legis
270 2199 405 2243 civilis
441 2201 695 2255 protectione
732 2198 794 2241 vel
830 2197 1099 2242 ecclesiastici
1137 2199 1212 2240 viri
1238 2201 1349 2240 certa
1374 2196 1526 2240 Iiducia
1551 2196 1763 2239 transmit-

137 2275 284 2312 tantur
318 2284 388 2326 per
421 2283 504 2324 eos,
539 2269 587 2312 ad
624 2282 726 2326 quos
761 2271 964 2326 pertineat
997 2268 1227 2312 secundum
1262 2280 1354 2311 can.
1389 2268 1488 2311 444.

835 2419 980 2456 CAPUT
1009 2419 1063 2455 vl.

452 2506 505 2539 De
531 2505 751 2539 dimissione
776 2505 816 2538 et
842 2503 1129 2546 permutatione
1155 2503 1445 2538 beneficiorum.

187 2610 270 2646 CAN.
306 2608 405 2645 1484.
426 2631 441 2637 -
464 2610 674 2648 Ordinarius
693 2620 736 2644 ne
754 2609 916 2644 admittat
1037 2607 1120 2644 CAN.
1146 2606 1248 2643 1485.
1268 2629 1284 2633 -
1303 2607 1467 2642 Dimissio
1481 2605 1655 2646 beneficii,
1669 2607 1767 2642 cuius

139 2658 377 2693 dimissionem
407 2657 566 2694 beneficii
593 2668 612 2692 a
639 2656 762 2692 clerico
788 2656 824 2690 in
844 2667 915 2691 ma·
989 2655 1090 2691 titulo
1115 2655 1261 2690 clericus
1279 2654 1460 2690 ordinatus
1488 2653 1560 2694 fuit,
1590 2653 1688 2689 irrita
1705 2658 1767 2696 est,

140 2705 270 2740 ioribus
310 2705 492 2741 ordinibus
540 2704 725 2740 constituto
775 2703 913 2743 factam,
991 2703 1057 2737 nisi
1086 2713 1249 2748 expressa
1265 2701 1395 2737 mentio
1414 2701 1473 2736 fiat
1491 2700 1654 2736 clericum
1675 2701 1768 2736 illius

140 2752 206 2786 nisi
233 2757 366 2788 constet
404 2763 482 2787 eum
511 2751 706 2788 necessaria
742 2750 784 2785 ad
813 2750 914 2785 bone·
987 2749 1088 2785 titulo
1123 2753 1319 2795 promotum
1357 2748 1474 2790 fuisse,
1508 2747 1700 2793 eidemque,
1727 2749 1769 2784 de

139 2803 228 2834 stam
267 2800 556 2835 sustentationem
590 2798 734 2834 aliunde
771 2797 911 2838 habere,
987 2807 1159 2832 consensu
1202 2795 1395 2836 Ordinarii,
1429 2794 1536 2830 alium
1573 2794 1767 2839 legitimum

140 2851 172 2881 et
200 2845 298 2882 firmo
326 2847 536 2893 praescripto
562 2857 640 2881 can.
670 2843 749 2880 584.
987 2843 1218 2880 ordinationis
1244 2842 1386 2878 titulum
1413 2841 1645 2877 substituisse.
