1965 3240
594 168 677 202 ΤιΤ.
705 169 813 204 XIX.
841 190 853 195 -
880 171 937 204 De,
963 174 1046 206 voto
1072 176 1106 206 et
1133 176 1389 209 iureiurando
1732 180 1795 214 221

173 289 313 345 aliqua
359 287 573 343 religione,
617 288 668 331 de
712 302 889 345 (piorum
940 290 1142 334 solutione
1181 295 1306 349 «ipso
1356 296 1459 337 l'acto
1508 298 1796 341 dimissionis»

175 359 358 414 loquitur
390 370 480 400 can.
516 358 598 400 618
631 361 662 401 si
700 362 947 415 temporaria
983 362 1060 403 sint
1098 366 1203 408 rota,
1235 376 1282 405 eo
1315 366 1422 420 (prod
1465 368 1707 421 «protessus
1730 371 1798 425 qui

179 433 270 471 rota
317 432 512 484 perpetua
547 431 695 473 emisit.
731 443 751 471 a
787 430 985 485 religione
1019 431 1227 484 dimissus,
1265 436 1366 475 rotis
1412 435 1620 491 religionis
1665 443 1797 480 manet

170 499 408 551 adstrictus,
432 498 560 541 salvis
583 499 948 543 constitutionibus
970 506 1038 543 aut
1072 501 1189 545 Sedis
1213 502 1473 558 Apostolicae
1505 507 1672 549 indultis
1695 521 1799 564 (pure

171 570 283 614 aliud
319 571 489 613 serant»
531 570 638 626 (can.
675 572 772 616 (565).
805 572 833 629 Β
870 571 923 627 l).
966 572 1185 628 Propterea
1223 579 1312 616 vota
1360 575 1521 630 publica
1568 591 1638 633 per
1670 578 1796 621 solam

171 641 320 685 Sedent
356 640 636 696 Apostolicam
682 641 910 697 dispensari
955 647 1124 699 queunt.
1170 644 1281 687 Haec
1322 652 1579 688 «serventur
1621 661 1797 704 «pioque,

168 725 354 768 congrua
390 714 587 767 congruis
621 712 852 765 relerendo,
875 715 985 756 circa
1014 726 1157 756 eorum
1193 714 1474 759 dimissionem
1500 736 1516 755 »
1547 720 1654 770 (can.
1681 719 1795 774 oxi),

167 784 239 839 qui
273 781 437 825 sodales
469 786 563 824 sunt
596 784 839 825 societatum
873 785 962 825 sire
1000 785 1182 826 rirorurn
1217 787 1306 827 site
1351 785 1569 829 mulierum
1618 790 1654 829 in
1690 803 1795 830 ‹·om-

171 854 282 895 muni
321 853 548 894 virentium
582 853 670 894 sine
707 854 810 894 rotis
844 852 1054 908 religionis
1086 867 1158 896 seu
1196 854 1382 909 publicis.

290 925 360 966 llis
392 921 584 965 omnibus
616 936 715 978 ergo
758 923 884 966 salvis
928 926 1263 980 interpretandus
1300 931 1358 969 est
1393 941 1482 969 ean.
1520 930 1649 972 1:305),
1696 928 1791 972 l'ota

163 993 337 1051 privata
370 995 408 1035 in
433 1005 524 1037 can.
551 993 701 1048 praec.i
725 994 934 1038 declarata
959 994 1057 1037 Sesti
1079 995 1345 1053 Apostolicae
1369 1003 1596 1051 reservata,
1622 1013 1791 1056 nempe:

167 1066 206 1109 S.
243 1065 598 1118 l'oenitentiariae,
633 1070 730 1107 sem!
764 1065 1064 1115 tantummodo,
1101 1067 1226 1111 idest:
1271 1067 1466 1124 abrogata
1514 1072 1793 1113 reservatione

163 1137 277 1178 circa
317 1150 336 1175 ((
361 1137 510 1177 emissa
546 1137 891 1191 peregrinationis
926 1136 1221 1180 ultramarinae
1255 1143 1292 1180 et
1331 1140 1578 1182 visitationis
1607 1139 1791 1183 liminum

165 1204 458 1262 Apostolorum
495 1205 601 1248 Petri
636 1211 685 1248 et.
709 1206 821 1248 Pauli
866 1212 905 1250 et
944 1209 982 1249 in
1017 1206 1320 1264 Compostela...
1361 1214 1451 1251 rota
1477 1226 1497 1250 )>
1529 1211 1557 1264 ¹,
1593 1210 1623 1252 l⁰
1660 1217 1790 1253 cotum

163 1277 205 1332 a)
237 1274 468 1334 perfectae,
502 1276 629 1319 idest:
664 1276 897 1320 abstinendi
931 1277 983 1321 ab
1015 1281 1126 1321 omni
1161 1281 1283 1322 etiam
1319 1281 1480 1323 interno
1519 1285 1611 1324 actu
1651 1287 1791 1324 contra

162 1360 248 1404 seq.
287 1349 498 1394 virtutem,
535 1346 573 1404 b)
609 1361 657 1390 ae
685 1353 928 1405 perpetuae,
965 1362 1043 1392 non
1078 1349 1127 1392 ad
1163 1350 1378 1393 delinitum
1406 1356 1581 1408 tempus,
1605 1351 1644 1409 c)
1671 1353 1793 1395 easti-

118 1411 122 1415 ’
163 1418 280 1471 tatis,
306 1431 383 1461 non
409 1418 536 1461 solius
563 1420 811 1475 virginitatis
845 1422 1009 1476 proprie
1033 1421 1180 1476 dictae,
1202 1434 1276 1464 nec
1304 1426 1442 1464 votum
1480 1436 1557 1465 non
1594 1422 1790 1477 nubendi,

162 1489 214 1532 ΙΙ0
249 1495 287 1532 et
321 1495 459 1533 votum
494 1489 760 1547 inqrediemli
794 1491 834 1533 in
869 1491 1114 1548 reliqionene
1157 1498 1340 1535 votorum
1385 1493 1662 1540 sollemnium,
1708 1508 1784 1537 non

162 1565 304 1604 votum
340 1556 600 1617 ingrediendi
636 1563 673 1604 in
708 1565 1074 1618 congregationem
1114 1563 1173 1606 vel
1201 1566 1236 1605 in
1266 1567 1559 1607 monasterium
1591 1580 1608 1605 ((
1637 1568 1788 1608 monia-

162 1630 260 1674 lium
296 1644 472 1688 quarum
510 1636 601 1675 vota
636 1645 684 1675 ex
720 1633 982 1689 Apostolieae
1005 1634 1122 1677 Sedis
1145 1637 1400 1690 praescripto
1423 1640 1515 1677 sunt
1539 1635 1780 1690 simplicia»

159 1701 270 1759 (can.
306 1702 404 1751 488,
440 1702 518 1759 7⁰),
552 1716 659 1760 quae
691 1703 772 1746 duo
809 1708 900 1746 rota
935 1705 1087 1746 emissa
1120 1704 1282 1763 fuerint
1306 1705 1347 1747 dt
1375 1704 1679 1749 at».s·0tate.110n
1709 1706 1784 1749 sub

162 1785 258 1816 vera
283 1773 520 1817 conditione
544 1787 619 1817 nec
642 1774 906 1830 disiunctire,
927 1776 1281 1833 quemadmodum
1303 1778 1381 1819 iam
1409 1776 1785 1832 interpretabantur

159 1843 357 1888 Doctores
392 1848 646 1902 praecedens
680 1850 756 1901 ius,
788 1850 1079 1905 ac·sequitu1·:
1116 1847 1154 1904 e)
1189 1853 1228 1890 et
1259 1853 1357 1905 post
1397 1847 1640 1905 correptetum
1676 1847 1781 1890 deei-

131 1929 267 1958 -mum
301 1921 491 1959 octavum
525 1918 681 1960 (zelatis
713 1932 867 1960 artuum
902 1919 1213 1975 supputandum
1256 1919 1306 1962 ad
1354 1932 1538 1961 normam
1585 1932 1673 1961 can.
1715 1919 1782 1969 at,

154 1986 183 2043 ξ
217 1986 255 2042 3,
291 1986 349 2041 3⁰,
383 2000 554 2045 nempe:
598 2004 617 2029 «
642 1991 801 2045 primus
833 1990 922 2032 dies
955 2003 1004 2033 ne
1038 1994 1302 2046 computetur
1339 1995 1376 2032 et
1423 1994 1583 2045 tempus
1618 1990 1782 2031 liniatur

156 2057 321 2114 expleto
357 2058 500 2102 ultimo
533 2059 600 2103 die
632 2050 821 2104 eiusdem
854 2063 1078 2104 numeri».
1113 2060 1224 2103 Haec
1259 2074 1364 2103 nora
1395 2060 1574 2103 comlitio
1602 2062 1681 2102 voti
1709 2074 1780 2115 pro

154 2130 246 2171 eius
280 2132 579 2184 reservatione,
612 2130 815 2174 absdubio
839 2136 897 2174 est
922 2132 1061 2174 addita
1097 2137 1263 2187 propter
1298 2133 1582 2187 perfectiorem
1623 2130 1776 2173 delibe-

154 2201 356 2243 rationem
388 2203 425 2244 in
462 2215 503 2244 re
538 2206 618 2245 tam
653 2205 771 2258 gravi
807 2202 1049 2246 adhibitam.
1089 2202 1120 2245 E
1153 2207 1294 2245 contra
1320 2215 1396 2244 non
1426 2204 1648 2258 requiritur
1685 2206 1774 2243 rota

151 2284 244 2314 esse
279 2271 458 2327 perfecta
494 2274 651 2316 ratione
685 2273 886 2316 libertatis
917 2287 1039 2316 sensu
1073 2273 1310 2326 Doctorum,
1340 2275 1434 2329 quia
1472 2271 1546 2315 bot·
1591 2286 1667 2314 non
1705 2273 1775 2314 tuit

151 2341 379 2385 admissum
414 2345 453 2385 in
488 2346 590 2397 iure,
624 2344 694 2387 sed
730 2357 778 2387 ex
816 2349 960 2387 natura
997 2346 1052 2387 rei
1087 2344 1393 2387 subintendittu·
1428 2346 1464 2385 in
1500 2355 1655 2385 canone
1691 2356 1777 2398 per-

154 2413 277 2456 fectio
315 2415 394 2456 voti
430 2416 589 2458 ratione
621 2414 900 2471 obligationis.

274 2483 372 2527 183.
407 2486 594 2530 Natura
627 2487 947 2541 obligationis
980 2499 1042 2531 ex
1077 2489 1208 2530 voto·
1246 2483 1344 2525 (ltn-
1372 2486 1496 2525 1310.
1522 2484 1545 2535 ,ἓ
1573 2482 1606 2525 1-
1637 2481 1772 2524 l't-tlw‘t

149 2553 449 2611 quodcumque
484 2568 564 2597 non
597 2554 767 2612 obliyat,
792 2556 961 2598 fratione
992 2556 1075 2609 sui,
1097 2556 1274 2598 scilicet:
1299 2568 1348 2597 ex
1377 2556 1527 2595 vti-tute
1552 2552 1774 2607 religionis,

150 2623 236 2667 υἱεῖ
268 2624 536 2668 emittentem.
571 2625 671 2669 Nam
713 2642 732 2667 «
761 2632 897 2669 votum
923 2640 1002 2683 qua
1029 2627 1107 2669 tale
1131 2632 1188 2669 est
1215 2627 1429 2682 promissio
1463 2623 1664 2680 <praedam
1692 2622 1774 2665 Deo

151 2695 270 2738 sacta.
303 2694 452 2739 Nullus
484 2701 620 2740 autem
658 2702 787 2753 potest
825 2711 896 2753 per
930 2700 1244 2754 promissionem
1289 2709 1331 2738 se
1375 2696 1549 2736 tirmiter
1591 2692 1772 2749 obligare

266 2849 278 2870 1
306 2847 471 2884 Extrav.
500 2861 596 2884 com.
626 2850 647 2884 3
681 2850 728 2884 «le
764 2851 1020 2895 poenitentiis
1056 2854 1095 2883 et
1129 2848 1424 2883 remissionibus
1463 2848 1500 2880 in
1539 2845 1621 2879 Lib.
1654 2845 1696 2877 V.
