1965 3240
179 127 248 161 466
321 126 404 159 LIB.
432 124 501 158 ΙΙΙ.
529 144 541 148 -
568 123 678 157 PARS
705 123 749 157 V.
780 143 791 149 -
818 124 875 158 De
900 123 1023 166 benef.
1052 126 1086 158 et
1112 125 1238 158 instit.
1266 123 1394 158 eccles.
1422 134 1502 157 non
1527 124 1658 168 colley.

179 245 355 298 cedenti,
390 242 498 301 quod
534 244 807 299 transgressio
840 242 964 286 huius
996 243 1213 286 commatis
1245 254 1325 284 non
1359 242 1582 285 secumfert
1604 255 1708 286 onus
1740 256 1802 286 re-

180 314 351 371 parandi
386 313 491 356 lianc
523 312 816 355 deductionem
837 311 1104 369 pauperibus,
1127 325 1174 355 eo
1198 311 1306 368 quod
1329 313 1366 354 in
1391 313 1550 355 fructus
1572 313 1805 369 superfluos

179 386 470 429 beneficiarius
518 385 580 426 ius
629 382 778 426 habeat
811 387 850 426 et
883 385 993 427 circa
1028 382 1328 438 impendendos
1362 384 1471 438 ipsos
1509 387 1667 426 tantum
1703 383 1805 440 legis

179 457 402 499 canonicae
436 453 688 510 obligatione
722 458 923 507 teneatur,
967 455 1134 496 minime
1168 452 1367 495 naturalis
1401 454 1593 496 iustitiae.

298 526 396 569 379.
430 527 566 571 Ordo
599 527 864 582 requisitus
910 526 1077 580 praevie
1116 523 1166 566 ad
1201 522 1391 567 beneficii
1435 526 1802 581 consequutionem

179 596 442 654 recipiendus
475 595 653 639 edicitur
685 597 724 638 in
759 608 848 638 can.
896 596 1026 642 1474,
1070 607 1189 637 secus
1231 606 1279 637 ac
1318 596 1356 636 in
1391 595 1492 637 iuris
1525 593 1802 638 Decretalium

179 666 365 724 pluribus
400 666 501 710 locis
534 670 701 709 cantum
737 669 837 708 erat.
872 664 1061 720 Exempli
1096 676 1220 708 causa
1258 665 1309 706 sit
1347 676 1436 720 cap.
1472 664 1524 707 29
1564 664 1655 708 «de
1687 677 1804 721 prae·

179 737 325 782 bendis
357 741 397 780 et
428 735 700 793 dignitatibus
723 751 743 777 ))
780 735 861 791 (ΙΙΙ,
895 735 937 792 4)
973 737 1011 777 in
1048 734 1119 777 6⁰:
1159 750 1181 775 «
1203 733 1264 789 Ei,
1308 736 1374 778 cui
1400 734 1611 791 provideri
1637 735 1804 778 manda-

178 814 244 852 tur
275 807 519 865 simpliciter
550 807 606 850 de'
635 806 871 863 praebenda
905 807 1093 862 proximo
1132 809 1340 860 vacatura,
1385 805 1654 849 sacerdotalis
1689 818 1804 862 prae-

177 880 311 924 benda
344 879 523 923 conferri
566 891 645 921 non
690 882 834 934 potest,
868 879 899 921 si
934 872 1116 920 nondum
1152 878 1191 919 in
1225 881 1359 920 aetate
1391 876 1461 920 tali
1496 880 1659 930 existat,
1691 878 1801 934 quod

179 953 304 1008 possit
336 950 387 994 ad
420 941 699 993 sacerdotium
735 950 1002 1005 promoveri:
1037 948 1115 991 Sed
1150 944 1530 1004 aliam-expectare
1574 947 1803 991 debebit».

177 1023 375 1078 Spiritum
409 1033 508 1077 ergo
542 1021 643 1062 iuris
675 1024 815 1062 servat
848 1018 1002 1075 Codex,
1035 1020 1224 1061 severius
1247 1023 1383 1061 tamen
1409 1018 1724 1075 praescribens:
1761 1018 1807 1062 Si

178 1092 234 1136 acl
264 1091 503 1148 beneficium
536 1090 831 1147 quodcumque
864 1088 1144 1144 obtinendum,
1180 1102 1279 1145 ergo
1312 1089 1362 1132 ad
1398 1091 1486 1132 eius
1520 1091 1801 1145 provisionem

178 1162 385 1221 susceptio
419 1161 602 1204 alicuius
635 1159 799 1204 ordinis
836 1160 897 1203 vel
943 1160 1163 1203 sacerdotii
1201 1159 1262 1203 vel
1299 1162 1337 1202 in
1371 1161 1501 1203 sacris
1533 1159 1598 1203 vel
1634 1162 1807 1204 minoris

178 1234 426 1292 requiratur
458 1235 496 1275 in
531 1232 684 1276 clerico
717 1231 992 1288 providendo,
1026 1230 1334 1287 beneficiarius,
1369 1233 1428 1274 sic
1451 1231 1586 1274 dictus
1610 1231 1736 1275 relate
1754 1233 1804 1275 ad

180 1307 358 1348 futuram
403 1304 698 1359 provisionem,
742 1301 867 1344 talem
909 1301 1232 1345 determinatum
1267 1300 1454 1344 ordinem
1490 1307 1589 1344 ante
1620 1301 1807 1358 beneficii

179 1377 229 1419 de
263 1388 343 1432 quo
377 1376 513 1430 agitur
531 1372 814 1426 collationem,
849 1375 1018 1415 minime
1055 1385 1152 1415 vero
1187 1385 1235 1415 ex
1271 1372 1348 1415 boc
1381 1385 1538 1416 canone
1571 1376 1665 1415 ante
1689 1385 1804 1429 prae-

177 1448 447 1491 sentationem
477 1445 539 1488 vel
573 1444 834 1498 electionem,
867 1444 952 1486 iam
983 1443 1190 1501 receperit
1222 1443 1272 1487 de
1306 1444 1411 1486 facto
1440 1447 1603 1501 oportet
1624 1446 1662 1485 vi
1683 1443 1806 1487 huius

179 1519 363 1570 canonis,
396 1516 745 1573 quandocumque
769 1514 934 1558 tabulae
958 1515 1209 1558 fundationis
1226 1516 1479 1558 contrarium
1519 1527 1596 1557 non
1626 1519 1807 1558 statuant

179 1600 386 1645 expresse.

299 1659 395 1702 380.
442 1660 786 1715 Obligationes
830 1659 1175 1714 cuiuscumque
1218 1658 1523 1703 beneficiarii
1566 1658 1803 1699 summatim

184 1735 371 1774 recenset
405 1734 529 1787 atque
562 1728 638 1772 sub
661 1741 740 1785 qua
776 1728 1012 1771 conditione
1045 1727 1213 1770 edicens
1246 1741 1335 1769 can.
1371 1729 1502 1770 1475.
1540 1752 1591 1757 -—
1625 1726 1654 1783 ξ
1676 1729 1712 1770 1.
1730 1726 1807 1769 Be—

181 1800 422 1856 neficiarius
455 1802 568 1842 iuxta
602 1799 749 1855 capitis
783 1800 1106 1854 inscriptionem,
1142 1797 1232 1853 (seu
1271 1813 1292 1837 α
1316 1796 1530 1852 beneficia,
1565 1799 1687 1840 etiam
1720 1797 1807 1840 nul·

181 1871 262 1914 lum
298 1872 466 1913 omnino
498 1871 714 1912 servitium
749 1868 956 1922 habentia,
990 1866 1314 1924 possidentes»)
1349 1866 1504 1924 (Consi.
1540 1867 1597 1910 Pii
1629 1866 1658 1909 V
1701 1883 1723 1908 α
1745 1867 1804 1910 Ex

180 1943 369 1998 proximo
391 1939 450 1997 »)‚
472 1944 636 1982 tenetur
666 1938 906 1996 peculiaria
938 1951 1067 1981 onera
1101 1937 1293 1991 beneficio
1318 1950 1503 1994 possesso
1527 1936 1806 1981 adneoeasive

179 2011 330 2055 tabulis
362 2011 628 2063 fundationis,
661 2012 750 2053 sive
775 2009 957 2066 legitima
981 2008 1295 2063 consuetudine,
1318 2010 1408 2052 sive
1432 2021 1505 2064 per
1526 2020 1666 2051 sacros
1690 2020 1807 2052 cano—

180 2096 265 2136 nes,
299 2081 481 2138 fideliter
522 2080 573 2124 ob
614 2080 861 2136 implicitum
904 2082 1021 2137 quasi
1065 2084 1323 2123 contractum
1359 2080 1655 2135 acceptationis
1697 2079 1806 2122 illius

180 2151 412 2209 adimplere
445 2156 483 2194 et
513 2156 737 2208 praeterea
771 2150 951 2207 indeque
984 2162 1005 2192 a
1030 2155 1149 2205 capta
1185 2151 1439 2205 possessione
1477 2148 1702 2192 canonicas
1735 2147 1803 2191 lio-

182 2237 252 2265 ras
285 2236 429 2265 omnes
461 2222 510 2265 ad
546 2235 635 2265 can.
671 2221 753 2264 135
789 2223 827 2263 in
862 2219 1169 2264 Commentario
1211 2219 1364 2280 Textus
1408 2219 1646 2276 explicatas,
1691 2219 1803 2263 salva

180 2298 315 2336 tamen
351 2292 603 2348 obligatione
645 2294 759 2334 iuxta
802 2304 919 2347 prop.
955 2290 1006 2333 54
1041 2291 1278 2334 damnatam
1305 2290 1342 2330 ¹:
1383 2305 1402 2330 <c
1427 2287 1507 2342 Qui
1550 2302 1629 2332 non
1675 2293 1807 2345 potest

181 2366 357 2407 recitare
390 2362 635 2406 Matutinum
670 2367 709 2405 et
742 2361 914 2416 Laudes,
950 2366 1080 2418 potest
1105 2365 1241 2404 autem
1267 2360 1447 2417 reliquas
1470 2359 1605 2415 horas,
1630 2360 1680 2403 ad
1705 2359 1805 2402 nibil

181 2438 371 2488 tenetur,
406 2436 501 2490 quia
536 2435 666 2476 maior
699 2445 793 2489 pars
816 2432 941 2475 trahit
964 2432 1013 2475 ad
1038 2445 1080 2475 se
1108 2434 1309 2474 minorem
1334 2446 1374 2484 J),
1408 2429 1594 2488 quotidie
1610 2430 1804 2485 recitare,

182 2517 275 2547 nani
310 2509 369 2548 est
392 2504 585 2547 damnata
618 2517 735 2560 prop.
771 2503 824 2545 35
849 2503 890 2545 2;
931 2502 1104 2546 «Unico
1137 2502 1272 2545 officio
1305 2503 1546 2558 potestquis
1569 2501 1806 2544 satisfacere

182 2575 336 2632 duplici
370 2579 590 2631 praecepto
625 2587 697 2630 pro
730 2573 796 2616 die
830 2575 1035 2629 praesenti
1069 2577 1109 2616 et
1141 2574 1320 2616 crastino
1343 2587 1382 2615 J).
1415 2571 1502 2614 Non
1536 2572 1655 2614 aliter
1689 2571 1804 2614 intel-

182 2645 346 2702 ligenda
380 2646 452 2688 fuit
476 2647 678 2688 sententia
713 2644 769 2686 Pii
807 2642 834 2684 V
871 2645 908 2685 in
944 2647 1072 2686 const.
1108 2645 1174 2686 cit.
1215 2657 1235 2683 ε(
1258 2642 1316 2685 Ex
1358 2643 1547 2698 proximo
1570 2657 1623 2684 »ε
1664 2656 1684 2682 <t
1709 2643 1803 2684 item

182 2715 262 2770 ille,
296 2717 365 2773 qui
401 2717 545 2771 primis
577 2728 647 2757 sex
684 2712 894 2757 mensibus
927 2714 1108 2756 officium
1142 2725 1221 2755 non
1257 2712 1423 2766 dixerit,
1464 2713 1538 2754 nisi
1575 2712 1802 2767 legitimum
1845 2732 1873 2742 ω

301 2823 310 2843 ¹
338 2821 429 2855 Dec.
461 2821 498 2855 S.
525 2818 652 2855 Officii
678 2820 700 2852 2
724 2819 860 2853 Martii
897 2819 1000 2854 1679.
1036 2818 1287 2863 Denzinger:
1323 2816 1599 2861 Enchiridion,
1628 2828 1667 2850 n.
1699 2816 1801 2850 1204.

183 2890 225 2894 —
252 2869 265 2890 '2
291 2868 382 2902 Dec.
406 2868 442 2902 S.
463 2867 601 2907 Officii,
623 2867 667 2901 18
684 2866 800 2900 Mart.
826 2865 925 2900 1666.
946 2866 1199 2910 Denzinger:
1227 2877 1265 2899 n.
1294 2865 1395 2899 1135.
