1965 3240
241 109 323 143 ΤιΤ.
351 107 502 143 XXIH.
529 128 541 133 —
569 109 624 142 De
647 110 809 153 praecia
835 118 1000 142 censura
1028 109 1220 141 librorum
1247 119 1456 152 eorumque
1477 109 1628 152 prohib.
1679 107 1748 142 369

120 242 211 274 ean.
250 227 514 281 moa-1404,
537 227 598 271 vel
634 240 655 271 a
691 229 858 283 proprio
892 223 1116 270 Ordinario
1150 229 1261 270 circa
1306 227 1431 271 libros
1466 241 1537 283 per
1570 227 1747 271 eundem

123 298 365 357 prohibitos,
384 297 502 341 nullo
535 297 656 341 modo
690 299 812 341 etiam
848 295 1143 340 declarationis
1170 299 1279 340 eirca
1316 299 1376 340 ins
1411 297 1527 351 illud,
1550 297 1642 355 quis
1676 300 1749 341 etsi

120 371 268 414 doctus
300 381 348 413 ac
389 370 478 425 pius
517 368 722 410 mmmm·
746 382 769 410 a
809 366 1016 410 servanda
1059 366 1345 424 proltibiliom’
1369 367 1476 410 iuris
1520 367 1749 414 riaturalis,

119 454 227 499 quae
259 440 351 484 talis
383 443 466 483 est:
503 438 668 494 [essendi
702 438 830 482 libros
864 438 913 481 ad
950 451 1137 480 normam
1172 451 1262 481 ean.
1302 439 1425 493 1:384,
1450 444 1473 488 ᾗ
1504 439 1542 492 Q,
1566 439 1637 496 qni
1672 439 1752 496 ipsi

117 511 357 570 proximum
383 509 612 568 spirituale
634 524 706 553 seu
731 512 893 553 animae
924 508 1159 566 perieulmn
1188 522 1357 565 nempe:
1395 510 1632 552 incurrendi
1660 524 1751 566 pec-

118 587 259 626 catum
290 585 514 639 praestant
549 582 732 623 fortassis
755 579 807 623 ob
840 582 928 623 eius
961 578 1145 622 actuales
1178 581 1525 634 circumstantias,
1555 594 1588 622 r.
1615 595 1673 635 gr.
1701 580 1752 624 ob

122 653 222 696 illud
258 652 366 709 quod
402 651 519 695 daret
552 651 810 694 scandalum.

239 722 549 779 Obligationem
585 722 793 779 quandam
832 721 1047 778 pastoralis
1080 721 1203 765 oflicii
1241 726 1497 765 memoratur
1538 724 1562 774 ξ
1594 728 1635 766 3.
1676 722 1750 764 Or-

118 793 286 838 dimtri't'
319 793 502 837 locorum
539 792 646 850 (can.
676 793 772 848 198,
794 794 821 851 ‘S'
845 792 887 849 Q)
913 792 1073 850 aliique
1104 806 1248 835 curam
1282 793 1523 835 [intimarum
1558 792 1753 835 habentes

126 879 162 907 v.
197 878 258 921 gr.
295 863 478 921 parochi,
513 865 768 918 confessarii,
802 877 849 907 ac
881 866 914 906 si
947 876 1067 907 casus
1109 864 1226 917 ferat,
1260 864 1504 920 Superiores
1543 863 1754 920 religionis

119 934 327 979 clericalis
359 939 592 991 exemptae,
627 941 860 992 opportune
904 936 1016 978 iuxta
1066 934 1329 991 prudentiam
1373 940 1568 977 moneant
1612 933 1753 991 fideles

121 1005 199 1050 sibi
232 1005 419 1050 subditos
452 1004 502 1048 de
532 1005 721 1063 periculo
762 1007 953 1062 propriae
989 1007 1097 1048 vitae
1130 1005 1357 1061 spiritualis
1390 1011 1428 1048 el
1471 1005 1623 1049 (lanino
1658 1005 1751 1049 tidei

122 1090 170 1121 ac
206 1090 367 1120 morum
413 1076 755 1133 provenientibus
798 1078 836 1118 in
882 1089 1035 1133 genere
1069 1075 1120 1119 ob
1155 1090 1273 1119 usum
1323 1076 1516 1120 lectionis·
1551 1076 1751 1120 librorum

123 1148 265 1206 (sensu
284 1160 373 1192 can.
400 1147 523 1202 1384,
558 1150 582 1197 ξ
608 1147 648 1203 ἓ)
681 1143 909 1205 praeormn
944 1147 1240 1204 quorumlibet,
1269 1147 1526 1206 praes-erlem
1566 1147 1752 1206 prohibi-

111 1207 261 1262 torum
296 1222 384 1262 iure
417 1219 713 1275 ecclesiastico,
738 1231 785 1261 ae
818 1217 1069 1274 specialibus
1102 1219 1293 1263 decretis.
1319 1245 1376 1250 —
1398 1220 1504 1274 Quia
1540 1219 1638 1262 illud
1676 1220 1751 1262 fre·

120 1293 316 1349 quentius
349 1304 397 1333 ac
430 1289 590 1333 facilins
625 1291 813 1346 provenit
849 1303 898 1332 ex
932 1289 1087 1345 diariis,
1123 1290 1228 1333 soliis
1251 1303 1298 1334 ae
1334 1290 1482 1334 libellis
1519 1290 1754 1346 periodicis,

122 1364 247 1406 circa·
278 1361 379 1405 baec
414 1360 620 1404 cavebant
654 1359 774 1404 Dee.a
805 1365 967 1416 gener.a
1011 1362 1049 1403 in
1095 1374 1132 1404 n.
1171 1361 1246 1404 at:
1297 1377 1316 1402 «
1342 1360 1494 1405 Curent
1529 1359 1754 1405 Ordinarii.

128 1432 195 1476 ubi
230 1446 332 1489 opus
365 1434 429 1486 sit,
464 1432 514 1475 de
547 1431 785 1475 huiusmodi
821 1431 1008 1475 lectionis
1043 1432 1227 1488 periente
1261 1437 1298 1475 et
1334 1432 1485 1475 damno
1520 1432 1662 1476 fideles
1686 1446 1756 1489 op-

127 1508 300 1560 portune
336 1517 503 1546 monere
526 1520 565 1546 ».
1450 1502 1457 1508 '

244 1574 341 1618 995.
364 1577 581 1620 Examen
602 1577 893 1621 omissorum
916 1576 1234 1621 Decretorum
1254 1574 1710 1632 generalium.Nun1.
1732 1575 1750 1618 1

120 1649 184 1688 est
215 1647 427 1702 sequentis
471 1648 646 1689 tenoris:
687 1645 841 1689 «Libri
876 1659 1033 1701 omnes,
1067 1659 1171 1703 quos
1204 1651 1297 1689 ante
1331 1659 1483 1689 annum
1527 1646 1654 1699 1600,
1687 1651 1755 1690 aut

124 1716 282 1759 Summi
319 1715 551 1770 l'ontitices,
586 1720 655 1759 aut
688 1714 869 1760 Concilia
905 1719 1174 1760 ‹rieeumeniea
1223 1717 1486 1771 damnarunt7
1522 1721 1559 1760 et
1603 1719 1670 1774 qni
1717 1719 1754 1760 in

121 1786 241 1830 Novo
265 1786 405 1830 lndiee
430 1800 508 1830 non
534 1792 817 1841 recensentur,
843 1788 987 1830 eodem
1021 1788 1141 1830 modo
1166 1787 1350 1831 damnati
1385 1787 1630 1842 habeantur,
1652 1791 1756 1832 sicut

122 1857 221 1901 olim
256 1857 440 1901 damnati
476 1858 664 1901 suerunt:
701 1860 749 1901 iis
781 1861 979 1915 exceptis,
1005 1861 1073 1915 qui
1111 1872 1182 1914 per
1216 1858 1317 1902 baec
1343 1857 1515 1902 Decreta
1539 1857 1756 1902 Generalia

126 1930 478 1985 permittuntur».
513 1928 666 1972 Norma
701 1928 802 1973 haec
840 1931 951 1985 viget
986 1934 1074 1985 post
1107 1928 1316 1980 Codicem,
1344 1934 1481 1985 utpote
1510 1942 1656 1987 «quae
1689 1933 1759 1973 in]-

126 1999 264 2055 plicite
290 2001 327 2042 in
351 2013 441 2043 can.
473 1999 580 2042 1396
604 2002 923 2053 contineatur»,
948 2013 1042 2043 eum
1068 2006 1157 2043 aeta
1182 1999 1354 2044 Concilii
1389 2003 1646 2045 oecumenici
1673 2003 1755 2044 vim

123 2069 303 2113 habeant
326 2083 374 2113 ex
395 2071 710 2114 confirmatione
731 2071 903 2114 Romani
925 2071 1134 2115 Pontiticis
1154 2074 1192 2114 in
1218 2074 1347 2114 torma
1367 2073 1575 2128 specitica.
1601 2071 1756 2128 Excep-

126 2142 258 2183 tiones
275 2140 480 2184 adductae
503 2141 653 2192 valent,
673 2146 876 2199 (pratentis
900 2141 1022 2185 huius
1040 2141 1162 2185 Tituli
1183 2142 1411 2185 canonibus
1431 2155 1509 2185 non
1530 2145 1755 2199 oppositae.

245 2210 366 2254 Num.
403 2212 470 2254 34.
510 2228 531 2252 «
559 2211 709 2255 Vicarii
753 2218 792 2255 et
837 2215 1086 2257 Missionarii
1120 2212 1346 2270 Apostolici
1390 2212 1565 2257 Decreta
1607 2216 1757 2257 Sacrae

125 2281 469 2338 Congregationis
525 2283 819 2339 Propagandae
869 2283 979 2327 Fidei
1031 2287 1289 2341 praepositae
1322 2284 1373 2327 de
1423 2283 1538 2328 libris
1587 2284 1758 2328 edendis

128 2352 306 2396 fideliter
348 2357 579 2396 servent».
614 2352 728 2398 Haec
770 2353 944 2398 Decreta
989 2354 1295 2398 constituebant
1338 2354 1590 2411 peculiarem
1636 2355 1756 2398 disci-

131 2422 282 2479 plinam
318 2423 501 2467 locorum
527 2423 769 2467 Missionum
794 2427 904 2468 eirca
928 2426 1130 2483 quosdam
1167 2425 1302 2469 libros.
1331 2426 1434 2469 Cum
1464 2439 1559 2468 vero
1594 2425 1755 2468 illorum

128 2493 417 2550 dispositiones
449 2497 740 2539 contineantur
774 2498 811 2539 iu
846 2499 975 2540 saeris
998 2496 1228 2540 canonibus
1260 2496 1493 2551 declaratis,
1521 2496 1757 2553 ibidemque

127 2561 340 2608 Ordinarii
390 2565 574 2609 locorum
622 2580 788 2623 semper
825 2567 1097 2624 designantur
1134 2584 1155 2607 α
1179 2581 1260 2624 quo
1294 2569 1460 2610 nomine
1495 2569 1532 2609 in
1570 2569 1656 2609 iurc
1702 2569 1756 2609 in-

129 2634 415 2691 telliguntur...
453 2635 640 2680 Viearius
672 2641 711 2680 et
747 2637 983 2681 Praefectus
1018 2637 1280 2694 Apostolicus
1304 2656 1324 2677 »
1362 2641 1466 2689 (can.
1506 2637 1630 2693 198);
1667 2638 1759 2680 inde

126 2706 179 2749 ad
214 2705 304 2748 illos
336 2705 582 2750 deseruntur
616 2707 816 2764 implicite
852 2708 1067 2752 facultates
1102 2711 1215 2765 prius
1251 2714 1487 2751 reserxatae
1525 2710 1561 2751 S.
1598 2707 1760 2763 (longiai

128 2776 180 2820 de
213 2776 332 2832 Prop.
368 2776 479 2821 Fide.
512 2803 568 2809 —
605 2777 714 2835 Ergo
751 2778 917 2822 videtur
949 2779 1060 2836 qnod
1094 2792 1140 2822 ea
1177 2778 1350 2822 Decreta
1386 2791 1463 2835 qua
1500 2778 1593 2821 talia
1633 2797 1653 2817 α
1681 2781 1760 2820 rim

127 2860 296 2890 omnem
329 2849 518 2891 amisisse
551 2848 728 2892 dicenda
761 2854 855 2892 sunt
878 2866 899 2889 »
938 2852 1043 2905 (ean.
1079 2851 1116 2897 (ἰ,
1154 2849 1230 2905 (5⁰).

213 2935 311 2964 BLAT
333 2951 352 2958 -
378 2936 501 2965 C'omm.
530 2937 607 2965 Tem!
632 2937 705 2965 Cod.
731 2937 805 2966 Iar.
831 2938 910 2966 Ca».
1643 2939 1679 2964 21
