1965 3240
141 134 214 168 266
404 133 489 168 Lm.
516 133 586 167 III.
613 153 626 158 -
655 133 766 167 PARS
792 133 859 167 IV.
889 152 901 158 -
927 133 985 167 De
1010 135 1236 178 mayisterio
1260 133 1514 167 ecclesiastico

145 257 400 309 compertam
433 257 546 296 certo
582 251 745 302 lrabeat,
779 251 994 314 licentiam
1026 251 1077 295 de
1109 264 1188 309 qua
1223 263 1346 308 supra
1380 265 1431 294 ne
1453 251 1664 307 concedat,
1688 253 1773 297 m'si

141 322 265 381 prius
309 322 457 365 bonum
503 322 786 366 testimonium
828 335 954 380 super
997 321 1306 366 concionatoris
1350 321 1558 375 doctrina,
1600 323 1773 380 pietate,

145 392 329 436 moribus
367 408 388 433 «
411 397 450 436 et
484 393 751 436 idoneitate»
790 407 814 435 a
846 393 1025 450 proprio
1064 391 1249 435 eiusdem
1292 391 1525 436 Ordinarv'o
1560 392 1766 445 habuerit,

145 477 315 520 nempe:
351 463 552 507 dioecesis
584 465 649 507 cui
684 463 917 519 adscriptus
950 465 1015 518 sit,
1048 466 1080 506 si
1114 465 1252 520 agitur
1285 463 1336 506 de
1369 463 1521 507 clerico
1555 464 1772 520 saeculari,

147 534 210 577 vel
245 536 283 576 in
317 546 398 592 qua
431 537 507 577 sita
541 538 601 577 est
635 534 796 588 domus,
830 536 862 577 si
896 548 1033 577 sermo
1065 536 1116 577 sit
1149 534 1200 577 de
1234 533 1426 589 religioso
1461 547 1539 577 nou
1565 540 1770 592 exempto,

143 617 167 648 a
200 606 421 661 Superiore
453 608 591 648 autem
626 607 795 658 maiore,
831 607 862 647 si
897 607 1164 648 concionator
1211 606 1262 647 sit
1312 606 1520 660 professus
1564 605 1774 662 religionis

145 675 349 719 clericalis
382 680 614 732 exemptae,
647 675 717 718 sed
754 675 915 731 plenius
948 675 1173 732 loquuntur
1205 688 1374 719 normae
1418 676 1474 728 (n.
1512 676 1607 733 10):
1649 694 1668 716 «
1693 678 1768 720 nisi

145 748 258 802 prius
292 748 570 802 respectivum
622 743 893 790 Ordinarium
938 750 977 788 et
1019 745 1282 802 Superiorem
1334 745 1689 802 interpellaverint
1727 759 1774 790 ac

143 819 455 873 responsionem
488 815 758 860 favorabIlem
794 815 1076 860 habuerint».
1113 841 1164 847 —
1199 815 1375 859 Demum
1410 828 1583 872 gravem
1617 816 1773 873 obliga-

143 890 297 931 tionem
331 887 394 930 his
426 889 550 930 etiam
599 900 730 930 canon
776 889 966 943 iniungit,
1000 887 1142 930 dicens
1188 886 1370 943 (Normis
1410 901 1448 929 n.
1484 886 1570 944 11):
1610 903 1630 928 ((
1655 885 1775 932 Ordi-

145 960 286 1001 narius
318 962 357 1001 et
388 958 586 1014 Superior
619 957 822 1014 regularis
860 957 951 1014 (seu
987 957 1204 1013 religiosus
1237 957 1488 1015 exemptus),
1523 958 1594 1015 qui
1625 958 1676 1002 ab
1695 958 1774 1002 alio

143 1025 368 1072 Ordinario
402 1028 454 1070 de
498 1027 861 1071 informationibus
909 1029 1151 1083 interrogati
1202 1028 1353 1071 fuerint
1402 1030 1512 1071 circa
1564 1030 1773 1084 pietatem,

145 1100 359 1142 scientiam
410 1103 533 1155 atque
583 1098 849 1141 idoneitatem
883 1098 933 1141 ad
974 1098 1300 1154 praedicandum
1350 1100 1581 1154 cuiuspiam
1630 1112 1772 1144 eorum

144 1170 314 1224 subditi,
347 1173 540 1217 tenentur
587 1168 664 1212 sub
712 1171 831 1225 gravi
881 1181 949 1212 eas
999 1182 1071 1225 pro
1125 1171 1297 1212 veritate
1337 1169 1515 1224 tradere,
1546 1170 1774 1213 secundum

145 1242 361 1283 scientiam
386 1244 425 1283 et
448 1242 744 1283 conscientiam
770 1245 889 1296 prout
913 1242 951 1282 in
976 1252 1133 1283 canone
1159 1239 1456 1295 praescribitur
1479 1256 1499 1282 ))
1527 1241 1590 1284 bis
1617 1240 1774 1284 verbis:

143 1310 334 1367 praviter
376 1315 556 1353 onerata
600 1310 871 1365 conscientia,
909 1309 1136 1352 secundum
1173 1309 1391 1352 veritatem
1425 1310 1681 1368 respondere
1719 1316 1774 1354 te-

146 1386 282 1425 netur.
317 1379 434 1433 Quae
467 1380 651 1424 clausula
685 1383 879 1437 supponit
911 1381 1020 1438 quod
1063 1381 1309 1437 interpellati
1346 1382 1511 1435 fuerint,
1546 1384 1659 1425 iuxta
1683 1395 1775 1425 nor-

149 1465 256 1495 mam
293 1454 405 1508 prius
440 1452 625 1496 relatam.

261 1522 289 1581 ξ
321 1525 364 1565 2.
404 1522 600 1579 (Normae
634 1537 670 1566 n.
706 1524 759 1579 7).
791 1539 811 1564 ((
832 1523 1053 1566 Postulatio
1077 1523 1127 1566 ad
1147 1522 1417 1566 obtinendum
1442 1526 1775 1568 concionatorem

146 1593 329 1650 aliquem
364 1594 550 1637 facienda
574 1598 634 1637 est
658 1599 844 1651 tempore
867 1594 955 1637 utili
981 1598 1019 1637 et
1043 1598 1288 1650 opportuno⁷
1325 1599 1366 1637 ut
1399 1591 1647 1638 Ordinarius
1664 1609 1775 1639 com-

149 1664 270 1707 mode
303 1669 427 1721 queat
461 1665 771 1708 informationes
803 1667 1060 1708 necessarias
1083 1665 1133 1707 de
1157 1665 1343 1707 eiusdem
1370 1678 1541 1720 persona
1565 1665 1718 1709 habere
1736 1682 1774 1708 )).

148 1734 235 1777 Hoc
269 1739 352 1778 est:
388 1733 622 1777 Licentium
656 1735 706 1778 de
740 1747 820 1792 qua
854 1737 892 1777 in
917 1736 960 1789 ἕο
987 1736 1031 1777 1²²
1056 1734 1293 1787 tempestive
1313 1740 1467 1791 petere,
1497 1751 1517 1776 «
1536 1735 1613 1779 hoc
1637 1741 1774 1780 autem

145 1810 320 1861 tempus,
357 1807 586 1861 generatim
621 1805 841 1863 loquendo,
876 1805 985 1849 haud
1020 1808 1098 1848 erit
1130 1806 1300 1848 inferius
1344 1805 1506 1849 duobus
1550 1806 1774 1861 mensibus,

145 1879 202 1919 uti
236 1878 315 1919 iam
350 1879 491 1919 statuit
523 1877 562 1920 S.
598 1879 641 1921 C.
676 1875 846 1920 Concilii
880 1879 919 1919 in
953 1875 1146 1919 'l'beanen
1182 1876 1218 1929 ²3
1253 1876 1369 1919 salva
1393 1882 1530 1920 tamen
1557 1877 1774 1934 Episcopis

146 1946 337 1990 facultate
370 1952 532 2003 tempus
565 1946 675 1990 aliud
709 1947 916 1990 statuendi
950 1949 1074 1990 etiam
1111 1946 1279 1990 brevius
1312 1961 1384 2003 pro
1419 1961 1571 2003 genere
1605 1953 1645 1991 et
1676 1961 1776 2006 qua-

147 2017 259 2060 litate
294 2019 613 2073 praedicationis
656 2022 695 2060 et
729 2031 801 2074 pro
849 2017 1048 2075 qualitate
1099 2019 1463 2061 concionatoris».
1516 2018 1774 2062 Praedictam

152 2087 405 2131 «licentiam
441 2093 622 2144 petere»
662 2087 803 2131 debet:
836 2089 877 2145 a)
904 2086 1121 2146 parochus
1154 2088 1203 2131 ad
1239 2100 1429 2131 normam
1474 2101 1562 2132 can.
1605 2089 1704 2144 451,
1738 2088 1776 2131 si

144 2163 303 2215 [φαίην
336 2157 387 2201 (le
413 2158 654 2216 paroeciali
687 2158 862 2201 ecelesia
899 2158 1037 2201 al‘e'swe
1076 2157 1209 2201 eidem
1253 2158 1437 2201 subiecta
1476 2164 1519 2202 ut
1552 2159 1775 2216 plurimum

147 2230 251 2271 intra
286 2231 501 2285 paroeciae
533 2231 809 2279 territorium3
847 2228 888 2286 b)
929 2245 949 2270 (ς
973 2234 1011 2272 et
1044 2231 1076 2272 si
1110 2233 1257 2285 agatur
1280 2229 1330 2272 de
1356 2229 1539 2285 parocho
1573 2229 1775 2273 ecclesiae

146 2302 371 2355 spectantis
404 2299 453 2342 ad
489 2299 724 2355 Capitulum
776 2300 840 2342 vel
874 2300 924 2343 ad
959 2297 1162 2344 Ordinem
1213 2299 1468 2355 religiosum,
1520 2300 1630 2343 idem
1665 2312 1778 2356 paro-

148 2369 249 2412 chus
283 2384 355 2426 pro
387 2370 656 2413 concionibus
689 2383 795 2428 quae
828 2370 879 2414 ab
914 2373 1000 2427 ipso
1035 2370 1228 2427 pendent,
1281 2369 1442 2413 secluso
1490 2369 1666 2427 Capituli
1712 2370 1778 2413 vel

148 2439 360 2495 religionis
393 2442 630 2482 interventu
658 2459 693 2495 ›>‚
726 2440 933 2496 (Normae‚
969 2454 1006 2485 n.
1043 2440 1101 2497 ὅ),
1134 2439 1174 2491 c)
1208 2444 1346 2482 rector
1370 2439 1584 2495 eeclesiae,
1607 2454 1778 2497 nempe:

154 2523 174 2549 (c
203 2511 271 2566 qui
306 2521 446 2552 sacras
481 2508 631 2553 ibidem
669 2512 901 2554 functiones
934 2511 985 2554 de
1020 2513 1108 2552 iure
1142 2511 1365 2566 peragit»,
1400 2509 1438 2552 si
1469 2515 1617 2567 agatur
1649 2509 1699 2553 (Ie
1721 2524 1781 2552 ec-

147 2578 281 2621 etesia
311 2578 491 2636 parochi
523 2580 774 2623 ccecctoritali
815 2594 897 2624 non
941 2580 1136 2634 obrzooeia,
1173 2595 1192 2620 (ι
1219 2593 1292 2635 pro
1329 2580 1521 2624 omnibus
1557 2583 1680 2624 etiam
1714 2594 1779 2624 ec·

148 2648 287 2691 clesiis
320 2652 656 2706 corporationum
707 2651 926 2694 moralium
978 2664 1056 2694 non
1101 2649 1377 2704 clericalium,
1424 2656 1494 2694 aut
1533 2651 1778 2708 religionum

151 2718 378 2774 laicalium,
414 2720 670 2773 monialium,
714 2724 1018 2778 privatorum»
1067 2720 1160 2778 (loc.
1206 2720 1321 2776 cit.);
1362 2720 1405 2778 d)
1445 2721 1682 2778 «Superior
1717 2734 1779 2764 re-

269 2872 280 2893 1
313 2871 357 2906 19
383 2872 536 2916 Aprilis
564 2873 654 2908 17:28
680 2878 719 2907 et
745 2874 790 2908 30
816 2874 910 2918 Apr.
941 2875 1044 2909 1729.
