1965 3240
193 151 258 185 148
779 151 862 186 LIB.
890 152 960 187 III.
989 172 999 178 -
1027 153 1083 187 De
1113 153 1224 187 rebus

189 280 376 316 peccare».
408 268 505 304 Nota.
535 268 609 305 Huc
635 269 782 305 refertur
810 269 886 306 Dec.
914 269 973 314 (X)
1002 269 1061 316 Ep.
1080 270 1277 313 Quebecen.
1307 270 1351 305 23
1381 269 1459 306 Feb.
1483 269 1586 306 1820.
1605 270 1646 305 2:
1671 271 1713 306 de
1732 271 1819 306 iur.O

187 340 265 364 cum
294 332 388 363 tactu
414 333 447 364 et
472 328 590 363 osculo
618 328 748 364 Bibliae
776 328 958 364 hareticae.

309 386 378 421 Vic.
406 387 471 432 Ap.
501 386 709 422 Columben.
740 385 869 434 Ceylan
887 388 910 421 1.

309 460 323 478 α
344 446 375 479 ’2.
406 445 599 481 Possuntne
625 445 785 481 catholici
815 446 980 481 interesse
1007 445 1128 491 quovis
1156 446 1257 481 modo
1284 446 1417 492 nuptiis
1443 446 1710 492 haereticorum,
1730 447 1817 482 sehi-

185 505 411 540 smaticorum
438 509 471 539 et
498 504 708 547 infidelium,
738 505 789 540 vel
816 505 921 540 etiam
951 504 992 538 iis
1018 505 1151 550 nuptiis
1178 516 1266 551 quae
1293 505 1412 541 illicite
1437 506 1692 541 contrahuntur
1727 506 1817 542 inter

185 564 391 599 catholicam
420 568 566 609 partem,
593 568 625 599 et
651 564 797 599 alteram
824 575 863 599 ex
891 564 992 598 sectis
1011 563 1220 609 supradietis
1236 564 1425 605 addictam,
1446 565 1517 600 sive
1535 565 1678 611 nuptiae
1704 565 1816 601 valide

183 623 347 666 evadant,
376 626 436 657 aut
462 622 534 657 sint
560 622 763 658 invalidae?
783 622 893 657 —Ad
919 622 940 656 ἱ)
967 622 1008 656 de
1034 622 1163 666 regula,
1192 622 1371 667 negative3
1408 623 1544 658 tolerari
1572 628 1689 659 tamen
1717 635 1815 670 posse

184 685 221 716 ut
248 681 407 717 catholici
435 681 633 716 huiusmodi
663 681 806 727 nuptiis5
834 681 945 715 civilis
972 681 1071 715 officii
1100 692 1202 716 causa
1230 686 1378 723 tantum,
1405 681 1533 721 adsint,
1561 687 1691 718 semoto
1716 693 1814 718 scan-

182 741 271 783 dalo,
286 746 319 776 et
338 741 459 787 quovis
479 741 710 787 perversionis
731 740 881 787 periculo
901 751 1037 775 necnon
1058 741 1311 777 ecclesiasticae
1329 741 1545 777 auctoritatis
1563 746 1762 788 contemptu
1780 756 1810 778 ».

302 800 486 835 lnstructio
513 798 532 834 8
561 800 636 835 lun.
668 799 756 834 1859
782 798 903 844 (xlv).
1740 790 1743 794 ⁴

356 873 370 892 «
392 858 457 895 Sed
485 859 656 905 quaedam
686 860 812 904 (nunc)
838 862 1081 904 proponuntur
1107 869 1195 904 quae
1220 869 1260 894 ex
1287 869 1336 900 se,
1365 863 1466 904 prout
1493 858 1608 894 ieiune
1644 870 1684 894 ac
1722 859 1814 895 nude

183 918 405 960 exhibentur,
435 918 787 953 communicationem
818 917 851 951 in
880 917 988 952 sacris
1015 917 1106 952 haud
1146 917 1318 963 praeferre
1357 917 1569 953 videntur....
1613 917 1742 953 Patrini
1770 918 1814 953 si-

184 977 326 1023 quidem
353 977 519 1012 dicuntur
545 977 567 1011 ii
596 977 653 1022 qui
682 976 900 1011 solummodo
925 976 1124 1022 desponsati
1154 976 1250 1012 lateri
1277 976 1430 1018 adstant,
1466 976 1555 1011 nihil
1587 982 1729 1022 agentes
1753 982 1813 1012 aut

183 1037 339 1072 dicentes
366 1036 457 1082 quod
485 1036 610 1072 vetitae
638 1035 915 1082 participationis
941 1035 1080 1080 signum
1109 1035 1236 1071 referre
1267 1035 1451 1076 indicetur,
1488 1040 1521 1071 et
1558 1036 1607 1071 ita
1632 1035 1658 1070 si
1682 1036 1722 1070 in
1750 1035 1816 1072 ista

182 1095 355 1131 materiali
383 1094 580 1141 praesentia
606 1094 744 1129 nullum
773 1093 1087 1140 pertimescendum
1116 1094 1160 1128 sit
1185 1094 1404 1137 scandalum,
1431 1105 1500 1129 non
1519 1094 1584 1130 erit
1602 1105 1663 1130 eur
1685 1105 1814 1141 anceps

182 1154 325 1190 fluctuet
352 1153 564 1189 missionarii
592 1154 733 1189 animus
751 1167 784 1186 ».

301 1212 464 1258 Archiep.
494 1212 688 1247 Antibaren
703 1213 728 1247 2.

305 1285 320 1303 <z
340 1272 395 1306 Αη
434 1270 605 1306 toleranda
640 1271 684 1306 sit
715 1271 833 1316 praoeis
869 1283 966 1318 quam
1000 1271 1117 1306 habent
1150 1271 1287 1318 parochi
1320 1271 1474 1307 catholici
1505 1271 1608 1307 castri
1649 1270 1812 1307 Lastruae

182 1329 218 1365 S.
245 1329 370 1365 Missae
402 1329 612 1365 sacrificium
648 1330 844 1365 celebrandi
880 1330 914 1364 in
948 1330 1102 1366 ecclesiis
1135 1330 1327 1371 catholicis,
1363 1342 1384 1365 a
1414 1331 1547 1375 graecis
1581 1329 1812 1368 schismaticis
1877 1348 1884 1354 ·

183 1389 359 1435 usurpatis
384 1393 490 1434 atque
515 1389 559 1423 ab
586 1388 708 1424 iisdem
736 1389 906 1434 officiatis,
936 1400 995 1425 seu
1022 1389 1127 1425 etiam
1155 1389 1191 1423 in
1218 1389 1287 1424 illis
1307 1400 1396 1435 quae
1414 1400 1499 1435 pure
1516 1389 1559 1424 ad
1587 1388 1678 1435 ipsos
1703 1389 1810 1423 schis-

182 1448 326 1484 maticos
353 1448 538 1494 pertinent.
880 1491 882 1494 Ι

300 1507 338 1542 R.
369 1506 494 1542 Haberi
525 1518 582 1553 pro
609 1506 726 1551 regula
754 1506 915 1542 universe
951 1511 1093 1553 accepta
1129 1511 1162 1542 et
1199 1511 1347 1551 servata,
1388 1518 1457 1542 non
1497 1506 1599 1542 licere
1632 1506 1811 1542 catholicis

180 1565 441 1601 communicare
467 1565 503 1600 in
530 1565 660 1600 divinis
686 1576 765 1600 cum
794 1565 976 1600 haereticis
1011 1570 1044 1601 et
1082 1565 1334 1609 schismaticis;
1370 1576 1490 1601 verum
1525 1566 1562 1600 in
1600 1565 1808 1611 quibusdam

180 1624 318 1660 casibus
347 1624 615 1670 particularibus
642 1624 761 1669 regula
789 1625 872 1659 haee
898 1624 1034 1670 aliquas
1062 1624 1191 1670 patitur
1216 1625 1448 1670 exceptiones,
1477 1636 1603 1671 nempe
1629 1624 1657 1659 si
1688 1624 1724 1659 in
1755 1635 1810 1660 ea-

180 1683 259 1719 dem
286 1682 431 1719 ecclesia
457 1682 630 1718 habentur
655 1682 831 1728 cappellae
857 1687 890 1717 et
915 1682 1039 1718 altaria
1066 1687 1237 1728 separata,
1267 1693 1414 1727 quarum
1445 1682 1564 1729 aliqua
1595 1686 1731 1717 tantum
1758 1693 1810 1717 ca-

179 1742 331 1786 tholicis,
359 1742 428 1777 alia
454 1741 686 1776 schismaticis
713 1741 926 1781 inserviant3
956 1741 982 1775 si
1010 1741 1164 1776 eiusdem
1192 1741 1357 1776 ecclesiae
1385 1746 1498 1787 partes
1516 1741 1587 1776 sint
1616 1745 1808 1787 separatae,

178 1806 211 1837 et
237 1801 274 1835 in
302 1812 372 1836 una
397 1800 573 1836 celebrent
598 1800 709 1835 solum
738 1800 908 1842 catholici,
937 1800 972 1834 in
999 1800 1107 1835 altera
1134 1805 1269 1835 tantum
1298 1800 1532 1836 schismatici:
1573 1805 1648 1835 tum
1683 1799 1808 1845 promi-

178 1871 282 1895 scuus
307 1858 472 1895 ecclesiae
499 1870 581 1893 usus
607 1859 743 1894 tolerari
773 1858 908 1904 poterit.
938 1857 1120 1902 Quatenus
1147 1869 1225 1894 vero
1251 1858 1335 1894 haee
1360 1858 1534 1901 deficiant,
1562 1858 1601 1894 R.
1633 1859 1667 1894 P.
1688 1858 1725 1894 D.
1746 1859 1809 1894 Ar—

178 1918 289 1964 chiep.
316 1917 483 1953 mandare
511 1917 634 1963 poterit
659 1928 741 1952 suae
766 1917 932 1953 dioecesis
960 1917 1118 1963 parochis
1145 1922 1181 1952 ut
1206 1917 1376 1953 altaribus
1411 1917 1630 1964 portatilibus
1667 1921 1809 1953 utantur

179 1977 273 2012 iuxta
300 1977 482 2012 facultates
508 1976 578 2010 illis
605 1976 640 2010 in
670 1976 818 2011 formula
845 1976 1087 2022 impertitas...‚
1110 1990 1141 2012 »-

295 2035 367 2071 Hoc
393 2036 508 2082 ipsum
535 2035 761 2070 asserendum
787 2036 829 2070 de
855 2035 1022 2081 cappellis
1048 2035 1297 2071 haeretieorum
1316 2035 1450 2071 eruitur
1466 2046 1507 2071 ex
1524 2035 1592 2071 alio
1613 2035 1711 2071 Dee.O
1733 2035 1804 2071 vic.

178 2095 242 2139 Ap.
268 2094 438 2130 Malacen.
465 2092 485 2128 ὃ
513 2093 587 2129 lun.
622 2092 709 2128 1889
738 2093 857 2137 (xxi).

297 2151 344 2187 De
369 2151 545 2198 funeribus
569 2151 806 2187 haereticorum
836 2160 865 2188 et
890 2153 1188 2188 schismaticorum.

298 2211 461 2257 Archiep.
491 2209 620 2257 Smyrn
635 2211 660 2245 3.

300 2284 314 2301 a
337 2270 367 2305 1.
399 2269 433 2305 Si
462 2270 529 2316 pue
556 2274 761 2315 permettere
786 2281 806 2305 a
832 2271 980 2305 eattolici
1008 2271 1041 2306 di
1068 2282 1343 2317 accompagnare
1368 2271 1376 2305 i
1407 2271 1553 2306 funerali
1581 2271 1670 2316 degli
1689 2270 1804 2306 eretici

177 2329 254 2364 sino
280 2328 349 2364 alla
375 2333 472 2374 porta
499 2328 589 2363 della
615 2327 774 2363 chiesa‘?
802 2350 845 2353 —
873 2329 912 2364 R.
945 2329 993 2364 Ad
1018 2329 1042 2365 l.
1065 2329 1260 2365 Dummodo
1278 2329 1436 2365 catholici
1457 2330 1664 2365 comitantes
1684 2329 1807 2365 funera

177 2387 429 2423 haeretieorum
455 2392 515 2422 aut
541 2386 842 2422 schismaticorum
870 2399 979 2433 usque
1004 2388 1047 2423 ad
1074 2388 1217 2424 ianuam
1252 2388 1457 2431 coemeterii,
1486 2399 1616 2425 meram
1644 2399 1807 2435 praesen-

176 2447 261 2481 tiam
289 2445 504 2481 materialem
530 2445 728 2486 exhibeant,
755 2445 867 2481 civilis
893 2447 1034 2482 honoris
1060 2451 1164 2483 causa
1188 2458 1269 2492 erga
1299 2447 1494 2489 defunctos,
1528 2458 1593 2483 nee
1618 2458 1653 2483 se
1692 2447 1806 2482 immi-

176 2510 295 2541 sceant
320 2505 445 2540 ritibus
472 2504 736 2547 haereticorum,
764 2515 827 2540 nec
853 2505 1042 2541 luminaria
1067 2506 1238 2549 deserant,
1266 2517 1331 2542 nee
1348 2517 1410 2552 pro
1427 2506 1580 2542 defuncti
1600 2505 1720 2541 anima
1739 2505 1807 2540 suf-

178 2564 287 2609 fragia
315 2563 523 2609 persolvant,
553 2563 690 2599 tolerari
719 2574 867 2609 posse».

294 2621 382 2657 Huic
407 2626 603 2657 consonant
630 2620 731 2667 Resp.
750 2622 793 2656 ad
817 2622 977 2668 Archiep.
997 2622 1183 2670 Corcyren.
1206 2623 1274 2658 An.
1301 2621 1384 2658 1871
1411 2622 1543 2667 (XVlll.
1561 2622 1595 2667 2)
1616 2622 1708 2658 etad
1730 2621 1801 2657 vic.

175 2680 296 2726 Apost.
326 2680 497 2725 Algeriae.
527 2679 567 2714 ⁶21
598 2679 671 2715 lan.
700 2678 781 2714 1751
814 2685 847 2715 et
872 2681 914 2715 ad
945 2679 1158 2716 Vice-Praef.
1184 2681 1278 2716 Miss.
1300 2681 1338 2715 T.
1361 2680 1396 2717 S.
1419 2681 1438 2715 9
1467 2681 1545 2717 Dee.
1569 2679 1657 2715 1745
1684 2680 1754 2725 (ΙΙ).

293 2787 304 2808 1
339 2786 381 2819 14
407 2786 489 2819 Ian.
523 2786 624 2820 1874.
655 2786 746 2820 Dee.
776 2786 924 2820 XVIII.
954 2806 998 2811 -—
1024 2786 1038 2807 ‘2
1067 2788 1083 2819 1
1112 2786 1202 2820 Dec.
1228 2787 1329 2823 1757.
1348 2787 1439 2821 Dec.
1470 2786 1538 2820 IV.
1569 2807 1610 2810 —
1638 2786 1651 2807 3
1678 2784 1698 2818 ’ἶ
1726 2785 1801 2820 Iul.

178 2832 280 2866 1864.
310 2833 399 2867 Dee.
427 2833 530 2867 XVI.
