1965 3240
302 160 385 195 Trr.
411 160 599 194 XXVIII.
623 180 636 185 -
663 159 720 195 De
745 160 855 194 bonis
881 159 1146 194 ecclesiasticis
1171 157 1506 192 administrandis
1654 153 1723 188 529

92 284 154 325 nis
187 279 347 324 tabulas
384 279 446 322 vel
479 279 531 323 de
567 279 810 336 privilegiis,
835 290 941 335 quae
962 276 1198 320 declaratae
1218 278 1566 333 praescriptiones
1588 274 1722 318 eidem

97 367 116 393 <c
136 351 212 395 loci
246 347 471 395 Ordinario
490 366 511 391 »
560 349 731 407 potiora
779 360 903 406 quam
950 346 1036 391 sola
1085 347 1295 391 declarata
1347 346 1575 403 vigilantia,
1624 346 1722 388 iecra

94 422 294 466 tribuant.

209 493 272 536 Ad
307 493 501 535 effectum
539 492 777 548 vigilantiae
810 491 995 535 deservit
1025 490 1053 547 ξ
1084 496 1115 532 2
1147 490 1282 547 quoad
1328 491 1465 533 omnia
1508 488 1613 532 bona
1657 502 1721 532 ec-

89 564 320 608 clesiastica
369 565 406 606 in
440 564 468 621 ξ
506 562 545 606 1ο
579 563 867 607 determinata.
915 560 1068 604 Habita
1114 561 1295 614 mlione,
1329 573 1407 617 qua
1457 560 1552 603 duci
1602 559 1725 604 debet

93 636 265 692 praelati
297 631 510 678 Ordinarii
547 647 674 682 mens,
699 634 737 688 a)
760 632 919 676 icarium
941 632 1205 676 diversarum
1232 644 1518 688 personarum,
1554 630 1596 687 b)
1621 630 1730 687 leqiffi

94 705 294 749 tiniarum
327 704 689 760 consuetudinum,
723 717 830 761 quae
863 716 1012 760 nempe
1051 701 1363 746 «rationabiles
1396 704 1546 745 inerint
1580 707 1616 744 et
1654 715 1726 757 per

91 789 221 820 annos
254 775 530 832 quadraginta
566 777 886 831 praescriptae»
925 773 1034 832 (can.
1070 773 1121 816 27
1155 772 1183 831 ξ
1217 773 1256 827 1,
1295 777 1334 815 et
1369 772 1454 828 028),
1488 777 1526 814 e!
1570 772 1609 828 c)
1644 771 1723 814 eir-

92 846 447 890 cumstanliarmn
479 849 569 889 sire
603 845 695 901 loci,
730 847 943 902 temporis,
975 846 1064 887 sive
1110 856 1380 900 personarum
1425 856 1472 886 ac
1522 843 1725 886 fundatio—

94 931 206 974 num,
245 916 471 961 Ordt'nariz'
505 916 690 960 locorum
726 930 774 959 ex
809 920 1002 959 contextu
1037 915 1089 958 ob
1121 915 1149 973 ξ
1185 915 1248 970 1¹¹³,
1283 914 1354 958 sed
1391 918 1523 970 potest
1554 913 1727 970 intelligi

92 1002 141 1032 ac
174 992 335 1045 oportet
368 987 418 1031 de
441 987 532 1031 aliis
556 1001 721 1045 quoque
740 986 975 1032 Ordinariis
999 985 1216 1042 religiosis,
1241 990 1474 1043 opportune
1495 984 1725 1027 secundum

99 1060 274 1104 Pastoris
307 1060 569 1116 prudentiam
605 1058 732 1101 edilis
767 1058 921 1102 utiliter
951 1056 1240 1116 peculiaribus
1271 1057 1322 1100 ad
1373 1057 1483 1100 illam
1534 1069 1619 1099 rem
1669 1056 1730 1099 in-

93 1129 396 1173 structionibus
430 1132 595 1186 proprie
629 1129 763 1183 dictis,
797 1142 872 1173 nec
895 1129 1176 1172 ordinationes
1199 1140 1246 1171 ac
1272 1131 1490 1184 praecepta
1516 1126 1729 1170 includere

95 1200 276 1244 alienum
310 1205 370 1244 est
403 1200 454 1244 ab
486 1203 558 1254 eis,
595 1200 710 1242 intra
743 1200 844 1256 fines
877 1199 986 1242 iaris
1009 1199 1253 1253 eommunis,
1276 1198 1354 1242 hoc
1381 1197 1576 1241 videlicet
1597 1197 1728 1252 salvo,

95 1271 195 1315 dum
230 1271 323 1315 illae
356 1274 438 1314 sint
471 1273 607 1328 potius
649 1271 772 1314 huius
815 1270 1087 1327 particulares
1135 1271 1433 1326 applicationes
1475 1268 1731 1325 explicantes

97 1341 212 1396 illud,
246 1342 499 1395 nniversam,
531 1356 603 1385 seu
637 1342 774 1399 quoad
808 1355 951 1384 omnes
983 1341 1060 1384 sub
1096 1342 1363 1397 inscriptione
1397 1339 1630 1383 declaratos
1666 1339 1728 1382 vel

98 1415 136 1456 in
171 1413 248 1457 hoc
282 1413 398 1456 titulo
432 1417 647 1456 contentos
680 1417 808 1467 actus,
845 1411 1235 1455 administra!ionis
1259 1410 1458 1454 bonorum
1482 1409 1732 1453 ecclesiasti-

98 1497 240 1527 eorum
288 1486 347 1528 eis
394 1484 677 1528 subiectorum
714 1486 828 1527 iuxta
859 1484 887 1541 ξ
923 1484 937 1526 l
992 1483 1317 1527 declarationem
1366 1481 1579 1539 neqotimn
1621 1481 1732 1524 ordi-

98 1553 284 1597 nandum
317 1560 476 1608 curent,
512 1557 582 1611 qui
616 1554 717 1597 ordo
755 1554 877 1597 valde
919 1554 1267 1597 administrationi
1312 1551 1601 1608 temporalium
1639 1565 1730 1608 pro-

98 1625 203 1668 dest.

217 1695 276 1738 Ex
311 1696 432 1739 dictis
466 1699 577 1752 patet
610 1697 648 1738 in
684 1700 895 1752 posterum
924 1697 1006 1738 vim
1040 1694 1195 1738 habere
1226 1706 1420 1750 responsa
1445 1694 1482 1738 S.
1507 1692 1657 1750 Congr.
1681 1693 1732 1737 de

98 1765 217 1822 Prop.
242 1764 341 1809 Fide
365 1765 602 1809 huiusmodi
625 1767 661 1808 1;
702 1781 721 1806 «
742 1766 780 1808 2.
815 1763 947 1818 Quale
981 1768 1043 1808 ius
1077 1764 1201 1808 habet
1233 1764 1462 1821 Episcopus
1496 1766 1533 1807 in
1566 1764 1670 1808 bona
1694 1768 1734 1807 et

98 1835 148 1880 ad
184 1835 386 1880 bonorum
420 1836 839 1891 administrationem,
873 1849 980 1894 quae
1012 1848 1034 1879 a
1069 1838 1231 1881 novis...
1266 1834 1453 1879 ecclesiis
1476 1839 1570 1878 sunt
1594 1836 1732 1891 acqui-

96 1907 206 1951 sita?
240 1934 294 1942 —
330 1907 368 1950 3.
401 1907 534 1962 Quale
566 1906 855 1951 sacerdotibus
887 1906 1147 1964 simplicibus
1181 1919 1323 1950 curam
1354 1905 1733 1963 Congregationum

101 1976 349 2020 habentibus
381 1977 612 2034 competit?
645 2003 702 2008 ——
735 1978 775 2021 4.
809 1977 871 2021 An
905 1978 1101 2021 sacerdos
1134 1976 1311 2033 simplex
1344 1979 1533 2033 acquirat
1565 1975 1734 2033 aliquod

101 2049 164 2090 ius
198 2049 236 2090 in
270 2047 421 2091 similia
455 2047 561 2092 bona
594 2061 701 2105 quae
734 2050 884 2091 intuitu
917 2047 1128 2092 Ecclesiae
1160 2051 1256 2090 sunt
1278 2047 1387 2102 data,
1412 2046 1596 2104 illudque
1620 2059 1736 2089 exer-

99 2122 193 2161 ceat
226 2117 350 2172 licite,
385 2120 515 2161 invito
549 2118 784 2175 Episcopo?

220 2188 266 2233 R.
300 2189 364 2232 Ad
399 2189 436 2234 2.
470 2188 696 2245 Episcopos
729 2188 884 2233 habere
917 2191 980 2233 ius
1002 2188 1319 2233 administrandi
1346 2187 1450 2231 bona
1474 2188 1525 2232 ab
1549 2188 1736 2232 ecclesiis

100 2261 302 2315 acquisita
337 2261 387 2304 ad
422 2261 597 2303 formam
632 2259 862 2314 Canonum,
895 2265 935 2304 et
967 2263 1081 2304 iuxta
1107 2262 1356 2303 intentiones
1379 2259 1659 2303 fundatorum.
1681 2284 1733 2289 —

104 2328 166 2373 Ad
202 2329 239 2374 3.
275 2329 440 2375 Habere
471 2329 548 2374 sub
581 2330 858 2387 dependentia
892 2331 1098 2388 Episcopi.
1135 2357 1187 2361 -—
1221 2330 1284 2373 Ad
1320 2330 1358 2372 4.
1392 2329 1654 2387 Negative».

222 2400 320 2444 434.
356 2403 604 2447 ordinarii
638 2403 731 2448 loci
765 2404 840 2448 ius
872 2403 1248 2448 administrandi
1281 2403 1475 2457 supponit
1508 2413 1556 2444 ac
1592 2403 1734 2445 mode·

106 2475 219 2514 ratur
251 2485 343 2516 ean.
378 2474 513 2526 1520,
544 2475 651 2516 sicut
683 2474 722 2515 in
757 2474 824 2516 cit.
861 2487 966 2530 resp.
991 2473 1042 2517 ad
1069 2473 1092 2516 2
1116 2475 1316 2516 asserItur
1338 2485 1547 2528 expresse.
1571 2472 1599 2530 ξ
1618 2475 1653 2515 1.
1672 2471 1736 2515 Ad

105 2539 180 2583 hoe
211 2555 360 2585 munus
391 2543 761 2587 administrationis
794 2545 908 2587 iuxta
943 2544 1049 2588 tituli
1083 2545 1410 2600 inscriptionem,
1445 2543 1552 2600 quod
1590 2547 1627 2586 in
1657 2542 1734 2588 Or-

102 2611 263 2655 dinario
296 2613 470 2657 includit
521 2613 776 2670 vigilantiam
825 2619 865 2658 et
897 2615 1216 2668 ordinationem,
1264 2613 1347 2656 rite
1393 2613 1624 2657 obezmdmn
1662 2627 1735 2658 seu

104 2681 418 2738 adimplendum
451 2685 586 2741 quoad
623 2686 711 2727 iura
746 2689 785 2727 et
812 2684 1086 2741 obligationes
1110 2698 1160 2728 ex
1185 2684 1253 2727 illo
1277 2685 1538 2741 profluentia,
1563 2684 1736 2741 quilibet

102 2751 194 2810 (seu
227 2755 351 2796 etiam
385 2753 526 2798 Abbas
561 2753 625 2797 vel
660 2754 871 2799 Praelatus
904 2755 1075 2812 nullius)
1103 2754 1363 2799 Ordinariecs
1392 2755 1468 2798 loci
1495 2755 1735 2812 principalis

220 2904 231 2925 1
259 2902 422 2938 Collect.
453 2903 491 2937 S.
521 2903 666 2949 Congr.
696 2903 742 2938 de
768 2904 812 2938 P.
842 2905 886 2939 P.
913 2906 972 2950 (C.
1003 2906 1068 2950 G.)
1098 2907 1340 2942 Bardstown.
1370 2919 1408 2941 n.
1438 2907 1520 2942 712.

188 2979 284 3008 1⁵1.ss
306 2995 326 3002 -
350 2980 473 3009 Comm.
502 2981 585 3010 Text.
612 2981 687 3012 Ooct.
711 2981 785 3011 Iar.
811 2982 892 3011 Can.
1615 2985 1654 3013 34
