1965 3240
142 119 211 153 306
401 118 484 153 LIB.
511 119 584 154 III.
612 139 625 145 ·
651 120 761 155 PARS
785 120 852 154 IV.
881 141 894 146 -
920 121 977 156 De
1003 125 1226 167 nzayz‘sterio
1251 124 1503 159 ecclesiastico

142 240 167 292 g
202 237 258 294 1),
292 237 441 281 ceteris
470 238 646 294 paribus
677 238 854 291 dotibus,
888 239 1045 283 indicio
1078 239 1278 298 Episcopi
1310 247 1349 283 et
1381 240 1675 299 deputatorum
1700 243 1767 287 Se·

145 307 332 362 tnt'nart'i,
366 321 542 365 quorum
570 310 696 365 igitur
733 324 752 349 ((
777 309 900 353 debet
923 309 1138 353 consilium
1165 315 1303 367 petere
1325 326 1346 352 ))
1384 310 1493 367 (cau.
1516 312 1684 371 1ῧὸθὼἲ
1707 312 1766 370 4),

143 382 382 437 ceteroquin
413 378 721 437 qwaeferantar
752 394 800 423 ex
836 393 924 424 can.
962 383 1229 438 praescripto,
1275 382 1347 439 qai
1378 382 1527 426 laurea
1560 382 1768 427 doctorali

144 451 319 494 relativa
354 450 526 502 (eisdem
561 449 767 494 tribuente
801 451 1036 494 idoneitatis
1079 454 1359 495 testimonium
1399 465 1446 497 ac
1479 454 1653 497 docendi
1688 455 1768 511 ius)

141 522 268 580 potiti
300 521 384 564 sint
418 534 497 564 non
531 521 905 579 qualitercumque,
948 522 1018 565 sed
1054 521 1094 579 a)
1129 522 1172 564 in
1212 521 1492 567 Universt'tate
1532 523 1770 568 stadiorum

144 597 312 649 propter
346 591 435 634 illas
469 596 551 634 tres
584 591 812 646 facultates,
845 591 908 634 vel
939 591 1165 635 Facultate
1196 606 1276 637 una
1317 594 1379 637 vel
1414 594 1542 638 altera
1565 610 1591 637 a
1615 595 1770 638 Sancta

145 662 249 707 Sede
281 661 510 719 recoynitt's
543 662 593 705 ad
627 661 700 706 hos
733 663 887 718 gradus
919 663 1192 706 conterendos
1226 668 1394 720 propter
1432 679 1452 704 ((
1474 677 1547 707 sua
1580 669 1769 708 statutaa

144 734 250 778 Sede
283 732 518 790 Apostolica
553 732 766 788 probata»
805 733 914 789 (cau.
951 733 1077 785 1376,
1109 731 1138 791 ξ
1171 733 1228 791 ⁴2),
1262 739 1350 786 ant,
1383 734 1421 777 si
1453 740 1609 792 ayatnr
1641 735 1690 778 de
1711 749 1772 779 re-

145 804 323 862 liqt‘osis,
368 819 388 845 <c
411 806 480 861 qui
519 808 610 847 vota
649 809 942 860 nuncuparunt
976 806 1014 847 in
1048 804 1187 861 aliqua
1231 805 1475 861 religione»
1529 805 1636 863 (can.
1673 806 1768 861 488,

146 875 224 933 70),
249 875 320 934 qai
342 874 481 918 simile
504 874 555 918 ob
578 874 713 918 studia
736 879 775 918 et
798 877 988 918 examina
1014 879 1179 931 peracta
1205 875 1488 919 testimoniavit
1512 877 1562 919 dc
1585 877 1772 920 doctrina

145 947 282 1005 aliqua
317 952 360 990 ut
392 959 532 1002 supra,
570 959 605 988 v.
626 959 687 1002 gr.
721 945 910 1002 Diploma
946 945 1184 989 Lectoratus
1208 960 1233 989 a
1255 946 1344 989 sais
1378 946 1674 1004 Superioribus
1691 962 1774 991 ma-

146 1017 318 1074 toribus,
352 1019 420 1075 qui
457 1017 785 1060 determinantur
830 1018 868 1059 in
913 1029 1003 1060 can.
1047 1017 1146 1069 488,
1191 1017 1249 1073 80,
1294 1016 1485 1066 habeant,
1519 1018 1662 1062 saltem
1699 1021 1771 1062 im-

147 1090 299 1147 plicite,
332 1090 535 1145 quatenus
568 1086 619 1130 ab
653 1087 732 1130 illis
765 1090 1031 1130 constitutum
1066 1089 1117 1130 sit
1149 1088 1347 1142 studium,
1380 1101 1401 1131 a
1434 1091 1552 1132 cuius
1586 1089 1772 1133 modera-

145 1160 304 1204 toribus
337 1159 435 1202 illud
472 1159 547 1201 suit
580 1158 720 1201 datum
762 1173 782 1199 ((
809 1160 1154 1201 testimonium».

266 1232 322 1274 De
357 1232 441 1286 ipsa
475 1229 663 1273 doctrina
707 1234 829 1272 cavet
871 1229 897 1263 Q
928 1232 970 1272 2.
1009 1228 1307 1287 Philosophiae
1348 1229 1578 1273 rationalis
1612 1233 1649 1274 in
1683 1236 1774 1275 cau.

149 1302 274 1356 1365,
308 1303 332 1355 ἓ
369 1301 387 1342 1
424 1299 660 1343 declaratae
693 1313 742 1342 ae
774 1298 1022 1356 theoloytae,
1043 1304 1084 1343 ut
1109 1302 1146 1342 in
1170 1299 1216 1358 §⁰
1242 1300 1286 1342 2³
1309 1300 1510 1356 explicata
1535 1305 1607 1351 est,
1631 1301 1775 1345 stadia

149 1376 186 1416 in
220 1373 398 1416 (liversis
417 1370 578 1414 illarum
614 1369 812 1427 partibus,
846 1376 884 1413 et
918 1369 1184 1414 alumnorum
1218 1371 1261 1413 tn
1296 1369 1360 1413 his
1391 1370 1631 1429 disciplinis
1653 1373 1774 1416 insti-

150 1444 350 1487 tutionem
384 1444 421 1484 in
456 1441 608 1485 scholis
637 1440 901 1499 professores
924 1455 994 1484 seu
1020 1447 1210 1498 utsupra
1249 1457 1270 1482 ((
1295 1444 1478 1498 magistri
1512 1442 1729 1486 Seminarii
1750 1460 1769 1485 ))

148 1515 256 1572 (can.
293 1514 418 1568 1360,
451 1512 479 1571 ξ
515 1513 556 1569 1)
589 1512 756 1556 omnino
787 1518 1061 1569 pertractent,
1105 1525 1211 1569 quae
1248 1512 1372 1556 verba
1417 1515 1627 1557 continent
1659 1514 1777 1558 abso-

149 1586 278 1630 lutum
316 1586 630 1641 praescriptum,
666 1582 721 1626 ad
752 1583 944 1641 Anyett'cz'
980 1582 1184 1640 Doctot·t'S,
1219 1583 1328 1640 quod
1369 1599 1390 1624 ((
1412 1597 1560 1627 nomen
1596 1587 1683 1628 iure
1716 1590 1777 1628 est

149 1658 323 1713 adeptus
356 1655 400 1700 D.
436 1654 613 1697 Thomas
645 1654 831 1712 Aquinas
864 1668 912 1697 ex
948 1652 1050 1699 Ord.
1088 1655 1229 1697 Praed.
1264 1669 1357 1698 cum
1391 1657 1543 1699 sanctis
1567 1655 1778 1712 Angelicis

149 1727 369 1785 Spiritibus
411 1739 489 1768 non
526 1727 661 1768 minus
695 1728 927 1768 innocentia
960 1738 1083 1783 quam
1119 1728 1283 1782 iugenio
1317 1730 1592 1782 comparatus,
1626 1727 1778 1771 eidem—

149 1813 228 1857 que
262 1799 506 1842 auctoritate
540 1799 577 1840 S.
607 1797 661 1839 Pii
690 1795 718 1838 V
741 1797 1031 1839 confirmatum
1057 1812 1078 1837 »
1109 1798 1135 1852 ¹,
1161 1796 1201 1853 a)
1226 1797 1433 1839 rationem
1456 1797 1634 1858 scilicet:
1659 1798 1776 1841 scho-

150 1870 348 1916 lasticam,
385 1872 505 1924 prout
539 1870 746 1910 iusserunt
779 1867 857 1910 Leo
891 1866 981 1910 Xlll
1010 1873 1055 1910 vet
1091 1867 1183 1911 Pius
1219 1867 1269 1921 X,
1305 1867 1346 1924 b)
1371 1867 1605 1911 doctrinam
1645 1883 1776 1912 «cum

152 1940 346 1984 revelatis
381 1938 624 1982 veritatibus
657 1941 760 1981 mire
783 1940 1107 2000 consentientem
1133 1954 1153 1979 ))
1191 1938 1286 1992 (loc.
1310 1938 1413 1995 cit),
1437 1938 1476 1996 c)
1501 1944 1540 1981 et
1560 1939 1778 1997 principia

156 2028 177 2053 «
199 2010 364 2068 quibus,
396 2014 593 2066 tanquam
629 2009 922 2063 fundamentis,
957 2011 1042 2065 ipsa
1078 2011 1265 2052 nititur»
1305 2010 1319 2031 ²
1358 2025 1377 2050 <(
1403 2022 1506 2066 quae
1541 2010 1659 2066 plane
1682 2024 1777 2054 con--

151 2084 271 2126 tineri
308 2083 345 2123 in
381 2078 509 2123 xxiv
546 2079 731 2123 thesibus
765 2082 840 2123 rite
873 2082 1120 2123 examinatis
1153 2085 1191 2123 et
1224 2083 1482 2124 sanctissimo
1517 2080 1689 2124 Domino
1711 2095 1777 2124 su-

152 2153 297 2197 biectis
329 2152 367 2195 S.
402 2151 640 2194 Studiorum
675 2149 822 2207 Congr.
850 2151 1097 2207 respondit»
1128 2151 1154 2202 ³,
1181 2165 1311 2208 eaque
1333 2153 1408 2194 tria
1436 2152 1614 2207 praefata
1638 2157 1780 2194 sancte

154 2228 335 2275 teneant,
371 2222 585 2279 (abhorret
619 2224 727 2264 enim
762 2221 946 2265 Ecclesia
981 2221 1264 2277 duplicitatem
1311 2224 1349 2264 in
1383 2224 1467 2264 suis
1500 2221 1778 2279 Doctorib-us),

154 2298 273 2351 prout
291 2292 552 2350 expostulant
570 2291 831 2348 Apostolicae
851 2292 1010 2335 litterae
1028 2292 1175 2335 Leonis
1197 2291 1284 2335 xllt
1312 2306 1420 2348 «per
1439 2305 1540 2349 quas
1558 2292 1777 2336 coelestem

156 2365 375 2408 Patronum
409 2362 645 2406 scholarum
691 2365 874 2405 omnium
917 2362 1215 2406 catholicarum
1256 2362 1487 2406 declaravit
1520 2367 1560 2406 et
1593 2365 1778 2418 instituit,

152 2447 198 2478 ac
235 2435 456 2476 iunocentii
506 2433 616 2476 Sexti
665 2435 867 2476 sententia
916 2432 999 2490 (cui
1035 2436 1258 2476 concinunt
1292 2432 1574 2490 vquamplures
1606 2433 1777 2476 Romani

153 2503 388 2560 Pontitices)
429 2515 701 2560 «numquam
735 2505 804 2560 qui
853 2515 942 2545 eam
992 2503 1222 2546 doctrinam
1256 2504 1449 2557 tenuerit,
1489 2504 1725 2545 inveniatur
1757 2516 1779 2546 a

153 2577 338 2618 veritatis
372 2576 535 2616 tramite
569 2574 770 2627 deviasse,
805 2578 844 2616 et
875 2576 943 2630 qui
978 2586 1066 2616 eam
1105 2575 1426 2629 impugnaverit,
1470 2586 1635 2629 semper
1659 2574 1780 2616 fuerIt

153 2646 203 2689 de
240 2648 412 2688 veritate
445 2649 661 2700 suspectus
684 2660 726 2699 )).,
758 2643 892 2700 Atque
919 2644 1011 2687 Pius
1035 2643 1069 2686 X
1096 2647 1132 2686 iu
1159 2643 1265 2686 Motu
1295 2646 1459 2699 proprio
1484 2645 1607 2686 citato
1631 2645 1777 2686 edixit:

159 2715 321 2769 «Quod
356 2718 387 2758 si
422 2715 596 2758 alicuius
627 2717 807 2759 auctoris
842 2715 903 2757 vel
938 2714 1074 2758 Sancti
1122 2715 1307 2758 doctrina
1341 2726 1362 2757 a
1396 2713 1522 2757 Nobis
1568 2713 1780 2758 Nostrisve

273 2824 283 2844 1
312 2822 368 2855 Ex
395 2821 504 2856 Rom.
532 2821 644 2855 Brev.
673 2842 715 2845 -—
742 2821 755 2842 2
781 2820 893 2854 Motu
919 2832 975 2863 pr.
1009 2836 1022 2850 ε
1042 2821 1225 2854 Doctoris
1252 2819 1469 2865 Angelici»
1501 2820 1546 2854 29
1572 2820 1658 2854 Iun.
1679 2820 1779 2860 1914,

157 2870 232 2905 CO.
263 2869 328 2910 VI,
355 2869 436 2904 336.
468 2888 510 2894 —
538 2869 551 2890 3
576 2869 620 2903 ‘27
647 2868 722 2901 Iul.
752 2868 857 2911 1914,
887 2866 963 2901 CO.
992 2868 1043 2908 11,
1072 2868 1150 2902 384.
