<?xml version="1.0" encoding="UTF-8"?>
<!DOCTYPE html PUBLIC "-//W3C//DTD XHTML 1.0 Transitional//EN"
    "http://www.w3.org/TR/xhtml1/DTD/xhtml1-transitional.dtd">
<html xmlns="http://www.w3.org/1999/xhtml" xml:lang="en" lang="en">
 <head>
  <title>
</title>
<meta http-equiv="Content-Type" content="text/html;charset=utf-8" />
  <meta name='ocr-system' content='tesseract 3.04.00' />
  <meta name='ocr-capabilities' content='ocr_page ocr_carea ocr_par ocr_line ocrx_word'/>
</head>
<body>
  <div class='ocr_page' id='page_1' title='image "./commentariumtext03blatuoft_0305.png"; bbox 0 0 1965 3240; ppageno 0'>
   <div class='ocr_carea' id='block_1_1' title="bbox 616 198 1724 235">
    <p class='ocr_par' dir='ltr' id='par_1_1' title="bbox 616 198 1724 235">
     <span class='ocr_line' id='line_1_1' title="bbox 616 198 1724 235; baseline 0.001 -3"><span class='ocrx_word' id='word_1_1' title='bbox 616 199 698 233; x_wconf 78' lang='grc' dir='ltr'><strong>ΤΙΤ.</strong></span> <span class='ocrx_word' id='word_1_2' title='bbox 726 198 835 232; x_wconf 83' lang='lat' dir='ltr'>XXI.</span> <span class='ocrx_word' id='word_1_3' title='bbox 863 219 874 223; x_wconf 99' lang='lat'>-</span> <span class='ocrx_word' id='word_1_4' title='bbox 902 198 958 233; x_wconf 85' lang='lat' dir='ltr'>Dc</span> <span class='ocrx_word' id='word_1_5' title='bbox 984 198 1218 232; x_wconf 50' lang='lat' dir='ltr'>seminaris..-</span> <span class='ocrx_word' id='word_1_6' title='bbox 1655 201 1724 235; x_wconf 67' lang='lat'>293</span> 
     </span>
    </p>
   </div>
   <div class='ocr_carea' id='block_1_2' title="bbox 110 260 983 265">
    <p class='ocr_par' dir='ltr' id='par_1_2' title="bbox 110 260 983 265">
     <span class='ocr_line' id='line_1_2' title="bbox 110 260 983 265; baseline 0 0"><span class='ocrx_word' id='word_1_7' title='bbox 110 260 983 265; x_wconf 95' lang='lat' dir='ltr'> </span> 
     </span>
    </p>
   </div>
   <div class='ocr_carea' id='block_1_3' title="bbox 60 317 1727 2784">
    <p class='ocr_par' dir='ltr' id='par_1_3' title="bbox 60 317 1727 2221">
     <span class='ocr_line' id='line_1_3' title="bbox 100 317 1723 374; baseline 0 -12"><span class='ocrx_word' id='word_1_8' title='bbox 100 320 398 363; x_wconf 77' lang='lat' dir='ltr'>ministratione</span> <span class='ocrx_word' id='word_1_9' title='bbox 422 334 459 362; x_wconf 86' lang='grc'>)).</span> <span class='ocrx_word' id='word_1_10' title='bbox 498 318 611 361; x_wconf 83' lang='lat' dir='ltr'>Hunc</span> <span class='ocrx_word' id='word_1_11' title='bbox 645 317 905 374; x_wconf 76' lang='lat' dir='ltr'>disciplinam</span> <span class='ocrx_word' id='word_1_12' title='bbox 932 318 1055 360; x_wconf 78' lang='lat' dir='ltr'>refert</span> <span class='ocrx_word' id='word_1_13' title='bbox 1080 332 1154 359; x_wconf 72' lang='lat' dir='ltr'>ean</span> <span class='ocrx_word' id='word_1_14' title='bbox 1183 320 1312 363; x_wconf 57' lang='lat'>1355),</span> <span class='ocrx_word' id='word_1_15' title='bbox 1335 318 1362 373; x_wconf 59' lang='grc' dir='ltr'><strong>ξ</strong></span> <span class='ocrx_word' id='word_1_16' title='bbox 1397 319 1428 362; x_wconf 90' lang='grc'>1,</span> <span class='ocrx_word' id='word_1_17' title='bbox 1458 318 1723 362; x_wconf 62' lang='lat' dir='ltr'>l)1&#39;‹›(›‹·e.s·am&#39;.s·</span> 
     </span>
     <span class='ocr_line' id='line_1_4' title="bbox 97 388 1724 445; baseline -0.001 -12"><span class='ocrx_word' id='word_1_18' title='bbox 97 389 355 433; x_wconf 76' lang='lat' dir='ltr'>Seminariis</span> <span class='ocrx_word' id='word_1_19' title='bbox 374 388 562 445; x_wconf 75' lang='lat' dir='ltr'>siugulis,</span> <span class='ocrx_word' id='word_1_20' title='bbox 586 391 674 431; x_wconf 78' lang='lat' dir='ltr'>sive</span> <span class='ocrx_word' id='word_1_21' title='bbox 697 391 851 431; x_wconf 89' lang='lat' dir='ltr'>maiora</span> <span class='ocrx_word' id='word_1_22' title='bbox 876 389 970 442; x_wconf 79' lang='lat' dir='ltr'>sint,</span> <span class='ocrx_word' id='word_1_23' title='bbox 993 390 1082 430; x_wconf 77' lang='lat' dir='ltr'>sive</span> <span class='ocrx_word' id='word_1_24' title='bbox 1108 390 1278 438; x_wconf 73' lang='lat' dir='ltr'>rninora,</span> <span class='ocrx_word' id='word_1_25' title='bbox 1303 388 1389 430; x_wconf 78' lang='lat' dir='ltr'>bini</span> <span class='ocrx_word' id='word_1_26' title='bbox 1412 390 1724 432; x_wconf 55' lang='lat' dir='ltr'>vonsiilmmlm·</span> 
     </span>
     <span class='ocr_line' id='line_1_5' title="bbox 96 457 1721 518; baseline -0.001 -14"><span class='ocrx_word' id='word_1_27' title='bbox 96 466 234 505; x_wconf 78' lang='lat' dir='ltr'>coetus</span> <span class='ocrx_word' id='word_1_28' title='bbox 267 459 580 518; x_wconf 70' lang='lat' dir='ltr'>deputatorum,</span> <span class='ocrx_word' id='word_1_29' title='bbox 615 459 726 502; x_wconf 76' lang='lat' dir='ltr'>aller</span> <span class='ocrx_word' id='word_1_30' title='bbox 756 472 833 516; x_wconf 80' lang='lat' dir='ltr'>pro</span> <span class='ocrx_word' id='word_1_31' title='bbox 867 457 1111 516; x_wconf 66' lang='lat' dir='ltr'>disciplina,</span> <span class='ocrx_word' id='word_1_32' title='bbox 1135 458 1185 501; x_wconf 90' lang='lat' dir='ltr'>de</span> <span class='ocrx_word' id='word_1_33' title='bbox 1210 473 1289 515; x_wconf 90' lang='lat' dir='ltr'>quo</span> <span class='ocrx_word' id='word_1_34' title='bbox 1314 465 1430 502; x_wconf 66' lang='lat' dir='ltr'>coctu</span> <span class='ocrx_word' id='word_1_35' title='bbox 1458 461 1637 517; x_wconf 90' lang='lat' dir='ltr'>loquitur</span> <span class='ocrx_word' id='word_1_36' title='bbox 1660 476 1721 503; x_wconf 78' lang='lat' dir='ltr'>se-</span> 
     </span>
     <span class='ocr_line' id='line_1_6' title="bbox 95 528 1721 589; baseline -0.001 -14"><span class='ocrx_word' id='word_1_37' title='bbox 95 545 227 589; x_wconf 83' lang='lat' dir='ltr'>quens</span> <span class='ocrx_word' id='word_1_38' title='bbox 261 533 527 587; x_wconf 88' lang='lat' dir='ltr'>rescriptum:</span> <span class='ocrx_word' id='word_1_39' title='bbox 567 546 587 569; x_wconf 85' lang='lat'>«</span> <span class='ocrx_word' id='word_1_40' title='bbox 614 530 639 572; x_wconf 91' lang='lat' dir='ltr'>l.</span> <span class='ocrx_word' id='word_1_41' title='bbox 677 531 736 573; x_wconf 82' lang='lat' dir='ltr'>Au</span> <span class='ocrx_word' id='word_1_42' title='bbox 772 529 853 573; x_wconf 91' lang='lat' dir='ltr'>duo</span> <span class='ocrx_word' id='word_1_43' title='bbox 885 528 1079 573; x_wconf 86' lang='lat' dir='ltr'>Canonici</span> <span class='ocrx_word' id='word_1_44' title='bbox 1105 528 1222 571; x_wconf 80' lang='lat' dir='ltr'>electi</span> <span class='ocrx_word' id='word_1_45' title='bbox 1253 529 1303 572; x_wconf 81' lang='lat' dir='ltr'>al)</span> <span class='ocrx_word' id='word_1_46' title='bbox 1327 530 1648 587; x_wconf 64' lang='lat' dir='ltr'>Arctiicpiscimo</span> <span class='ocrx_word' id='word_1_47' title='bbox 1672 532 1721 574; x_wconf 83' lang='lat' dir='ltr'>ad</span> 
     </span>
     <span class='ocr_line' id='line_1_7' title="bbox 95 600 1723 657; baseline -0.003 -11"><span class='ocrx_word' id='word_1_48' title='bbox 95 601 424 646; x_wconf 77' lang='lat' dir='ltr'>constituendam</span> <span class='ocrx_word' id='word_1_49' title='bbox 459 601 750 644; x_wconf 73' lang='lat' dir='ltr'>educationem</span> <span class='ocrx_word' id='word_1_50' title='bbox 785 611 1008 657; x_wconf 89' lang='lat' dir='ltr'>puerorum</span> <span class='ocrx_word' id='word_1_51' title='bbox 1053 600 1270 642; x_wconf 82' lang='lat' dir='ltr'>Seminarii</span> <span class='ocrx_word' id='word_1_52' title='bbox 1318 603 1468 656; x_wconf 82' lang='lat' dir='ltr'>possint</span> <span class='ocrx_word' id='word_1_53' title='bbox 1506 615 1576 656; x_wconf 87' lang='lat' dir='ltr'>pro</span> <span class='ocrx_word' id='word_1_54' title='bbox 1612 602 1723 645; x_wconf 82' lang='lat' dir='ltr'>libito</span> 
     </span>
     <span class='ocr_line' id='line_1_8' title="bbox 60 670 1721 729; baseline -0.001 -12"><span class='ocrx_word' id='word_1_55' title='bbox 60 685 63 689; x_wconf 85' lang='lat'>·</span> <span class='ocrx_word' id='word_1_56' title='bbox 97 673 411 729; x_wconf 89' lang='lat' dir='ltr'>Archiepiscopi</span> <span class='ocrx_word' id='word_1_57' title='bbox 447 672 628 715; x_wconf 74' lang='lat' dir='ltr'>mutari?</span> <span class='ocrx_word' id='word_1_58' title='bbox 664 671 707 714; x_wconf 92' lang='lat' dir='ltr'>ll.</span> <span class='ocrx_word' id='word_1_59' title='bbox 744 672 805 714; x_wconf 85' lang='lat' dir='ltr'>An</span> <span class='ocrx_word' id='word_1_60' title='bbox 840 684 982 714; x_wconf 88' lang='lat' dir='ltr'>eorum</span> <span class='ocrx_word' id='word_1_61' title='bbox 1018 670 1233 713; x_wconf 86' lang='lat' dir='ltr'>consilium</span> <span class='ocrx_word' id='word_1_62' title='bbox 1269 671 1550 714; x_wconf 83' lang='lat' dir='ltr'>adhibendum</span> <span class='ocrx_word' id='word_1_63' title='bbox 1577 677 1656 715; x_wconf 87' lang='lat' dir='ltr'>tam</span> <span class='ocrx_word' id='word_1_64' title='bbox 1685 675 1721 715; x_wconf 89' lang='lat' dir='ltr'>in</span> 
     </span>
     <span class='ocr_line' id='line_1_9' title="bbox 97 741 1721 800; baseline -0.002 -12"><span class='ocrx_word' id='word_1_65' title='bbox 97 744 396 788; x_wconf 71' lang='lat' dir='ltr'>constituendis</span> <span class='ocrx_word' id='word_1_66' title='bbox 430 743 587 800; x_wconf 81' lang='lat' dir='ltr'>regulis</span> <span class='ocrx_word' id='word_1_67' title='bbox 618 744 854 794; x_wconf 80' lang='lat' dir='ltr'>Seminarii,</span> <span class='ocrx_word' id='word_1_68' title='bbox 889 754 1011 799; x_wconf 89' lang='lat' dir='ltr'>quam</span> <span class='ocrx_word' id='word_1_69' title='bbox 1048 743 1085 783; x_wconf 91' lang='lat' dir='ltr'>in</span> <span class='ocrx_word' id='word_1_70' title='bbox 1121 741 1321 784; x_wconf 86' lang='lat' dir='ltr'>electione</span> <span class='ocrx_word' id='word_1_71' title='bbox 1344 742 1599 797; x_wconf 80' lang='lat' dir='ltr'>singulorum</span> <span class='ocrx_word' id='word_1_72' title='bbox 1626 757 1721 798; x_wconf 89' lang='lat' dir='ltr'>puc-</span> 
     </span>
     <span class='ocr_line' id='line_1_10' title="bbox 100 811 1721 869; baseline -0.002 -11"><span class='ocrx_word' id='word_1_73' title='bbox 100 828 237 858; x_wconf 91' lang='lat' dir='ltr'>rorum</span> <span class='ocrx_word' id='word_1_74' title='bbox 275 814 687 867; x_wconf 79' lang='lat' dir='ltr'>introducendorum,</span> <span class='ocrx_word' id='word_1_75' title='bbox 721 813 922 856; x_wconf 88' lang='lat' dir='ltr'>electione</span> <span class='ocrx_word' id='word_1_76' title='bbox 956 811 1262 868; x_wconf 71' lang='lat' dir='ltr'>Magistrorum‚</span> <span class='ocrx_word' id='word_1_77' title='bbox 1298 812 1494 856; x_wconf 86' lang='lat' dir='ltr'>librorum</span> <span class='ocrx_word' id='word_1_78' title='bbox 1531 812 1721 869; x_wconf 72' lang='lat' dir='ltr'>legendo-</span> 
     </span>
     <span class='ocr_line' id='line_1_11' title="bbox 99 883 1722 941; baseline -0.002 -12"><span class='ocrx_word' id='word_1_79' title='bbox 99 900 203 939; x_wconf 77' lang='lat' dir='ltr'>rum,</span> <span class='ocrx_word' id='word_1_80' title='bbox 238 884 504 939; x_wconf 74' lang='lat' dir='ltr'>Cont&#39;essoris‚</span> <span class='ocrx_word' id='word_1_81' title='bbox 541 886 752 941; x_wconf 84' lang='lat' dir='ltr'>punitione</span> <span class='ocrx_word' id='word_1_82' title='bbox 792 883 1072 940; x_wconf 68' lang='lat' dir='ltr'>dyscolorum,</span> <span class='ocrx_word' id='word_1_83' title='bbox 1118 883 1374 939; x_wconf 74' lang='lat' dir='ltr'>expulsione,</span> <span class='ocrx_word' id='word_1_84' title='bbox 1421 885 1652 926; x_wconf 70' lang='lat' dir='ltr'>visicuione</span> <span class='ocrx_word' id='word_1_85' title='bbox 1686 890 1722 926; x_wconf 76' lang='lat' dir='ltr'>et</span> 
     </span>
     <span class='ocr_line' id='line_1_12' title="bbox 96 953 1724 1010; baseline -0.002 -10"><span class='ocrx_word' id='word_1_86' title='bbox 96 956 331 1000; x_wconf 64' lang='lat' dir='ltr'>similibus?</span> <span class='ocrx_word' id='word_1_87' title='bbox 365 982 419 986; x_wconf 91' lang='lat'>—</span> <span class='ocrx_word' id='word_1_88' title='bbox 453 956 490 999; x_wconf 79' lang='lat' dir='ltr'>S.</span> <span class='ocrx_word' id='word_1_89' title='bbox 517 955 558 999; x_wconf 93' lang='lat' dir='ltr'>C.</span> <span class='ocrx_word' id='word_1_90' title='bbox 583 954 625 999; x_wconf 89' lang='lat' dir='ltr'>C.</span> <span class='ocrx_word' id='word_1_91' title='bbox 662 968 800 998; x_wconf 87' lang='lat' dir='ltr'>mense</span> <span class='ocrx_word' id='word_1_92' title='bbox 826 954 911 997; x_wconf 94' lang='lat' dir='ltr'>lun.</span> <span class='ocrx_word' id='word_1_93' title='bbox 940 954 1049 996; x_wconf 76' lang='lat'>1589</span> <span class='ocrx_word' id='word_1_94' title='bbox 1081 953 1313 1010; x_wconf 88' lang='lat' dir='ltr'>respondit:</span> <span class='ocrx_word' id='word_1_95' title='bbox 1350 954 1410 996; x_wconf 80' lang='lat' dir='ltr'>Ad</span> <span class='ocrx_word' id='word_1_96' title='bbox 1449 953 1458 995; x_wconf 97' lang='lat' dir='ltr'>l</span> <span class='ocrx_word' id='word_1_97' title='bbox 1494 967 1571 996; x_wconf 87' lang='lat' dir='ltr'>nou</span> <span class='ocrx_word' id='word_1_98' title='bbox 1608 968 1724 1010; x_wconf 85' lang='lat' dir='ltr'>posse</span> 
     </span>
     <span class='ocr_line' id='line_1_13' title="bbox 75 1024 1725 1082; baseline -0.002 -11"><span class='ocrx_word' id='word_1_99' title='bbox 75 1030 300 1081; x_wconf 71' lang='lat' dir='ltr'>amoveri,</span> <span class='ocrx_word' id='word_1_100' title='bbox 333 1029 409 1070; x_wconf 91' lang='lat' dir='ltr'>nisi</span> <span class='ocrx_word' id='word_1_101' title='bbox 443 1040 491 1070; x_wconf 84' lang='lat' dir='ltr'>ex</span> <span class='ocrx_word' id='word_1_102' title='bbox 535 1026 717 1082; x_wconf 77' lang='lat' dir='ltr'>legitima</span> <span class='ocrx_word' id='word_1_103' title='bbox 761 1038 885 1069; x_wconf 86' lang='lat' dir='ltr'>causa</span> <span class='ocrx_word' id='word_1_104' title='bbox 929 1025 998 1082; x_wconf 86' lang='lat' dir='ltr'>(de</span> <span class='ocrx_word' id='word_1_105' title='bbox 1032 1037 1110 1082; x_wconf 90' lang='lat' dir='ltr'>qua</span> <span class='ocrx_word' id='word_1_106' title='bbox 1144 1024 1172 1082; x_wconf 61' lang='grc' dir='ltr'>ξ</span> <span class='ocrx_word' id='word_1_107' title='bbox 1206 1024 1264 1080; x_wconf 74' lang='lat'>3).</span> <span class='ocrx_word' id='word_1_108' title='bbox 1298 1024 1358 1067; x_wconf 80' lang='lat' dir='ltr'>Ad</span> <span class='ocrx_word' id='word_1_109' title='bbox 1396 1024 1424 1067; x_wconf 95' lang='lat' dir='ltr'>ll</span> <span class='ocrx_word' id='word_1_110' title='bbox 1462 1027 1498 1067; x_wconf 92' lang='lat' dir='ltr'>in</span> <span class='ocrx_word' id='word_1_111' title='bbox 1533 1025 1725 1068; x_wconf 80' lang='lat' dir='ltr'>omnibus</span> 
     </span>
     <span class='ocr_line' id='line_1_14' title="bbox 96 1095 1726 1152; baseline -0.003 -10"><span class='ocrx_word' id='word_1_112' title='bbox 96 1112 185 1142; x_wconf 88' lang='lat' dir='ltr'>csse</span> <span class='ocrx_word' id='word_1_113' title='bbox 218 1097 477 1142; x_wconf 85' lang='lat' dir='ltr'>adhibendos</span> <span class='ocrx_word' id='word_1_114' title='bbox 504 1113 543 1139; x_wconf 63' lang='lat' dir='ltr'>n.</span> <span class='ocrx_word' id='word_1_115' title='bbox 577 1098 712 1152; x_wconf 84' lang='lat' dir='ltr'>Quam</span> <span class='ocrx_word' id='word_1_116' title='bbox 736 1096 962 1139; x_wconf 88' lang='lat' dir='ltr'>secundam</span> <span class='ocrx_word' id='word_1_117' title='bbox 988 1097 1296 1151; x_wconf 79' lang='lat' dir='ltr'>responsionem</span> <span class='ocrx_word' id='word_1_118' title='bbox 1324 1097 1613 1139; x_wconf 79' lang='lat' dir='ltr'>reminiscatur</span> <span class='ocrx_word' id='word_1_119' title='bbox 1636 1095 1726 1151; x_wconf 89' lang='lat' dir='ltr'>Epi-</span> 
     </span>
     <span class='ocr_line' id='line_1_15' title="bbox 95 1166 1723 1226; baseline -0.003 -13"><span class='ocrx_word' id='word_1_120' title='bbox 95 1183 246 1226; x_wconf 86' lang='lat' dir='ltr'>scopus</span> <span class='ocrx_word' id='word_1_121' title='bbox 279 1183 352 1226; x_wconf 90' lang='lat' dir='ltr'>pro</span> <span class='ocrx_word' id='word_1_122' title='bbox 384 1169 631 1226; x_wconf 84' lang='lat' dir='ltr'>exequendo</span> <span class='ocrx_word' id='word_1_123' title='bbox 667 1169 921 1224; x_wconf 88' lang='lat' dir='ltr'>praescripto</span> <span class='ocrx_word' id='word_1_124' title='bbox 953 1166 993 1225; x_wconf 65' lang='lat'>§³</span> <span class='ocrx_word' id='word_1_125' title='bbox 1027 1166 1101 1210; x_wconf 65' lang='lat'>4³⁰.</span> <span class='ocrx_word' id='word_1_126' title='bbox 1137 1192 1191 1197; x_wconf 97' lang='lat'><strong>—</strong></span> <span class='ocrx_word' id='word_1_127' title='bbox 1225 1167 1326 1209; x_wconf 91' lang='lat' dir='ltr'>ltem</span> <span class='ocrx_word' id='word_1_128' title='bbox 1363 1168 1400 1209; x_wconf 93' lang='lat' dir='ltr'>in</span> <span class='ocrx_word' id='word_1_129' title='bbox 1436 1166 1684 1209; x_wconf 75' lang='lat' dir='ltr'>Ariminensi</span> <span class='ocrx_word' id='word_1_130' title='bbox 1712 1167 1723 1188; x_wconf 85' lang='lat'>¹</span> 
     </span>
     <span class='ocr_line' id='line_1_16' title="bbox 95 1238 1725 1299; baseline -0.002 -15"><span class='ocrx_word' id='word_1_131' title='bbox 95 1241 204 1299; x_wconf 87' lang='lat' dir='ltr'>quod</span> <span class='ocrx_word' id='word_1_132' title='bbox 240 1240 376 1284; x_wconf 85' lang='lat' dir='ltr'>adhuc</span> <span class='ocrx_word' id='word_1_133' title='bbox 418 1240 469 1284; x_wconf 92' lang='lat' dir='ltr'>de</span> <span class='ocrx_word' id='word_1_134' title='bbox 512 1244 631 1283; x_wconf 87' lang='lat' dir='ltr'>coetu</span> <span class='ocrx_word' id='word_1_135' title='bbox 682 1238 759 1282; x_wconf 80' lang='lat' dir='ltr'>lioc</span> <span class='ocrx_word' id='word_1_136' title='bbox 810 1240 935 1295; x_wconf 75' lang='lat' dir='ltr'>viget,</span> <span class='ocrx_word' id='word_1_137' title='bbox 972 1238 1202 1294; x_wconf 82' lang='lat' dir='ltr'>respondit;</span> <span class='ocrx_word' id='word_1_138' title='bbox 1243 1253 1263 1277; x_wconf 88' lang='grc'>((</span> <span class='ocrx_word' id='word_1_139' title='bbox 1286 1238 1389 1281; x_wconf 92' lang='lat' dir='ltr'>duos</span> <span class='ocrx_word' id='word_1_140' title='bbox 1422 1240 1642 1281; x_wconf 81' lang='lat' dir='ltr'>canonicos</span> <span class='ocrx_word' id='word_1_141' title='bbox 1674 1238 1725 1281; x_wconf 82' lang='lat' dir='ltr'>al)</span> 
     </span>
     <span class='ocr_line' id='line_1_17' title="bbox 96 1308 1727 1369; baseline -0.002 -14"><span class='ocrx_word' id='word_1_142' title='bbox 96 1311 298 1369; x_wconf 87' lang='lat' dir='ltr'>Episcopo</span> <span class='ocrx_word' id='word_1_143' title='bbox 330 1311 484 1355; x_wconf 89' lang='lat' dir='ltr'>electos</span> <span class='ocrx_word' id='word_1_144' title='bbox 507 1311 558 1354; x_wconf 89' lang='lat' dir='ltr'>ad</span> <span class='ocrx_word' id='word_1_145' title='bbox 585 1312 769 1366; x_wconf 86' lang='lat' dir='ltr'>regimen</span> <span class='ocrx_word' id='word_1_146' title='bbox 794 1310 1012 1352; x_wconf 78' lang='lat' dir='ltr'>Seminarii</span> <span class='ocrx_word' id='word_1_147' title='bbox 1037 1308 1387 1362; x_wconf 77' lang='lat' dir='ltr'>constituendum,</span> <span class='ocrx_word' id='word_1_148' title='bbox 1411 1321 1587 1365; x_wconf 84' lang='lat' dir='ltr'>neque...</span> <span class='ocrx_word' id='word_1_149' title='bbox 1611 1309 1727 1366; x_wconf 92' lang='lat' dir='ltr'>quid-</span> 
     </span>
     <span class='ocr_line' id='line_1_18' title="bbox 94 1378 1723 1439; baseline -0.001 -15"><span class='ocrx_word' id='word_1_150' title='bbox 94 1396 218 1439; x_wconf 91' lang='lat' dir='ltr'>quam</span> <span class='ocrx_word' id='word_1_151' title='bbox 253 1395 378 1426; x_wconf 90' lang='lat' dir='ltr'>curae</span> <span class='ocrx_word' id='word_1_152' title='bbox 412 1381 578 1436; x_wconf 76' lang='lat' dir='ltr'>habere,</span> <span class='ocrx_word' id='word_1_153' title='bbox 613 1385 683 1424; x_wconf 91' lang='lat' dir='ltr'>aut</span> <span class='ocrx_word' id='word_1_154' title='bbox 714 1379 790 1423; x_wconf 89' lang='lat' dir='ltr'>sibi</span> <span class='ocrx_word' id='word_1_155' title='bbox 829 1379 1042 1423; x_wconf 90' lang='lat' dir='ltr'>vindicare</span> <span class='ocrx_word' id='word_1_156' title='bbox 1076 1392 1194 1435; x_wconf 87' lang='lat' dir='ltr'>posse</span> <span class='ocrx_word' id='word_1_157' title='bbox 1227 1378 1382 1436; x_wconf 87' lang='lat' dir='ltr'>absque</span> <span class='ocrx_word' id='word_1_158' title='bbox 1417 1378 1633 1435; x_wconf 72' lang='lat' dir='ltr'>Episcopo,</span> <span class='ocrx_word' id='word_1_159' title='bbox 1661 1379 1723 1422; x_wconf 82' lang='lat' dir='ltr'>vel</span> 
     </span>
     <span class='ocr_line' id='line_1_19' title="bbox 96 1444 1722 1507; baseline -0.002 -11"><span class='ocrx_word' id='word_1_160' title='bbox 96 1456 184 1497; x_wconf 88' lang='lat' dir='ltr'>eius</span> <span class='ocrx_word' id='word_1_161' title='bbox 221 1452 405 1507; x_wconf 79' lang='lat' dir='ltr'>Vicar‘103</span> <span class='ocrx_word' id='word_1_162' title='bbox 440 1453 511 1496; x_wconf 92' lang='lat' dir='ltr'>sed</span> <span class='ocrx_word' id='word_1_163' title='bbox 547 1455 704 1495; x_wconf 87' lang='lat' dir='ltr'>tantum</span> <span class='ocrx_word' id='word_1_164' title='bbox 739 1449 893 1494; x_wconf 83' lang='lat' dir='ltr'>debere</span> <span class='ocrx_word' id='word_1_165' title='bbox 925 1444 1191 1507; x_wconf 83' lang='lat' dir='ltr'>Episcopum,</span> <span class='ocrx_word' id='word_1_166' title='bbox 1229 1449 1290 1493; x_wconf 86' lang='lat' dir='ltr'>vel</span> <span class='ocrx_word' id='word_1_167' title='bbox 1324 1451 1412 1492; x_wconf 86' lang='lat' dir='ltr'>eius</span> <span class='ocrx_word' id='word_1_168' title='bbox 1442 1448 1648 1493; x_wconf 67' lang='lat' dir='ltr'>Vivarium</span> <span class='ocrx_word' id='word_1_169' title='bbox 1686 1452 1722 1492; x_wconf 90' lang='lat' dir='ltr'>iu</span> 
     </span>
     <span class='ocr_line' id='line_1_20' title="bbox 96 1519 1722 1580; baseline -0.002 -13"><span class='ocrx_word' id='word_1_170' title='bbox 96 1524 299 1567; x_wconf 90' lang='lat' dir='ltr'>eiusmodi</span> <span class='ocrx_word' id='word_1_171' title='bbox 336 1523 458 1567; x_wconf 89' lang='lat' dir='ltr'>rebus</span> <span class='ocrx_word' id='word_1_172' title='bbox 491 1525 673 1580; x_wconf 89' lang='lat' dir='ltr'>ipsorum</span> <span class='ocrx_word' id='word_1_173' title='bbox 709 1521 926 1565; x_wconf 85' lang='lat' dir='ltr'>consilium</span> <span class='ocrx_word' id='word_1_174' title='bbox 964 1523 1190 1578; x_wconf 80' lang='lat' dir='ltr'>requirere,</span> <span class='ocrx_word' id='word_1_175' title='bbox 1225 1519 1319 1563; x_wconf 90' lang='lat' dir='ltr'>licet</span> <span class='ocrx_word' id='word_1_176' title='bbox 1354 1520 1451 1562; x_wconf 93' lang='lat' dir='ltr'>illud</span> <span class='ocrx_word' id='word_1_177' title='bbox 1490 1522 1604 1578; x_wconf 90' lang='lat' dir='ltr'>sequi</span> <span class='ocrx_word' id='word_1_178' title='bbox 1645 1534 1722 1563; x_wconf 88' lang='lat' dir='ltr'>non</span> 
     </span>
     <span class='ocr_line' id='line_1_21' title="bbox 97 1590 1725 1652; baseline -0.003 -14"><span class='ocrx_word' id='word_1_179' title='bbox 97 1599 286 1638; x_wconf 87' lang='lat' dir='ltr'>teneatur</span> <span class='ocrx_word' id='word_1_180' title='bbox 308 1611 328 1636; x_wconf 68' lang='lat' dir='ltr'>J)</span> <span class='ocrx_word' id='word_1_181' title='bbox 367 1593 720 1652; x_wconf 81' lang='lat' dir='ltr'>quemadmodum</span> <span class='ocrx_word' id='word_1_182' title='bbox 755 1594 896 1636; x_wconf 80' lang='lat' dir='ltr'>statuit</span> <span class='ocrx_word' id='word_1_183' title='bbox 918 1592 946 1650; x_wconf 59' lang='grc' dir='ltr'><strong>ξ</strong></span> <span class='ocrx_word' id='word_1_184' title='bbox 970 1592 1006 1635; x_wconf 86' lang='grc'>4.</span> <span class='ocrx_word' id='word_1_185' title='bbox 1044 1590 1223 1648; x_wconf 85' lang='lat' dir='ltr'>Explicit</span> <span class='ocrx_word' id='word_1_186' title='bbox 1244 1591 1272 1649; x_wconf 61' lang='lat' dir='ltr'>g</span> <span class='ocrx_word' id='word_1_187' title='bbox 1295 1592 1327 1635; x_wconf 92' lang='lat' dir='ltr'>t:</span> <span class='ocrx_word' id='word_1_188' title='bbox 1359 1607 1378 1631; x_wconf 73' lang='lat' dir='ltr'>(c</span> <span class='ocrx_word' id='word_1_189' title='bbox 1401 1596 1543 1634; x_wconf 89' lang='lat' dir='ltr'>coetus</span> <span class='ocrx_word' id='word_1_190' title='bbox 1566 1607 1585 1631; x_wconf 92' lang='lat'>))</span> <span class='ocrx_word' id='word_1_191' title='bbox 1614 1590 1725 1633; x_wconf 81' lang='lat' dir='ltr'>aller</span> 
     </span>
     <span class='ocr_line' id='line_1_22' title="bbox 90 1661 1723 1724; baseline -0.002 -16"><span class='ocrx_word' id='word_1_192' title='bbox 90 1679 170 1724; x_wconf 75' lang='lat' dir='ltr'>pro</span> <span class='ocrx_word' id='word_1_193' title='bbox 195 1664 570 1709; x_wconf 73' lang='lat' dir='ltr'>administratione</span> <span class='ocrx_word' id='word_1_194' title='bbox 601 1664 799 1707; x_wconf 72' lang='lat' dir='ltr'>bonorum,</span> <span class='ocrx_word' id='word_1_195' title='bbox 835 1662 1144 1720; x_wconf 75' lang='lat' dir='ltr'>temporalium.</span> <span class='ocrx_word' id='word_1_196' title='bbox 1171 1661 1228 1705; x_wconf 92' lang='lat' dir='ltr'>De</span> <span class='ocrx_word' id='word_1_197' title='bbox 1253 1662 1329 1705; x_wconf 80' lang='lat' dir='ltr'>lioc</span> <span class='ocrx_word' id='word_1_198' title='bbox 1354 1662 1640 1718; x_wconf 82' lang='lat' dir='ltr'>intelliguntur</span> <span class='ocrx_word' id='word_1_199' title='bbox 1661 1676 1723 1705; x_wconf 90' lang='lat' dir='ltr'>se-</span> 
     </span>
     <span class='ocr_line' id='line_1_23' title="bbox 95 1733 1723 1795; baseline -0.002 -16"><span class='ocrx_word' id='word_1_200' title='bbox 95 1741 268 1795; x_wconf 82' lang='lat' dir='ltr'>quentes</span> <span class='ocrx_word' id='word_1_201' title='bbox 301 1735 618 1780; x_wconf 80' lang='lat' dir='ltr'>declarationes.</span> <span class='ocrx_word' id='word_1_202' title='bbox 654 1735 694 1777; x_wconf 91' lang='lat' dir='ltr'>ln</span> <span class='ocrx_word' id='word_1_203' title='bbox 729 1733 985 1778; x_wconf 86' lang='lat' dir='ltr'>Salernitana</span> <span class='ocrx_word' id='word_1_204' title='bbox 1022 1733 1084 1778; x_wconf 88' lang='lat' dir='ltr'>lV.</span> <span class='ocrx_word' id='word_1_205' title='bbox 1126 1749 1146 1774; x_wconf 84' lang='lat'>«</span> <span class='ocrx_word' id='word_1_206' title='bbox 1169 1733 1231 1776; x_wconf 87' lang='lat' dir='ltr'>An</span> <span class='ocrx_word' id='word_1_207' title='bbox 1267 1733 1306 1776; x_wconf 83' lang='lat' dir='ltr'>lii</span> <span class='ocrx_word' id='word_1_208' title='bbox 1341 1737 1518 1791; x_wconf 87' lang='lat' dir='ltr'>quatuor</span> <span class='ocrx_word' id='word_1_209' title='bbox 1541 1733 1723 1789; x_wconf 85' lang='lat' dir='ltr'>deputati</span> 
     </span>
     <span class='ocr_line' id='line_1_24' title="bbox 92 1803 1722 1864; baseline -0.004 -13"><span class='ocrx_word' id='word_1_210' title='bbox 92 1810 172 1851; x_wconf 89' lang='lat' dir='ltr'>sint</span> <span class='ocrx_word' id='word_1_211' title='bbox 206 1809 406 1864; x_wconf 82' lang='lat' dir='ltr'>perpetui,</span> <span class='ocrx_word' id='word_1_212' title='bbox 445 1806 507 1850; x_wconf 91' lang='lat' dir='ltr'>vel</span> <span class='ocrx_word' id='word_1_213' title='bbox 542 1808 665 1850; x_wconf 91' lang='lat' dir='ltr'>etiam</span> <span class='ocrx_word' id='word_1_214' title='bbox 700 1804 959 1856; x_wconf 76' lang='lat' dir='ltr'>amovibiles,</span> <span class='ocrx_word' id='word_1_215' title='bbox 995 1809 1159 1848; x_wconf 89' lang='lat' dir='ltr'>servata</span> <span class='ocrx_word' id='word_1_216' title='bbox 1197 1809 1331 1847; x_wconf 89' lang='lat' dir='ltr'>tamen</span> <span class='ocrx_word' id='word_1_217' title='bbox 1369 1806 1525 1846; x_wconf 88' lang='lat' dir='ltr'>ratione</span> <span class='ocrx_word' id='word_1_218' title='bbox 1554 1803 1722 1847; x_wconf 79' lang='lat' dir='ltr'>Concilii</span> 
     </span>
     <span class='ocr_line' id='line_1_25' title="bbox 94 1873 1725 1932; baseline -0.005 -10"><span class='ocrx_word' id='word_1_219' title='bbox 94 1881 132 1922; x_wconf 92' lang='lat' dir='ltr'>in</span> <span class='ocrx_word' id='word_1_220' title='bbox 167 1892 310 1922; x_wconf 89' lang='lat' dir='ltr'>eorum</span> <span class='ocrx_word' id='word_1_221' title='bbox 344 1877 592 1922; x_wconf 87' lang='lat' dir='ltr'>electione...</span> <span class='ocrx_word' id='word_1_222' title='bbox 625 1877 687 1920; x_wconf 87' lang='lat' dir='ltr'>Ad</span> <span class='ocrx_word' id='word_1_223' title='bbox 722 1876 774 1919; x_wconf 86' lang='lat' dir='ltr'>lv</span> <span class='ocrx_word' id='word_1_224' title='bbox 807 1890 895 1920; x_wconf 90' lang='lat' dir='ltr'>esse</span> <span class='ocrx_word' id='word_1_225' title='bbox 931 1880 1151 1932; x_wconf 90' lang='lat' dir='ltr'>perpetuos</span> <span class='ocrx_word' id='word_1_226' title='bbox 1174 1873 1369 1931; x_wconf 79' lang='lat' dir='ltr'>».(Quod</span> <span class='ocrx_word' id='word_1_227' title='bbox 1397 1888 1503 1918; x_wconf 88' lang='lat' dir='ltr'>nunc</span> <span class='ocrx_word' id='word_1_228' title='bbox 1528 1880 1585 1917; x_wconf 87' lang='lat' dir='ltr'>est</span> <span class='ocrx_word' id='word_1_229' title='bbox 1611 1874 1725 1917; x_wconf 86' lang='lat' dir='ltr'>‹lero-</span> 
     </span>
     <span class='ocr_line' id='line_1_26' title="bbox 93 1945 1720 2007; baseline -0.004 -14"><span class='ocrx_word' id='word_1_230' title='bbox 93 1954 248 2007; x_wconf 77' lang='lat' dir='ltr'>gatum.</span> <span class='ocrx_word' id='word_1_231' title='bbox 270 1963 342 2006; x_wconf 89' lang='lat' dir='ltr'>per</span> <span class='ocrx_word' id='word_1_232' title='bbox 375 1952 402 2004; x_wconf 65' lang='lat' dir='ltr'>g</span> <span class='ocrx_word' id='word_1_233' title='bbox 436 1949 492 2005; x_wconf 86' lang='lat'>3).</span> <span class='ocrx_word' id='word_1_234' title='bbox 527 1948 611 1992; x_wconf 87' lang='lat' dir='ltr'>Nec</span> <span class='ocrx_word' id='word_1_235' title='bbox 647 1952 815 2004; x_wconf 87' lang='lat' dir='ltr'>possunt</span> <span class='ocrx_word' id='word_1_236' title='bbox 848 1949 1049 2002; x_wconf 84' lang='lat' dir='ltr'>amoveri⁷</span> <span class='ocrx_word' id='word_1_237' title='bbox 1085 1949 1160 1990; x_wconf 89' lang='lat' dir='ltr'>nisi</span> <span class='ocrx_word' id='word_1_238' title='bbox 1202 1960 1250 1989; x_wconf 78' lang='lat' dir='ltr'>ex</span> <span class='ocrx_word' id='word_1_239' title='bbox 1300 1948 1419 1997; x_wconf 89' lang='lat' dir='ltr'>iusta,</span> <span class='ocrx_word' id='word_1_240' title='bbox 1462 1950 1500 1988; x_wconf 88' lang='lat' dir='ltr'>et</span> <span class='ocrx_word' id='word_1_241' title='bbox 1541 1945 1720 1999; x_wconf 69' lang='lat' dir='ltr'>legitima</span> 
     </span>
     <span class='ocr_line' id='line_1_27' title="bbox 93 2016 1720 2075; baseline -0.002 -11"><span class='ocrx_word' id='word_1_242' title='bbox 93 2033 232 2075; x_wconf 79' lang='lat' dir='ltr'>causa,</span> <span class='ocrx_word' id='word_1_243' title='bbox 266 2026 307 2064; x_wconf 91' lang='lat' dir='ltr'>ut</span> <span class='ocrx_word' id='word_1_244' title='bbox 342 2022 465 2064; x_wconf 90' lang='lat' dir='ltr'>etiam</span> <span class='ocrx_word' id='word_1_245' title='bbox 498 2019 730 2063; x_wconf 83' lang='lat' dir='ltr'>declaravit</span> <span class='ocrx_word' id='word_1_246' title='bbox 765 2019 910 2062; x_wconf 89' lang='lat' dir='ltr'>eadem</span> <span class='ocrx_word' id='word_1_247' title='bbox 946 2018 984 2061; x_wconf 80' lang='lat' dir='ltr'>S.</span> <span class='ocrx_word' id='word_1_248' title='bbox 1019 2018 1167 2074; x_wconf 84' lang='lat' dir='ltr'>Cougr.</span> <span class='ocrx_word' id='word_1_249' title='bbox 1194 2016 1317 2061; x_wconf 69' lang='lat' dir='ltr'>Cone.</span> <span class='ocrx_word' id='word_1_250' title='bbox 1345 2019 1381 2059; x_wconf 89' lang='lat' dir='ltr'>in</span> <span class='ocrx_word' id='word_1_251' title='bbox 1409 2017 1594 2072; x_wconf 81' lang='lat' dir='ltr'>l&#39;apiensi</span> <span class='ocrx_word' id='word_1_252' title='bbox 1620 2017 1648 2060; x_wconf 68' lang='lat'>²¹.</span> <span class='ocrx_word' id='word_1_253' title='bbox 1669 2042 1720 2046; x_wconf 89' lang='lat'>——</span> 
     </span>
     <span class='ocr_line' id='line_1_28' title="bbox 99 2086 1720 2144; baseline -0.003 -12"><span class='ocrx_word' id='word_1_254' title='bbox 99 2107 119 2132; x_wconf 74' lang='lat' dir='ltr'>&lt;c</span> <span class='ocrx_word' id='word_1_255' title='bbox 141 2092 265 2136; x_wconf 86' lang='lat' dir='ltr'>Sacra</span> <span class='ocrx_word' id='word_1_256' title='bbox 300 2096 376 2135; x_wconf 89' lang='lat' dir='ltr'>etc.</span> <span class='ocrx_word' id='word_1_257' title='bbox 412 2093 585 2144; x_wconf 78' lang='lat' dir='ltr'>censuit,</span> <span class='ocrx_word' id='word_1_258' title='bbox 607 2093 778 2134; x_wconf 86' lang='lat' dir='ltr'>uniones</span> <span class='ocrx_word' id='word_1_259' title='bbox 802 2090 930 2132; x_wconf 80' lang='lat' dir='ltr'>factas</span> <span class='ocrx_word' id='word_1_260' title='bbox 953 2090 1183 2132; x_wconf 86' lang='lat' dir='ltr'>Seminario</span> <span class='ocrx_word' id='word_1_261' title='bbox 1207 2087 1363 2144; x_wconf 83' lang='lat' dir='ltr'>absque</span> <span class='ocrx_word' id='word_1_262' title='bbox 1387 2086 1556 2129; x_wconf 86' lang='lat' dir='ltr'>consilio</span> <span class='ocrx_word' id='word_1_263' title='bbox 1580 2098 1720 2128; x_wconf 87' lang='lat' dir='ltr'>eorum</span> 
     </span>
     <span class='ocr_line' id='line_1_29' title="bbox 93 2158 1549 2221; baseline -0.005 -15"><span class='ocrx_word' id='word_1_264' title='bbox 93 2167 287 2221; x_wconf 81' lang='lat' dir='ltr'>quatuor,</span> <span class='ocrx_word' id='word_1_265' title='bbox 317 2176 421 2220; x_wconf 87' lang='lat' dir='ltr'>quos</span> <span class='ocrx_word' id='word_1_266' title='bbox 455 2162 566 2205; x_wconf 82' lang='lat' dir='ltr'>iubet</span> <span class='ocrx_word' id='word_1_267' title='bbox 599 2160 829 2206; x_wconf 89' lang='lat' dir='ltr'>Concilium</span> <span class='ocrx_word' id='word_1_268' title='bbox 864 2159 1067 2213; x_wconf 83' lang='lat' dir='ltr'>adhiberi,</span> <span class='ocrx_word' id='word_1_269' title='bbox 1107 2162 1275 2202; x_wconf 89' lang='lat' dir='ltr'>minime</span> <span class='ocrx_word' id='word_1_270' title='bbox 1313 2158 1449 2201; x_wconf 79' lang='lat' dir='ltr'>valere</span> <span class='ocrx_word' id='word_1_271' title='bbox 1473 2173 1492 2197; x_wconf 85' lang='grc'>))</span> <span class='ocrx_word' id='word_1_272' title='bbox 1523 2158 1549 2199; x_wconf 81' lang='lat'>³.</span> 
     </span>
    </p>

    <p class='ocr_par' dir='ltr' id='par_1_4' title="bbox 93 2227 1724 2714">
     <span class='ocr_line' id='line_1_30' title="bbox 214 2227 1721 2291; baseline -0.005 -14"><span class='ocrx_word' id='word_1_273' title='bbox 214 2233 399 2291; x_wconf 88' lang='lat' dir='ltr'>Denique</span> <span class='ocrx_word' id='word_1_274' title='bbox 441 2246 566 2276; x_wconf 92' lang='lat' dir='ltr'>unum</span> <span class='ocrx_word' id='word_1_275' title='bbox 610 2232 845 2275; x_wconf 87' lang='lat' dir='ltr'>alterumve</span> <span class='ocrx_word' id='word_1_276' title='bbox 889 2236 1052 2274; x_wconf 86' lang='lat' dir='ltr'>coetum</span> <span class='ocrx_word' id='word_1_277' title='bbox 1100 2232 1266 2286; x_wconf 77' lang='lat' dir='ltr'>respicit</span> <span class='ocrx_word' id='word_1_278' title='bbox 1299 2231 1338 2272; x_wconf 68' lang='lat' dir='ltr'>S.</span> <span class='ocrx_word' id='word_1_279' title='bbox 1371 2228 1412 2271; x_wconf 72' lang='lat'>(1.</span> <span class='ocrx_word' id='word_1_280' title='bbox 1447 2227 1488 2272; x_wconf 91' lang='lat' dir='ltr'>C.</span> <span class='ocrx_word' id='word_1_281' title='bbox 1535 2230 1572 2270; x_wconf 92' lang='lat' dir='ltr'>in</span> <span class='ocrx_word' id='word_1_282' title='bbox 1617 2227 1721 2270; x_wconf 90' lang='lat' dir='ltr'>Fun—</span> 
     </span>
     <span class='ocr_line' id='line_1_31' title="bbox 93 2298 1724 2360; baseline -0.005 -12"><span class='ocrx_word' id='word_1_283' title='bbox 93 2305 199 2349; x_wconf 86' lang='lat' dir='ltr'>dana</span> <span class='ocrx_word' id='word_1_284' title='bbox 225 2305 263 2347; x_wconf 64' lang='lat'>4:</span> <span class='ocrx_word' id='word_1_285' title='bbox 303 2320 323 2345; x_wconf 76' lang='lat' dir='ltr'>&lt;c</span> <span class='ocrx_word' id='word_1_286' title='bbox 347 2305 409 2347; x_wconf 90' lang='lat' dir='ltr'>Au</span> <span class='ocrx_word' id='word_1_287' title='bbox 444 2303 673 2360; x_wconf 90' lang='lat' dir='ltr'>Episcopus</span> <span class='ocrx_word' id='word_1_288' title='bbox 697 2304 892 2360; x_wconf 85' lang='lat' dir='ltr'>potuerit,</span> <span class='ocrx_word' id='word_1_289' title='bbox 915 2306 954 2345; x_wconf 89' lang='lat' dir='ltr'>et</span> <span class='ocrx_word' id='word_1_290' title='bbox 979 2304 1104 2358; x_wconf 89' lang='lat' dir='ltr'>possit</span> <span class='ocrx_word' id='word_1_291' title='bbox 1128 2301 1327 2357; x_wconf 85' lang='lat' dir='ltr'>deputare</span> <span class='ocrx_word' id='word_1_292' title='bbox 1353 2299 1583 2353; x_wconf 64' lang='lat' dir='ltr'>Rectorem,</span> <span class='ocrx_word' id='word_1_293' title='bbox 1608 2298 1724 2341; x_wconf 82' lang='lat' dir='ltr'>alios-</span> 
     </span>
     <span class='ocr_line' id='line_1_32' title="bbox 93 2368 1721 2433; baseline -0.006 -14"><span class='ocrx_word' id='word_1_294' title='bbox 93 2389 174 2433; x_wconf 88' lang='lat' dir='ltr'>que</span> <span class='ocrx_word' id='word_1_295' title='bbox 208 2375 405 2419; x_wconf 84' lang='lat' dir='ltr'>officiales</span> <span class='ocrx_word' id='word_1_296' title='bbox 437 2376 656 2418; x_wconf 82' lang='lat' dir='ltr'>Seminarii</span> <span class='ocrx_word' id='word_1_297' title='bbox 691 2372 850 2431; x_wconf 84' lang='lat' dir='ltr'>absque</span> <span class='ocrx_word' id='word_1_298' title='bbox 883 2372 1054 2416; x_wconf 88' lang='lat' dir='ltr'>consilio</span> <span class='ocrx_word' id='word_1_299' title='bbox 1079 2372 1369 2428; x_wconf 83' lang='lat' dir='ltr'>deputatorum</span> <span class='ocrx_word' id='word_1_300' title='bbox 1404 2383 1425 2413; x_wconf 93' lang='lat' dir='ltr'>e</span> <span class='ocrx_word' id='word_1_301' title='bbox 1457 2368 1643 2425; x_wconf 74' lang='lat' dir='ltr'>Capitulo</span> <span class='ocrx_word' id='word_1_302' title='bbox 1670 2394 1721 2398; x_wconf 87' lang='lat'>—</span> 
     </span>
     <span class='ocr_line' id='line_1_33' title="bbox 94 2439 1722 2502; baseline -0.004 -13"><span class='ocrx_word' id='word_1_303' title='bbox 94 2446 306 2502; x_wconf 90' lang='lat' dir='ltr'>respondit</span> <span class='ocrx_word' id='word_1_304' title='bbox 340 2471 391 2476; x_wconf 80' lang='lat'>—-</span> <span class='ocrx_word' id='word_1_305' title='bbox 427 2444 644 2501; x_wconf 79' lang='lat' dir='ltr'>Negative.</span> <span class='ocrx_word' id='word_1_306' title='bbox 680 2470 730 2474; x_wconf 92' lang='lat'>—</span> <span class='ocrx_word' id='word_1_307' title='bbox 768 2444 828 2486; x_wconf 84' lang='lat' dir='ltr'>Au</span> <span class='ocrx_word' id='word_1_308' title='bbox 866 2443 1092 2500; x_wconf 89' lang='lat' dir='ltr'>Episcopus</span> <span class='ocrx_word' id='word_1_309' title='bbox 1116 2445 1153 2485; x_wconf 92' lang='lat' dir='ltr'>in</span> <span class='ocrx_word' id='word_1_310' title='bbox 1182 2443 1455 2495; x_wconf 74' lang='lat' dir='ltr'>revisiono‚0t</span> <span class='ocrx_word' id='word_1_311' title='bbox 1480 2439 1722 2482; x_wconf 82' lang='lat' dir='ltr'>solidatione</span> 
     </span>
     <span class='ocr_line' id='line_1_34' title="bbox 95 2511 1721 2572; baseline -0.005 -13"><span class='ocrx_word' id='word_1_312' title='bbox 95 2520 384 2572; x_wconf 89' lang='lat' dir='ltr'>computorum</span> <span class='ocrx_word' id='word_1_313' title='bbox 420 2515 518 2559; x_wconf 89' lang='lat' dir='ltr'>dicti</span> <span class='ocrx_word' id='word_1_314' title='bbox 552 2515 740 2559; x_wconf 87' lang='lat' dir='ltr'>Rectoris</span> <span class='ocrx_word' id='word_1_315' title='bbox 773 2515 899 2570; x_wconf 75' lang='lat' dir='ltr'>(nunc</span> <span class='ocrx_word' id='word_1_316' title='bbox 942 2513 1176 2569; x_wconf 87' lang='lat' dir='ltr'>oeconomi)</span> <span class='ocrx_word' id='word_1_317' title='bbox 1216 2511 1407 2555; x_wconf 83' lang='lat' dir='ltr'>debuerit</span> <span class='ocrx_word' id='word_1_318' title='bbox 1441 2512 1556 2567; x_wconf 82' lang='lat' dir='ltr'>sequi</span> <span class='ocrx_word' id='word_1_319' title='bbox 1591 2511 1721 2552; x_wconf 82' lang='lat' dir='ltr'>consi-</span> 
     </span>
     <span class='ocr_line' id='line_1_35' title="bbox 95 2579 1718 2642; baseline -0.005 -13"><span class='ocrx_word' id='word_1_320' title='bbox 95 2586 193 2630; x_wconf 90' lang='lat' dir='ltr'>lium</span> <span class='ocrx_word' id='word_1_321' title='bbox 230 2585 528 2642; x_wconf 91' lang='lat' dir='ltr'>Deputatorum</span> <span class='ocrx_word' id='word_1_322' title='bbox 563 2611 620 2616; x_wconf 87' lang='lat'>-—</span> <span class='ocrx_word' id='word_1_323' title='bbox 654 2585 865 2642; x_wconf 88' lang='lat' dir='ltr'>respondit</span> <span class='ocrx_word' id='word_1_324' title='bbox 899 2607 954 2614; x_wconf 93' lang='lat'><strong>—</strong></span> <span class='ocrx_word' id='word_1_325' title='bbox 987 2587 1116 2627; x_wconf 89' lang='lat' dir='ltr'>teneri</span> <span class='ocrx_word' id='word_1_326' title='bbox 1153 2583 1351 2626; x_wconf 76' lang='lat' dir='ltr'>adhibere</span> <span class='ocrx_word' id='word_1_327' title='bbox 1385 2581 1616 2630; x_wconf 57' lang='lat' dir='ltr'>consilium.</span> <span class='ocrx_word' id='word_1_328' title='bbox 1650 2579 1718 2621; x_wconf 82' lang='lat' dir='ltr'>sed</span> 
     </span>
     <span class='ocr_line' id='line_1_36' title="bbox 96 2658 429 2714; baseline -0.003 -14"><span class='ocrx_word' id='word_1_329' title='bbox 96 2671 173 2701; x_wconf 89' lang='lat' dir='ltr'>non</span> <span class='ocrx_word' id='word_1_330' title='bbox 208 2658 325 2714; x_wconf 89' lang='lat' dir='ltr'>sequi</span> <span class='ocrx_word' id='word_1_331' title='bbox 352 2672 371 2697; x_wconf 83' lang='grc'>))</span> <span class='ocrx_word' id='word_1_332' title='bbox 402 2658 429 2699; x_wconf 65' lang='lat'>5.</span> 
     </span>
    </p>

    <p class='ocr_par' dir='ltr' id='par_1_5' title="bbox 213 2721 1722 2784">
     <span class='ocr_line' id='line_1_37' title="bbox 213 2721 1722 2784; baseline -0.006 -13"><span class='ocrx_word' id='word_1_333' title='bbox 213 2726 337 2771; x_wconf 84' lang='lat' dir='ltr'>Cone.</span> <span class='ocrx_word' id='word_1_334' title='bbox 370 2726 480 2770; x_wconf 64' lang='lat' dir='ltr'>Tricl.</span> <span class='ocrx_word' id='word_1_335' title='bbox 507 2728 521 2749; x_wconf 73' lang='lat'><strong>⁶</strong></span> <span class='ocrx_word' id='word_1_336' title='bbox 557 2731 646 2784; x_wconf 86' lang='lat' dir='ltr'>post</span> <span class='ocrx_word' id='word_1_337' title='bbox 684 2726 808 2770; x_wconf 73' lang='lat' dir='ltr'>verba</span> <span class='ocrx_word' id='word_1_338' title='bbox 846 2726 972 2770; x_wconf 88' lang='lat' dir='ltr'>relata</span> <span class='ocrx_word' id='word_1_339' title='bbox 1009 2729 1122 2770; x_wconf 83' lang='lat' dir='ltr'>initio</span> <span class='ocrx_word' id='word_1_340' title='bbox 1156 2726 1441 2769; x_wconf 75' lang='lat' dir='ltr'>commentarii</span> <span class='ocrx_word' id='word_1_341' title='bbox 1476 2735 1563 2765; x_wconf 79' lang='lat' dir='ltr'>can.</span> <span class='ocrx_word' id='word_1_342' title='bbox 1600 2721 1722 2774; x_wconf 71' lang='lat'>13:57,</span> 
     </span>
    </p>
   </div>
   <div class='ocr_carea' id='block_1_4' title="bbox 94 2851 1718 2996">
    <p class='ocr_par' dir='ltr' id='par_1_6' title="bbox 94 2851 1718 2996">
     <span class='ocr_line' id='line_1_38' title="bbox 213 2851 1718 2892; baseline -0.005 -2"><span class='ocrx_word' id='word_1_343' title='bbox 213 2857 224 2878; x_wconf 77' lang='lat'><strong>1</strong></span> <span class='ocrx_word' id='word_1_344' title='bbox 254 2856 297 2889; x_wconf 80' lang='lat'>16</span> <span class='ocrx_word' id='word_1_345' title='bbox 332 2856 422 2890; x_wconf 83' lang='lat' dir='ltr'>Feb.</span> <span class='ocrx_word' id='word_1_346' title='bbox 459 2856 561 2890; x_wconf 82' lang='grc'><strong>1609.</strong></span> <span class='ocrx_word' id='word_1_347' title='bbox 594 2876 634 2880; x_wconf 85' lang='grc'><strong>-</strong></span> <span class='ocrx_word' id='word_1_348' title='bbox 661 2855 674 2877; x_wconf 66' lang='lat'>2</span> <span class='ocrx_word' id='word_1_349' title='bbox 699 2856 719 2890; x_wconf 66' lang='grc' dir='ltr'><strong>Τ</strong></span> <span class='ocrx_word' id='word_1_350' title='bbox 747 2855 821 2892; x_wconf 79' lang='lat' dir='ltr'>Iul.</span> <span class='ocrx_word' id='word_1_351' title='bbox 850 2856 952 2890; x_wconf 76' lang='lat'>1591.</span> <span class='ocrx_word' id='word_1_352' title='bbox 994 2876 1036 2880; x_wconf 61' lang='lat'>——‹</span> <span class='ocrx_word' id='word_1_353' title='bbox 1075 2856 1089 2877; x_wconf 76' lang='lat'><strong><em>³</em></strong></span> <span class='ocrx_word' id='word_1_354' title='bbox 1116 2855 1310 2890; x_wconf 80' lang='lat' dir='ltr'>Giennen.</span> <span class='ocrx_word' id='word_1_355' title='bbox 1341 2854 1383 2886; x_wconf 72' lang='lat'>14</span> <span class='ocrx_word' id='word_1_356' title='bbox 1412 2852 1501 2885; x_wconf 80' lang='lat' dir='ltr'>Feb.</span> <span class='ocrx_word' id='word_1_357' title='bbox 1534 2851 1636 2884; x_wconf 74' lang='lat'>1544.</span> <span class='ocrx_word' id='word_1_358' title='bbox 1679 2871 1718 2874; x_wconf 97' lang='lat'><strong>—</strong></span> 
     </span>
     <span class='ocr_line' id='line_1_39' title="bbox 94 2897 1718 2948; baseline -0.005 -11"><span class='ocrx_word' id='word_1_359' title='bbox 94 2905 107 2925; x_wconf 74' lang='lat'><em>⁴</em></span> <span class='ocrx_word' id='word_1_360' title='bbox 133 2903 178 2937; x_wconf 79' lang='lat'>26</span> <span class='ocrx_word' id='word_1_361' title='bbox 205 2903 339 2937; x_wconf 78' lang='lat' dir='ltr'>Martii</span> <span class='ocrx_word' id='word_1_362' title='bbox 369 2903 471 2937; x_wconf 80' lang='lat'>1689.</span> <span class='ocrx_word' id='word_1_363' title='bbox 502 2923 544 2928; x_wconf 96' lang='lat'><strong>—</strong></span> <span class='ocrx_word' id='word_1_364' title='bbox 572 2904 586 2924; x_wconf 72' lang='grc'>5</span> <span class='ocrx_word' id='word_1_365' title='bbox 612 2903 828 2937; x_wconf 64' lang='lat' dir='ltr'>citationes</span> <span class='ocrx_word' id='word_1_366' title='bbox 855 2903 892 2937; x_wconf 88' lang='lat' dir='ltr'>S.</span> <span class='ocrx_word' id='word_1_367' title='bbox 922 2903 1065 2948; x_wconf 87' lang='lat' dir='ltr'>Congr.</span> <span class='ocrx_word' id='word_1_368' title='bbox 1092 2902 1259 2936; x_wconf 83' lang='lat' dir='ltr'>Conciiii</span> <span class='ocrx_word' id='word_1_369' title='bbox 1279 2913 1324 2934; x_wconf 65' lang='lat' dir='ltr'>ex</span> <span class='ocrx_word' id='word_1_370' title='bbox 1345 2899 1495 2934; x_wconf 76' lang='lat' dir='ltr'>Giraldi</span> <span class='ocrx_word' id='word_1_371' title='bbox 1518 2899 1625 2931; x_wconf 75' lang='lat' dir='ltr'>Toni.</span> <span class='ocrx_word' id='word_1_372' title='bbox 1647 2897 1718 2937; x_wconf 71' lang='lat'>111,</span> 
     </span>
     <span class='ocr_line' id='line_1_40' title="bbox 94 2949 1178 2996; baseline -0.002 -11"><span class='ocrx_word' id='word_1_373' title='bbox 94 2962 183 2996; x_wconf 85' lang='lat' dir='ltr'>pag.</span> <span class='ocrx_word' id='word_1_374' title='bbox 212 2951 292 2992; x_wconf 73' lang='lat'><strong>983,</strong></span> <span class='ocrx_word' id='word_1_375' title='bbox 319 2951 400 2985; x_wconf 74' lang='lat'>984.</span> <span class='ocrx_word' id='word_1_376' title='bbox 426 2972 470 2975; x_wconf 97' lang='lat'><strong>—</strong></span> <span class='ocrx_word' id='word_1_377' title='bbox 497 2951 510 2972; x_wconf 72' lang='grc'>6</span> <span class='ocrx_word' id='word_1_378' title='bbox 537 2949 627 2994; x_wconf 80' lang='lat' dir='ltr'>Cap.</span> <span class='ocrx_word' id='word_1_379' title='bbox 659 2950 703 2984; x_wconf 79' lang='lat'>18</span> <span class='ocrx_word' id='word_1_380' title='bbox 728 2962 825 2985; x_wconf 84' lang='lat' dir='ltr'>sess.</span> <span class='ocrx_word' id='word_1_381' title='bbox 855 2950 995 2984; x_wconf 85' lang='lat' dir='ltr'>XXIII</span> <span class='ocrx_word' id='word_1_382' title='bbox 1021 2950 1066 2984; x_wconf 86' lang='lat' dir='ltr'>de</span> <span class='ocrx_word' id='word_1_383' title='bbox 1094 2950 1178 2984; x_wconf 69' lang='lat' dir='ltr'>Rei.</span> 
     </span>
    </p>
   </div>
  </div>
 </body>
</html>
