1965 3240
530 167 612 201 TIT.
639 167 728 202 XX.
755 187 767 193 -
794 168 851 202 Dc
878 169 978 202 verbi
1004 170 1130 203 ‹lii-ini
1152 172 1443 214 praedicatione
1729 172 1797 206 ‘253

171 286 334 343 agenda
371 289 580 343 praecepit
612 299 802 344 quaeque
836 286 1022 330 homines
1050 277 1199 343 'reapse
1232 295 1375 338 agunt:
1412 294 1497 345 post
1525 290 1639 342 llaec,
1663 304 1798 333 exem-

175 358 252 414 plis
285 362 518 414 opportune
553 371 688 413 usum,
721 370 827 416 quae
865 357 926 400 vet
962 371 982 400 e
1015 359 1238 414 Scripturis
1260 362 1401 408 sacris,
1429 360 1489 403 rel
1526 374 1573 403 ex
1609 361 1799 404 ecclesia-

171 430 274 472 stica
307 427 492 479 historia,
528 428 590 471 vel
625 442 647 472 e
680 433 916 472 sanctornm
945 431 1128 471 vii-orum
1158 431 1238 472 vita
1263 433 1469 486 sapienter
1493 431 1797 486 lianserit,sna—

171 500 271 543 dere
304 500 515 542 auditores
538 502 695 557 eisque,
726 502 880 543 intento
906 499 1032 542 veluti
1058 500 1201 556 (ligno,
1226 506 1551 544 commonstrare
1576 516 1655 559 qno
1681 506 1796 558 pacto

172 575 421 626 componant
458 584 610 624 mores,
646 571 769 614 tinem
804 570 984 628 denique
1019 570 1221 613 hortando
1256 572 1403 625 lacere,
1439 577 1480 614 ut
1524 575 1591 629 qni
1636 573 1795 616 adstant

172 640 369 684 horreant
404 643 501 683 vitia
537 653 584 684 ac
618 640 841 697 declinent,
876 643 1072 684 virtutem
1113 646 1384 686 sectentur».

293 711 390 754 208.
427 714 686 757 Instructio
735 726 997 768 puerorum
1046 715 1110 757 ad
1159 716 1471 758 sacramenta
1515 715 1605 758 rite
1648 716 1794 759 susci-

170 784 370 839 pienda.
405 781 464 824 Ex
500 781 646 826 litteris
669 784 754 825 cit.⁸
782 798 802 823 ((
826 782 989 826 Acerbo
1024 785 1146 825 nimis
1170 798 1189 823 ))
1220 785 1380 825 numeri
1408 783 1434 825 ll
1463 797 1509 826 ac
1535 783 1581 825 lll
1614 783 1794 826 translati

171 854 339 896 suerunt
373 855 410 896 in
446 867 536 896 can.
574 855 705 897 1330.
744 852 867 896 Debet
900 856 1059 896 ratione
1092 854 1214 896 oliicii
1247 852 1473 910 parochus,
1507 867 1577 897 sen
1612 856 1797 911 quisquis

168 926 404 967 animarum
439 936 583 967 curam
617 926 723 980 gerit
758 924 806 967 ad
843 936 1029 967 normam
1064 937 1154 968 can.
1181 924 1288 967 451:
1316 950 1366 954 ——
1394 924 1448 966 1.0
1471 924 1604 967 Statis
1640 927 1726 967 inre
1750 936 1795 967 a(-

170 995 308 1038 forsan
343 994 644 1038 consuetudine
677 999 745 1038 aut
782 1008 853 1051 per
886 995 1132 1038 dioecesana
1176 999 1326 1037 statuta
1363 994 1628 1052 temporibus,
1664 1008 1702 1038 κ’.
1736 1008 1796 1050 gr.

168 1067 387 1109 occasione
423 1067 668 1108 visitationis
701 1066 972 1109 dioecesanae
1020 1065 1071 1108 ad
1121 1078 1308 1107 normam
1343 1078 1432 1109 can.
1469 1066 1566 1113 7835,
1604 1065 1666 1108 rel
1703 1070 1797 1108 ante

175 1151 195 1176 ((
219 1135 524 1179 hebdomadam
561 1137 822 1180 Pentecostes
842 1152 860 1177 ))
900 1136 1008 1193 (can.
1044 1136 1157 1189 790),
1193 1135 1425 1178 continenti
1446 1135 1686 1193 perplures
1709 1134 1797 1178 (lies

164 1207 454 1260 institutione,
467 1212 665 1265 quantum
691 1221 794 1264 opus
812 1208 933 1250 fuerit
953 1220 1026 1264 pro
1046 1220 1268 1264 puerorum
1294 1208 1628 1255 circumstantiis,
1644 1220 1798 1264 pueros

171 1280 388 1335 utriusque
407 1291 545 1332 sexus,
580 1282 620 1328 a)
643 1294 662 1319 «
691 1283 905 1336 postquam
930 1277 979 1321 ad
1005 1290 1134 1321 annos
1157 1277 1433 1330 discretionis,
1458 1277 1562 1320 idest
1595 1277 1644 1319 ad
1680 1290 1796 1319 usum

172 1350 344 1392 rationis
379 1348 475 1406 (illi)
510 1351 818 1405 pervenerint»
858 1348 968 1405 (can.
1004 1348 1210 1405 906).sen
1246 1347 1284 1405 b)
1324 1363 1344 1388 c<
1368 1348 1418 1391 ad
1461 1350 1681 1404 septimum
1720 1349 1797 1390 cir-

176 1421 280 1462 citer
312 1422 458 1463 aetatis
500 1432 697 1463 annum»
737 1421 842 1471 (can.
887 1420 1004 1476 788),
1040 1418 1095 1462 od
1132 1424 1398 1462 sacramenta
1438 1421 1476 1471 a)
1515 1418 1799 1475 poenitentiae

169 1492 293 1533 etiam
331 1492 464 1546 primo
498 1495 537 1533 et
571 1489 611 1546 b)
637 1490 970 1547 confirmationis
992 1490 1089 1544 rite,
1115 1503 1284 1546 nempe:
1322 1489 1457 1533 valide
1481 1494 1519 1532 et
1543 1502 1636 1532 cum
1662 1490 1797 1532 fructu

168 1560 439 1618 suscipienda
473 1560 655 1618 singulis
689 1561 814 1604 annis
846 1563 1004 1604 ratione
1036 1561 1315 1615 diversorum,
1349 1562 1417 1617 qui
1454 1559 1706 1616 praedictam
1732 1572 1797 1602 ae-

169 1636 296 1675 tatem
330 1633 551 1688 attingunt,
586 1632 650 1675 vel
686 1645 732 1676 ea
766 1637 1025 1676 sacramenta
1058 1634 1268 1688 suscipere
1303 1632 1485 1674 fortassis
1510 1630 1798 1686 neglexerunt,

166 1715 456 1760 praeparore;
489 1729 541 1734 —
575 1703 639 1746 20
678 1702 890 1746 Peculiari
922 1703 1093 1746 omnino
1126 1702 1282 1754 studio,
1316 1704 1411 1759 quia
1447 1702 1579 1744 influit
1616 1700 1733 1743 valde
1759 1702 1795 1742 in

172 1775 299 1817 vitam
333 1773 654 1817 christianorum
687 1774 946 1830 singulorum
984 1776 1115 1830 prima
1139 1775 1390 1824 communio,
1415 1778 1453 1816 et
1480 1776 1646 1828 propter
1672 1773 1797 1828 ipsius

169 1843 332 1888 Domini
369 1845 457 1889 lesu
502 1848 682 1902 primum
728 1846 778 1889 ad
829 1847 1010 1888 animam
1059 1857 1289 1899 accessum,
1320 1843 1586 1902 praesertim.
1621 1843 1657 1885 si
1690 1841 1797 1884 nillil

168 1913 291 1968 obsit,
330 1914 694 1973 Quadrayesimoe
729 1921 923 1974 tempore,
958 1918 1055 1974 quia
1093 1931 1114 1956 (ι
1138 1917 1272 1958 omnis
1315 1914 1462 1964 tidelis,
1497 1918 1711 1970 postquam
1746 1913 1794 1956 ad

170 1988 340 2030 rationis
375 2000 494 2030 usum
528 1989 778 2044 pervenerit,
814 1987 937 2031 debet
968 1986 1095 2030 semel
1130 1989 1168 2029 in
1203 1999 1323 2032 anno,
1348 1985 1494 2028 saltem
1520 1987 1556 2027 in
1585 1983 1796 2033 l'aschate,

169 2056 457 2101 Eucharistiae
490 2062 797 2102 sacramentum
832 2051 1020 2114 recipere
1044 2074 1063 2099 ))
1101 2059 1208 2110 (can.
1234 2058 1331 2108 859,
1354 2056 1382 2113 ξ
1416 2055 1473 2112 1),
1512 2071 1531 2095 ((
1555 2057 1660 2111 aptis
1686 2066 1796 2110 prae-

169 2127 430 2185 ceptionibus
472 2133 511 2172 et
555 2128 901 2173 hortationibus»
943 2129 1054 2185 (litt.·
1086 2131 1171 2172 cit.‘
1203 2142 1241 2171 n.
1277 2126 1346 2184 ΙΙΙ)
1383 2139 1536 2185 pueros
1581 2127 1795 2182 utriusque

169 2212 294 2242 sexus
312 2198 373 2241 sic
390 2198 616 2243 instituere
635 2200 769 2257 quoad
791 2199 890 2243 illud
909 2199 1219 2256 suscipiendum
1239 2201 1559 2242 sacramentum.
1582 2201 1624 2238 ut
1642 2201 1796 2245 sancte,

171 2274 292 2327 prout
323 2272 492 2314 ‘tractari
526 2269 692 2323 debent,
728 2271 886 2314 Sancta
916 2270 1102 2328 primum
1135 2269 1185 2313 (Ie
1218 2268 1352 2311 altari
1385 2268 1525 2312 libent.

290 2341 389 2384 ‘209-
434 2343 707 2389 Perfectior
748 2357 1011 2400 puerorum
1055 2343 1326 2387 instructio.
1375 2339 1415 2381 ln
1462 2337 1578 2382 Dec.0
1617 2353 1636 2377 t<
1661 2337 1792 2391 Quam

169 2411 414 2468 singulari»
463 2412 502 2456 S.
536 2412 704 2470 Congi·.⁸
741 2414 792 2457 de
831 2412 1049 2469 disciplina
1092 2413 1454 2456 sacramentorum
1481 2409 1493 2431 ¹
1530 2409 1678 2464 legitur
1720 2406 1796 2450 sub

171 2496 282 2526 num.
320 2481 414 2528 Vl...
455 2499 473 2524 <i
498 2483 762 2528 Meminerint
796 2488 1007 2541 praeterea
1032 2482 1183 2541 quibus
1206 2495 1251 2526 ea
1276 2494 1374 2525 cura
1404 2485 1477 2532 est,
1501 2481 1792 2536 gravissimum

170 2566 252 2611 quo
287 2558 478 2597 tenentur
511 2554 692 2598 officium
728 2554 975 2611 providendi
1010 2559 1053 2597 ut
1088 2553 1263 2610 publicis
1286 2551 1514 2596 catechesis
1549 2550 1793 2606 praeceptio-

171 2623 293 2667 nibus
326 2627 441 2680 pueri
477 2627 552 2681 ipsi
587 2627 787 2669 interesse
821 2629 1009 2682 pergant,
1031 2627 1092 2667 sin
1129 2626 1278 2678 minus,
1301 2621 1542 2666 mirumdem
1578 2618 1794 2673 religiosae

173 2696 417 2738 institutioni
441 2695 521 2739 alio
545 2696 667 2739 modo
691 2695 908 2752 suppleant
932 2711 971 2736 n.
1008 2697 1112 2738 Huic
1148 2696 1299 2737 monito
1323 2695 1432 2736 circa
1457 2692 1635 2734 officinm
1660 2688 1794 2732 adhuc

290 2919 301 2940 ¹
328 2918 351 2952 8
375 2918 480 2964 Aug.
510 2920 612 2959 1910,
643 2918 719 2954 CO.
749 2919 801 2959 Π,
830 2918 910 2952 58-2.
