1965 3240
638 201 721 236 Tl'r.
751 201 862 236 XXI.
892 223 904 228 -
931 203 986 237 De
1012 206 1246 240 ›Sentium-iis
1684 213 1754 245 299

131 316 242 360 nullo
276 323 463 374 excepto,
497 322 754 363 sanctissima
792 320 885 375 lex,
919 324 985 365 cui
1020 324 1186 380 quidem
1212 328 1243 367 si
1272 326 1503 380 religiosius
1534 343 1661 386 usque
1684 332 1753 373 ad-

132 386 210 431 buc
244 387 574 444 obtemperatum
611 396 730 445 esset,
767 396 876 435 tanta
913 394 997 435 fere
1032 392 1184 450 ubique
1219 409 1295 438 non
1336 404 1438 440 esset
1481 403 1665 454 paucims
1698 414 1757 444 sa-

130 458 346 501 cerdotum
372 474 411 500 )>.

246 527 501 573 Documenta
526 530 760 575 exhibenda
783 534 819 574 in
844 532 1157 576 similitudinem
1184 550 1201 575 «
1222 536 1522 591 adspirantium
1546 542 1581 582 iu
1607 544 1755 597 quavis

129 598 371 655 religione»
409 600 516 655 (can.
552 601 665 657 344).
702 608 890 646 recenset
920 604 948 660 ξ
982 603 1018 646 ⁶2.
1053 604 1283 662 „interluunt
1331 608 1606 665 recipiantur,
1645 612 1751 668 quod

56 667 60 671 ’
125 674 275 726 gravat
307 670 549 726 deputatum
586 675 624 714 in
658 672 888 716 Seminario
913 673 1008 717 liuic
1034 678 1208 719 muneri.
1233 675 1478 719 (levamenta
1502 693 1607 735 quae
1631 682 1751 724 tidem

128 740 279 782 faciant
310 738 505 782 e-rlzibere
542 740 687 784 dehent
721 756 792 798 per
824 756 867 786 se
904 743 964 786 vel
1002 757 1073 800 per
1106 744 1230 787 alium
1269 760 1304 788 v.
1331 761 1392 802 gr.
1419 754 1618 803 parentes,
1644 751 1684 805 a)
1705 751 1754 793 de

126 809 398 867 leqi'timitale
428 811 637 854 natalium
673 815 856 857 fortassis
888 814 1142 858 sufficienter
1166 818 1378 859 man-it'esta
1404 832 1451 860 ex
1477 823 1663 876 sequenti
1688 821 1754 863 do-

125 885 319 924 cumento
352 880 403 924 de
434 882 638 940 susceptis
679 883 717 927 bl
751 883 1002 942 baptisimtle
1034 884 1074 942 c)
1108 891 1147 928 et
1181 888 1508 942 confirmatiaeme,
1543 891 1651 947 quod
1688 905 1752 933 no-

127 965 224 995 vum
259 957 319 995 est
353 954 391 995 in
427 955 516 996 iure
549 956 718 1010 scripto,
751 955 796 1011 d)
829 970 878 998 ae
905 955 955 998 (le
988 956 1073 998 vita
1107 963 1145 999 et
1180 957 1378 1011 moribus„
1417 973 1453 1000 r.
1489 974 1550 1016 gr.
1585 962 1752 1016 parochi

125 1022 259 1066 simile
298 1025 594 1067 testimonium.

246 1093 411 1137 Praeter
444 1095 663 1152 qualitates
696 1095 773 1140 sub
803 1096 850 1154 §⁰
886 1097 930 1139 1³
963 1102 1001 1140 et
1041 1098 1369 1143 «documenta»
1408 1114 1456 1143 ex
1492 1101 1537 1157 §⁰
1573 1102 1629 1156 2³,
1655 1116 1755 1158 opus

125 1169 185 1207 est
218 1178 297 1207 non
331 1164 495 1208 excludi
531 1165 582 1209 ab
617 1169 803 1223 ingressu
837 1169 1055 1211 Seminarii
1093 1172 1225 1225 prouti
1274 1170 1524 1226 prohibitum
1570 1177 1629 1215 est
1667 1175 1754 1230 qui-

126 1235 298 1279 busdam
336 1238 468 1292 primo
511 1251 583 1293 per
627 1237 721 1280 Dec.
762 1237 945 1282 «Vetuit
977 1239 1016 1282 S.
1051 1240 1243 1296 Synodus
1265 1257 1285 1282 »
1324 1242 1362 1285 S.
1403 1241 1546 1298 Cong.³
1578 1242 1699 1286 Couc.
1728 1244 1754 1285 ¹.

124 1307 275 1351 Motiva
313 1307 421 1350 Dec.i
457 1310 494 1350 in
530 1321 577 1351 eo
612 1310 762 1352 inserta
797 1315 914 1354 sunt:
948 1312 1042 1367 quia
1077 1311 1283 1367 generalis
1318 1312 1380 1355 lex
1415 1311 1538 1356 Cone.
1571 1313 1680 1357 Trid.
1716 1317 1752 1357 iu

124 1390 213 1434 cap.
251 1378 268 1420 ‘l
307 1392 404 1424 sess.
443 1377 531 1420 xlv
566 1379 617 1422 de
650 1379 737 1423 nef.
771 1380 1099 1424 Semimniorum
1144 1389 1308 1440 qnoque
1351 1383 1540 1426 alumnos
1573 1398 1754 1441 compre-

125 1448 280 1492 hendit.
329 1451 367 1493 Si
418 1451 510 1506 quis
559 1450 731 1505 proinde
780 1463 923 1493 eorum
964 1465 1028 1494 «e
1063 1454 1128 1508 pio
1164 1452 1252 1496 loco
1286 1453 1516 1497 dimittatur
1559 1468 1605 1497 ee
1644 1456 1751 1512 quod

123 1524 235 1563 certa
273 1522 499 1563 vocationis
531 1523 648 1577 signa
682 1534 760 1563 non
797 1521 1005 1578 praebeat,
1045 1528 1115 1566 aut
1157 1523 1425 1580 qualitatibus
1466 1525 1513 1568 ad
1559 1526 1751 1569 ecclesia-

122 1591 272 1633 sticum
305 1595 454 1633 statum
491 1593 698 1648 requisitis
742 1605 820 1634 non
868 1593 1059 1636 videatur
1093 1595 1316 1637 instructus
1340 1611 1379 1647 )),
1413 1608 1491 1638 non
1527 1610 1624 1651 ergo
1663 1596 1753 1639 aliis

122 1661 173 1704 de
196 1663 332 1704 causis
355 1661 405 1704 ad
430 1661 672 1705 clericatum
698 1675 776 1705 non
804 1665 1118 1719 pertinentibus,
1159 1680 1179 1705 ((
1204 1664 1270 1708 ille
1294 1671 1406 1708 certe
1429 1665 1614 1718 deberet,
1641 1668 1749 1709 iuxta

122 1733 252 1787 gr‘ave
284 1732 323 1776 S.
357 1730 398 1776 C.
433 1731 604 1776 Concilii
631 1735 847 1788 monitum,
869 1736 931 1777 sui
960 1734 1135 1778 Pastoris
1157 1736 1311 1779 iudicio
1334 1736 1501 1780 subesse
1525 1742 1562 1780 et
1586 1739 1751 1794 aequie-

121 1816 295 1847 scere».
437 1804 440 1808 ’

245 1874 341 1917 «At
374 1879 517 1918 contra
550 1888 674 1932 saepe
707 1876 986 1933 contingebat,
1024 1882 1066 1921 ut
1098 1891 1120 1921 e
1153 1879 1384 1922 Seminario
1418 1879 1590 1928 dimissi,
1611 1893 1751 1922 eorum

121 1947 190 2002 qui
228 1950 423 2001 praesunt
465 1946 617 1990 iudicio
664 1948 1027 2004 parvipendentes,
1064 1952 1313 2007 proprioque
1358 1952 1486 1992 innixi
1525 1950 1574 1992 ad
1610 1951 1753 1992 Sacer-

120 2016 279 2059 dotium
315 2015 582 2060 nibilominus
625 2018 851 2062 ascendere
894 2019 1170 2063 studerent».
1207 2019 1312 2063 Hinc
1348 2023 1603 2076 experientia
1639 2025 1753 2072 teste,

120 2086 330 2130 Ecclesiae
364 2087 531 2131 utilitati
566 2091 736 2132 minime
773 2090 993 2145 proderant
1029 2095 1067 2134 et
1101 2090 1325 2147 Episcopos
1350 2094 1387 2133 in
1413 2094 1625 2147 angustias
1658 2104 1750 2134 con-

123 2156 330 2201 iiciebant.

237 2228 500 2285 Quapropter
534 2230 673 2286 plures
711 2231 945 2289 «Episcopi
981 2235 1085 2276 inter
1122 2246 1165 2276 se
1209 2238 1490 2276 convenerant
1525 2238 1749 2275 statuentes

120 2300 158 2341 in
192 2311 264 2342 sua
297 2300 526 2343 Seminaria
560 2303 768 2345 neminem
803 2303 1023 2346 admittere
1056 2306 1125 2360 qui
1161 2308 1255 2346 ante
1278 2305 1398 2346 fuerit
1433 2316 1453 2346 a
1490 2305 1655 2359 proprio
1689 2303 1747 2345 di-

121 2371 281 2413 missus.
316 2394 371 2401 —
403 2371 486 2425 Sed⁸
515 2384 609 2414 cum
647 2373 907 2428 particularis
941 2373 1042 2417 haec
1076 2376 1295 2417 conventio
1341 2387 1418 2416 non
1466 2373 1582 2429 plene
1617 2386 1748 2430 neque

119 2440 302 2497 undique
349 2442 570 2496 sufficeret,
604 2443 841 2500 complures
889 2441 1102 2488 Ordinarii
1147 2445 1186 2489 S.
1230 2444 1377 2487 Sedem
1420 2449 1670 2500 rogaverunt
1707 2449 1746 2486 ut

118 2511 355 2566 generalem
391 2512 521 2568 legem
557 2515 696 2568 t'erret,
730 2527 810 2571 qua
846 2514 998 2558 malum
1036 2515 1233 2558 radicitus
1267 2514 1541 2557 tolleretur».

235 2579 411 2626 Omissis
444 2590 587 2626 num.m
611 2584 649 2627 Ξῖ
673 2598 720 2628 ac
745 2585 783 2627 3ἰ
810 2586 1218 2642 praescriptionibus,
1242 2598 1346 2642 quae
1383 2590 1598 2641 propterea
1629 2600 1649 2624 (ς
1668 2598 1749 2627 om-

118 2665 210 2695 nem
247 2654 329 2694 vim
365 2655 551 2697 amisisse
584 2655 760 2699 dicenda
793 2661 886 2699 suut
911 2672 931 2697 ))
971 2656 1080 2713 (can.
1117 2658 1154 2700 ti.
1190 2656 1266 2712 6⁰),
1302 2669 1519 2698 numerum
1560 2655 1609 2697 1ω
1632 2668 1679 2698 ac
1711 2657 1745 2697 ei

116 2735 343 2766 consonum
378 2723 433 2766 4¹¹²
466 2725 590 2768 refert
622 2728 874 2769 coniunctim
908 2727 936 2784 εξ
970 2726 1008 2769 3
1047 2726 1220 2770 [h'missi
1253 2725 1434 2783 quolibet
1471 2728 1639 2778 motivo,
1669 2738 1745 2767 nou

119 2795 199 2836 iam
234 2799 378 2850 sponte
411 2795 665 2851 recedentes,
685 2796 725 2854 a)
752 2811 803 2839 εχ
825 2796 927 2840 aliis
952 2800 1116 2853 proprie
1140 2798 1260 2841 dictis
1286 2796 1537 2839 Seminarz'i.s·
1560 2795 1744 2851 singulis.

239 2948 251 2969 1
277 2948 323 2980 22
349 2948 443 2982 Dee.
476 2948 578 2991 1905,
608 2948 685 2984 eo.
714 2949 765 2994 11,
798 2950 876 2983 106.
