1965 3240
142 112 213 144 444
285 110 368 144 Lm.
396 109 465 144 111.
493 129 504 134 —
530 109 642 144 PARS
668 110 713 143 V.
742 129 755 135 -
780 110 838 145 De
862 110 984 153 benef.
1012 113 1046 145 et
1072 112 1198 145 instit.
1227 111 1353 145 eccles.
1380 121 1468 162 non,
1485 111 1615 156 colleq.

142 230 216 272 rit:
251 227 372 271 Nullo
408 228 529 271 modo
561 227 745 271 dandum
780 242 869 272 esse
903 228 1179 285 Evangelium
1202 228 1253 272 ad
1277 228 1550 273 osculandum
1582 230 1767 274 saecula-

142 298 270 352 ribus,
303 300 428 342 etiam
464 298 660 353 Praesidi,
695 301 733 342 in
767 299 1047 343 celebratione
1081 298 1322 353 Missarum;
1356 312 1514 343 necnon
1549 302 1647 358 ipsis
1680 314 1770 358 pro-

141 368 322 413 hibuerit
354 382 474 412 usum
512 368 764 425 Baldachini,
797 383 844 414 ac
887 372 1057 426 insuper
1098 369 1372 426 denegaverit
1414 373 1687 415 assistentiam
1728 374 1770 414 in

141 439 428 496 Presbyteri03
461 439 611 484 Emmi.
647 445 686 483 et
720 440 854 485 Rdmi.
893 440 1053 483 Domini
1086 440 1124 484 S.
1159 439 1206 484 R.
1242 443 1464 497 praepositi
1504 442 1769 498 mandarunt,

141 515 183 553 ut
217 509 392 554 Decreta
424 510 527 554 haec
562 515 879 562 renoventur»,
914 525 986 568 per
1022 512 1116 554 Dec.
1149 509 1351 554 Generale
1383 511 1460 556 sub
1494 512 1560 555 die
1587 512 1638 556 13
1665 512 1769 556 Mar-

141 583 184 624 tii
224 581 334 624 1688
362 582 391 624 ²,

263 652 359 695 360.
395 655 690 700 Exercitium
712 656 832 700 iuris
865 657 1157 710 patronatus
1191 652 1431 696 moderatur
1463 654 1598 711 quoad
1635 666 1772 710 perso-

144 735 238 766 nam
274 725 433 780 patroni
467 712 714 767 cah.1456.
755 751 803 754 -
848 722 974 777 Umor,
1012 723 1116 767 idest
1150 722 1314 778 mulier,
1348 737 1427 767 non
1462 723 1650 768 obstante
1684 737 1768 767 ma-

144 793 251 836 ritali
288 798 500 850 potestate,
529 808 609 852 per
639 794 822 852 seipsam
850 794 916 837 ius
935 798 1192 852 patronatus
1224 793 1301 837 sibi
1335 799 1575 851 competens
1607 799 1771 837 emercet

143 866 266 907 etiam
301 864 436 921 quoad
472 864 741 921 privilegium
775 864 851 908 sub
885 864 943 907 n.⁰
980 863 1022 906 1⁰
1054 864 1175 908 can.³³
1210 864 1337 920 1455,
1370 865 1479 923 quod
1524 867 1772 922 supponitur

143 936 183 977 in
217 947 306 990 cap.
343 935 395 977 16
434 950 454 975 (ι
478 935 529 978 de
562 937 829 978 concessione
864 935 1125 991 praebendae
1148 939 1187 977 et
1211 935 1411 979 ecclesiae
1433 948 1513 978 non
1538 938 1765 979 vacantis»

142 1004 227 1061 (lll,
262 1005 303 1061 8)
336 1008 373 1048 111
408 1018 489 1062 quo
523 1005 771 1061 reprobatur
813 1008 1045 1050 contrarius
1087 1005 1254 1050 abusus.
1289 1005 1356 1050 Sic
1390 1008 1500 1049 enim
1533 1007 1590 1049 ait
1632 1005 1770 1049 Hono-

142 1077 228 1118 rius
260 1075 330 1119 lll:
369 1091 389 1117 «
412 1075 513 1119 Cum
546 1075 698 1119 dilecta
733 1078 771 1119 in
805 1075 967 1120 Christo
1000 1076 1083 1119 filia
1117 1079 1326 1120 comitissa
1360 1076 1578 1121 Flandren.
1628 1077 1772 1120 iecerit

142 1148 436 1202 promissiones
468 1147 519 1189 de
552 1160 631 1190 non
676 1146 922 1191 vacantibus
964 1146 1177 1191 beneficiis
1219 1147 1506 1201 ecclesiarum,
1541 1149 1580 1190 in
1619 1146 1773 1205 quibus

142 1218 206 1260 ius
238 1216 395 1260 obtinet
427 1222 689 1274 patronatus:
723 1222 759 1261 et
794 1218 1037 1262 donationes
1079 1231 1222 1261 eorum
1274 1220 1312 1261 in
1362 1217 1554 1261 manibus
1587 1219 1771 1274 posuerit

142 1287 310 1331 alienis:
345 1287 602 1342 Mandamus,
635 1294 840 1346 quatenus
874 1289 911 1331 id
948 1291 1108 1332 irritum
1144 1289 1431 1343 decernentes,
1466 1287 1685 1332 inhibeatis
1717 1290 1773 1331 ei-

143 1358 252 1413 dem,
286 1372 337 1402 ne
369 1359 518 1402 similia
553 1360 604 1403 de
638 1364 802 1403 caetero
834 1364 1037 1403 attentare
1072 1365 1371 1416 praesumat».
1406 1385 1459 1391 -
1505 1359 1772 1417 Prosequitur

143 1441 297 1474 canon:
334 1430 515 1473 numeres
548 1444 619 1474 seu
658 1447 680 1472 α
704 1431 809 1474 infra
843 1435 1065 1474 aetatem»
1105 1431 1154 1473 ⁶21
1192 1444 1395 1474 annorum
1430 1430 1539 1489 (can.
1565 1431 1634 1486 88,
1668 1432 1693 1484 ᾗ
1727 1428 1770 1487 1)

143 1501 192 1545 ad
230 1514 415 1544 normam
451 1514 539 1546 can.
576 1502 628 1545 89
667 1505 775 1545 «ius
810 1503 1049 1558 patronatus
1080 1507 1321 1546 exercent»
1356 1516 1434 1560 per
1462 1506 1662 1560 parentes
1696 1506 1771 1544 aut

142 1586 219 1630 per
253 1577 424 1625 tutores,
444 1586 620 1630 quorum
659 1575 847 1630 potestati
881 1578 975 1616 actu
1009 1573 1177 1617 obnoxii
1219 1578 1407 1627 manent,
1443 1586 1536 1617 curn
1571 1572 1648 1616 hac
1681 1577 1771 1615 tan·

145 1648 230 1686 tum
264 1646 510 1700 exceptione
544 1643 653 1701 quod
685 1643 722 1686 si
751 1649 951 1701 parentes
989 1644 1051 1687 vel
1096 1649 1253 1687 tutores
1284 1649 1404 1688 antea
1437 1644 1640 1700 designati
1675 1657 1772 1686 aca-

145 1712 291 1757 tholici
323 1713 424 1767 sint,
456 1715 565 1771 quod
604 1714 777 1758 verbum
814 1728 886 1771 per
918 1729 961 1758 se
999 1730 1018 1755 <‹
1038 1715 1088 1758 ad
1125 1715 1325 1769 infideles,
1352 1714 1515 1771 publice
1547 1718 1769 1775 apostatas,

145 1784 387 1840 haereticos,
422 1785 708 1830 schismaticos
730 1801 750 1826 ))
788 1786 1039 1837 extenditur,
1072 1786 1143 1829 sed
1169 1799 1218 1829 ex
1243 1798 1401 1829 canone
1426 1785 1621 1842 parallelo
1644 1785 1771 1837 1453,

144 1858 168 1909 ἓ
203 1856 221 1898 1
260 1861 514 1912 congruente
547 1855 776 1900 canonibus
818 1856 869 1899 de
912 1859 1355 1900 excommunicationis
1398 1869 1586 1911 censura,
1622 1856 1770 1900 eadem

145 1928 385 1969 extensione
418 1939 465 1970 ac
507 1927 643 1970 dictus
672 1926 734 1984 §¹¹⁸
767 1932 828 1970 est
868 1926 1237 1983 interpretandum,
1274 1929 1312 1970 in
1356 1926 1594 1970 huiusmodi
1639 1926 1770 1984 hypo·

146 1996 248 2040 thesi
276 1996 340 2039 ius
359 2002 615 2054 patronatus
641 2000 810 2040 minoris
835 1997 1003 2040 interim
1026 2011 1272 2055 suspensum
1288 2000 1334 2040 >in
1359 1997 1544 2041 eiusdem
1570 1999 1772 2041 exercitio

148 2073 297 2111 manet.

266 2138 362 2181 361.
396 2141 612 2195 Tempus
634 2140 751 2185 utile
772 2141 836 2184 ad
860 2141 1197 2196 peragendam
1225 2141 1676 2196 praesentationem
1708 2140 1770 2182 sie

146 2208 290 2252 definit
322 2223 411 2252 ean.
453 2211 571 2252 1457
605 2223 652 2253 ex
688 2211 777 2252 iure
811 2211 994 2267 antiquo,
1029 2209 1124 2254 licet
1161 2214 1480 2266 «opportunam
1520 2210 1770 2252 immutatio-

146 2293 238 2323 nem
273 2280 418 2322 ass'erat
441 2296 461 2320 ›>
499 2283 603 2333 (can.
638 2279 695 2337 6).
729 2279 795 2323 Sic
829 2282 937 2323 enim
981 2283 1122 2324 statuit
1155 2293 1243 2337 cap.
1279 2293 1345 2323 un.
1385 2280 1480 2323 «de
1515 2282 1603 2323 iure
1636 2284 1769 2336 patro-

146 2355 265 2393 natus
287 2366 308 2391 »
347 2350 427 2405 illl,
466 2351 536 2408 19)
571 2353 609 2393 111
636 2347 698 2395 6⁰:
738 2350 894 2394 «Licet
929 2356 1124 2407 patronus
1156 2351 1285 2394 laicus
1318 2351 1366 2394 ad
1404 2350 1769 2407 praesentandum,

145 2425 308 2477 tempus
340 2421 487 2464 habeat
522 2421 826 2478 qitadrimestre
860 2422 1098 2475 dumtaxat3
1134 2421 1307 2465 ecclesia
1352 2426 1489 2464 tamen
1527 2420 1590 2464 vel
1627 2433 1765 2464 mona-

145 2494 331 2545 sterium,
365 2495 429 2536 cui
464 2493 567 2535 lacta
601 2497 660 2535 est
694 2505 715 2535 a
751 2491 854 2535 laico
879 2495 979 2535 iuris
1004 2497 1243 2548 patronatus
1266 2492 1432 2535 donatio
1457 2497 1620 2548 tempus
1643 2491 1768 2535 habet

144 2567 343 2605 semestre
365 2579 404 2615 1),
439 2563 548 2620 quod
583 2565 775 2619 supponit
809 2563 1007 2619 implicite
1041 2577 1129 2606 esse
1162 2568 1326 2619 tempus
1360 2563 1457 2606 utile
1482 2576 1554 2620 pro
1578 2562 1770 2606 ecclesia·
1837 2567 1840 2571 ’
1880 2558 1885 2563 ’
1915 2569 1933 2586 ³

144 2635 247 2676 stico
283 2638 466 2689 patrono,
502 2646 594 2676 nam
629 2633 864 2689 subiungit:
909 2633 1002 2676 «Et
1044 2639 1243 2691 quantum
1292 2634 1342 2677 ad
1393 2635 1769 2690 praesentationem

147 2706 336 2759 pertinet,
370 2718 448 2747 non
485 2709 525 2747 ut
562 2709 757 2761 patronus
791 2704 932 2759 laicus,
965 2705 1034 2747 sed
1087 2710 1128 2748 ut
1177 2710 1374 2761 patronus
1416 2703 1541 2747 debet
1573 2703 1770 2747 ecclesia-

267 2859 274 2879 ¹
304 2858 395 2891 Dec.
425 2858 535 2892 auth.
564 2871 603 2892 11.
635 2858 737 2892 1792.
