1965 3240
294 184 377 219 Trr.
404 184 590 219 XXVIII.
614 204 626 210 -
652 184 709 219 De
734 185 844 218 bonis
868 184 1134 218 ecclesiasticis
1159 183 1492 218 administrandis
1637 181 1705 216 535

82 306 286 362 imprimis
308 304 346 348 S.
367 303 516 360 Congr.
551 303 601 347 de
628 304 665 346 P.
692 303 731 349 1³.
754 303 766 325 ²
803 304 841 345 in
866 304 954 345 eius
979 301 1096 346 lnstr.
1120 304 1214 345 anni
1242 302 1352 345 1807
1379 304 1457 345 iam
1483 301 1704 344 docuerat:

51 409 58 416 ,
86 374 284 429 «Quibus
319 387 418 417 vero
454 388 527 430 pro
561 387 703 417 eorum
741 386 911 417 munere
944 373 1247 416 administratio
1292 372 1492 416 bonorum
1527 386 1598 415 seu
1644 386 1707 428 pe-

78 449 294 492 cuniarum
316 444 553 488 huiusmodi
580 445 646 502 (ex
675 447 752 501 piis
777 444 1039 488 fundatorum
1069 443 1131 486 vel
1156 443 1398 487 donantium
1426 442 1707 486 voluntatibus

79 517 432 575 provenientium)
466 516 704 559 concredita
739 521 812 567 est,
847 517 870 558 ii
917 514 1038 558 nullis
1072 514 1283 558 laboribus
1325 519 1364 557 et
1395 513 1708 557 difficultatibus

77 588 315 632 deterrendi
348 591 441 630 sunt
475 586 526 629 al)
560 589 607 629 iis
640 586 951 639 conservandis,
986 586 1367 642 custodiendisque,
1399 590 1523 642 atque
1561 587 1598 627 in
1645 597 1707 628 ra-

79 661 235 702 tionum
261 657 476 701 codicibus
509 657 802 700 contii-iendis:
833 669 926 708 eam
952 669 1117 698 omnem
1143 656 1399 712 diligentiam
1427 658 1464 697 in
1491 655 1553 698 his
1576 657 1705 698 omni-

80 729 155 773 bus
187 728 445 781 adhibentes,
479 740 601 784 quam
640 728 821 784 prudens
868 740 915 771 ac
963 726 1116 784 probus
1165 726 1462 782 paterfamilias
1509 725 1707 769 adhibere

78 800 179 843 solet
215 802 252 842 in
281 798 404 842 rebus
426 801 569 842 suis».

199 869 355 913 Pariter
388 871 426 912 in
475 868 626 913 Codice
671 870 889 912 asseritur:
939 867 1320 910 Administratores
1353 866 1538 924 quilibet,
1585 868 1705 909 etiam

80 941 259 998 religiosi
287 953 358 997 pro
391 953 534 983 eorum
572 941 886 995 participatione
920 941 958 982 in
992 939 1103 982 dicto
1132 951 1318 992 munere,
1351 937 1551 981 bonorum
1583 937 1707 980 eccle-

79 1011 348 1055 siastieorzmz
379 1014 484 1063 (can.
522 1010 649 1063 1497,
683 1012 707 1063 ἓ
741 1009 784 1066 1)
831 1009 1057 1067 diliqentia
1107 1010 1256 1051 mentis
1304 1013 1343 1051 et
1390 1010 1564 1052 actionis
1600 1007 1709 1065 boni,

80 1083 205 1126 idest:
232 1081 446 1139 prudentis
479 1094 525 1124 ac
562 1080 694 1137 probi,
717 1083 785 1137 qui
809 1084 1008 1137 sequatur
1033 1084 1250 1135 paternum
1274 1079 1467 1123 affectum
1492 1092 1589 1136 erga
1613 1093 1710 1122 suos

78 1158 201 1211 atque
235 1155 405 1197 rationis
455 1165 599 1195 vocem
650 1165 698 1194 ex
750 1154 838 1194 iure
880 1156 1053 1194 naturae
1096 1152 1314 1205 monentis,
1359 1149 1709 1209 patrisfamilia.s·‚

79 1228 298 1281 propterea
335 1229 375 1266 ut
410 1228 554 1280 typum
589 1222 972 1266 administratorum
1008 1222 1246 1275 ‹lati,smc7n
1279 1235 1445 1275 vituitus,
1471 1234 1552 1279 quo
1575 1221 1711 1278 appel-

79 1294 228 1347 lantur,
262 1293 439 1351 implere
471 1293 607 1350 quoad
643 1306 787 1336 omnes
821 1297 957 1349 partes
981 1297 1176 1335 tenentur
1198 1305 1246 1335 ex
1268 1292 1426 1348 officio3
1461 1306 1510 1334 ac
1527 1291 1710 1349 proinde

78 1365 224 1409 debent
257 1365 523 1421 singillatim:

199 1435 240 1479 1Ο
285 1435 471 1492 Viyilare
503 1449 596 1478 cum
632 1437 779 1480 effectu
813 1449 864 1478 ne
896 1435 1001 1478 bona
1034 1434 1320 1478 ecelesiastica
1353 1434 1430 1478 sub
1464 1447 1552 1478 can.
1581 1435 1707 1490 1497,

77 1506 148 1565 §1
186 1507 378 1550 distincta
413 1511 452 1550 et
484 1507 696 1551 declarata
729 1520 832 1549 suae
864 1520 991 1549 curae
1022 1507 1395 1550 administrationis
1428 1506 1609 1549 totaliter
1645 1506 1707 1550 vel

80 1577 309 1634 partialiter
331 1576 573 1620 concredita
605 1582 644 1621 et
679 1592 751 1634 pro
782 1589 974 1621 mensura
998 1577 1135 1629 huius,
1159 1591 1322 1635 quoquo
1344 1576 1464 1620 modo
1488 1590 1538 1620 ex
1564 1582 1711 1621 natura

77 1662 149 1692 seu
184 1648 236 1692 ab
269 1648 506 1692 hominibus
541 1648 736 1692 bestiisve
772 1649 1022 1705 procedente
1049 1653 1230 1706 pereant
1266 1662 1301 1689 v.
1328 1662 1388 1704 gr.
1414 1650 1508 1705 quia
1549 1647 1710 1704 «bona,

78 1732 145 1762 res
178 1723 217 1762 et
252 1721 341 1762 iura
365 1721 548 1775 ipsorum
585 1719 788 1776 (locorum
826 1721 1007 1776 piorum)
1040 1719 1248 1762 interdum
1274 1718 1325 1762 ab
1349 1723 1648 1775 occupatorum
1672 1724 1711 1763 et

78 1795 373 1846 usurpatorum
408 1789 600 1833 manibus
632 1795 830 1834 excutere
864 1790 1118 1847 negligunt»
1143 1789 1171 1845 ²,
1207 1795 1281 1833 aut
1313 1789 1611 1832 detrimentem
1648 1804 1713 1833 ea-

75 1860 213 1918 piant,
248 1874 286 1902 v.
312 1874 372 1917 gr.
409 1865 451 1904 ut
486 1863 751 1919 prosequitur
783 1863 850 1905 cit.
884 1860 1034 1905 Clen].²
1061 1863 1287 1918 «quinimo
1321 1874 1365 1904 ea
1401 1860 1548 1905 collabi
1584 1866 1623 1904 et
1646 1861 1712 1905 de-

81 1931 210 1987 perch,
247 1931 392 1975 domos
424 1936 463 1975 et
496 1931 688 1975 aedificia
723 1934 852 1975 ruinis
886 1932 1110 1975 deformari
1147 1934 1448 1988 permittunt».

196 2003 259 2044 2⁰
297 2000 584 2060 praescripta,
617 2015 724 2060 quae
757 2003 807 2046 ad
841 2002 1026 2058 singulos
1061 2004 1309 2059 pertineant,
1331 2016 1502 2045 servare
1524 2002 1565 2060 a)
1586 2003 1711 2053 iuris,

78 2085 150 2116 seu
184 2071 406 2115 cuiuslibet
437 2085 605 2116 normas
637 2072 906 2129 obligatorias
937 2073 1292 2116 consuetudinarii
1332 2077 1402 2116 aut
1433 2075 1590 2130 scripti,
1626 2078 1712 2116 tani

80 2143 273 2187 canonici
303 2145 394 2187 sive
428 2146 466 2186 in
490 2142 642 2188 Codice
674 2146 764 2188 sive
797 2146 1037 2201 posterioris
1070 2158 1194 2203 quam
1236 2144 1374 2187 civilis
1416 2147 1454 2187 in
1503 2147 1711 2188 territorio

81 2215 273 2270 vigentis,
307 2214 658 2272 quandocumque
691 2214 768 2258 hoc
802 2214 951 2259 debeat
974 2214 1026 2259 ob
1049 2229 1099 2259 ss.
1135 2228 1314 2258 canones
1337 2217 1495 2259 servari
1525 2229 1561 2257 v.
1586 2229 1648 2272 gr.
1671 2217 1710 2257 vi

80 2296 169 2327 cau.
205 2284 331 2339 1529,
369 2284 432 2329 vel
465 2285 665 2329 suadente
697 2285 933 2342 prudentia,
965 2290 1131 2343 praeter
1164 2285 1353 2329 naturale
1397 2288 1470 2340 ius,
1508 2291 1550 2330 ut
1585 2290 1708 2342 patet,

80 2359 155 2397 aut
188 2354 409 2412 (particula
443 2355 728 2413 aequipollens
765 2356 1047 2414 copulativae)
1077 2359 1411 2413 «praescripta»
1440 2371 1547 2415 quae
1569 2371 1594 2399 a
1616 2356 1711 2415 fim-

79 2423 229 2468 datore
260 2438 410 2469 causae
444 2425 606 2483 locique
640 2428 693 2483 pii
729 2428 958 2470 institutive
990 2427 1275 2483 ecclesiastici,
1309 2426 1373 2470 vel
1404 2426 1610 2470 donatore
1643 2426 1712 2470 ali-

79 2508 256 2553 quorum
293 2495 493 2540 bonorum
518 2496 582 2539 vel
613 2496 805 2555 legitima
837 2498 886 2541 ad
922 2497 1000 2542 hoc
1033 2498 1290 2541 mcc-lorilale
1322 2497 1600 2542 ecclesiastica
1633 2497 1708 2540 im-

77 2566 219 2624 posita
251 2567 350 2620 sint,
381 2572 421 2610 et
452 2572 756 2625 consequenter
795 2581 867 2625 per
898 2567 1127 2612 Ecclesiam
1162 2574 1399 2625 acceptata;

195 2638 260 2680 3.⁰
299 2636 472 2680 Reditus
504 2637 704 2680 bonorum
738 2640 795 2681 uti
829 2639 986 2682 fructus
1009 2651 1220 2695 agrorum,
1256 2639 1471 2683 locationis
1516 2641 1710 2695 pretium,

21 2765 24 2768 ι
82 2709 282 2751 interesse
316 2709 516 2763 pecuniae
545 2712 771 2760 mutuatae,
803 2708 1138 2766 syngrapharum
1173 2708 1300 2752 debiti
1336 2708 1502 2765 publici,
1538 2723 1587 2751 ac
1616 2722 1710 2766 pro-

80 2782 225 2820 ventus
260 2790 297 2819 v.
332 2791 392 2834 gr.
428 2782 597 2834 propter
629 2791 792 2833 census²
827 2777 1097 2835 hypothecas,
1145 2784 1222 2823 etc.
1274 2779 1305 2822 lO
1354 2784 1552 2822 accierate
1599 2781 1709 2822 circa

30 2918 31 2923 ,
199 2887 209 2906 ¹
239 2883 488 2918 Collectanea
513 2882 550 2917 S.
577 2881 722 2928 Congr.
752 2883 798 2917 de
825 2883 940 2929 Prop.
975 2884 1082 2920 Fide.
1112 2897 1151 2919 n.
1181 2885 1258 2920 689.
1289 2905 1331 2911 —
1366 2884 1380 2906 ‘2
1415 2885 1535 2921 Clem.
1576 2884 1711 2927 «Quia

81 2931 317 2977 contingit»
344 2932 380 2974 2,
410 2931 474 2965 tit.
504 2930 572 2971 XI,
603 2929 685 2965 Lib.
714 2929 786 2964 III.
