1965 3240
477 175 559 209 Tm
587 175 676 210 XX.
702 195 714 200 -
741 175 797 209 De
822 176 924 210 verbi
950 176 1077 209 (livini
1099 178 1389 221 praedicatione
1674 178 1745 211 ‘265

121 293 295 338 subierit
327 294 594 336 concionator
625 292 673 336 ad
712 305 898 336 normam
933 291 961 347 ξ
999 298 1082 338 1³⁶:
1116 296 1188 336 sed
1226 294 1300 336 lioc
1334 308 1486 337 novum
1539 297 1605 338 liet
1655 300 1744 338 tan-

123 363 359 408 tummodo:
394 363 431 405 si
469 377 572 421 opus
605 362 738 420 sueri!
772 363 820 405 ad
856 362 1027 406 dubium
1064 365 1373 407 excutiendum.

240 434 418 478 Normae
453 433 688 477 huiusmodi
726 436 1003 477 revocationis
1035 434 1169 490 ‹ptoad
1206 435 1437 477 lacultatem
1473 436 1743 479 (·oncionamli

122 505 373 549 exhibentur
404 506 537 560 capite
563 503 610 547 lV
638 505 825 547 illarum:
857 520 876 545 ((
895 504 966 547 Cui
992 509 1031 547 ct
1054 505 1261 561 quomodo
1287 506 1566 549 interdicenda
1588 507 1746 562 praedi-

123 578 243 620 catio.
280 576 348 619 529.
383 574 716 630 Concionatores,
750 577 818 633 qui
856 578 1202 632 praescriptiones
1235 579 1435 632 superiori
1461 580 1594 632 eapite
1618 578 1748 620 editas

120 647 187 702 (de
219 646 437 690 servandis
455 651 494 689 et
516 646 692 689 vitandis
727 648 764 689 in
785 658 900 689 sacra
926 646 1252 702 praedieatione)
1277 647 1485 703 negligant
1507 664 1589 701 »,...
1616 661 1744 704 usque

124 718 173 762 ad
209 717 278 761 33.

241 786 486 845 Opportuna
520 792 615 830 sunt
651 787 777 831 verba
811 786 933 831 Conc.
958 786 1068 831 Trid.
1096 787 1131 830 1:
1177 803 1196 828 ((
1220 787 1372 831 Curent
1393 792 1528 831 autem
1555 791 1749 844 episcopi,

124 873 174 903 ne
206 861 299 917 quis
333 859 595 916 praedicator
646 858 708 901 vel
759 872 807 901 ex
860 858 969 901 salsis
1019 859 1391 910 inl'ormationibus,
1447 859 1507 901 vel
1557 859 1657 902 alias
1689 874 1752 901 ca-

123 929 325 973 lumniose
347 934 534 983 vexetur,
557 932 703 972 iustam
715 942 762 972 vc
786 929 837 972 de
860 931 919 972 eis
942 929 1225 985 conquerendi
1251 931 1508 972 occasionem
1536 929 1683 973 habeat
1711 946 1748 971 ».

125 1000 344 1058 Propterea
391 1005 533 1044 contra
585 1002 797 1057 potestatis
846 999 1021 1043 abusum
1059 1002 1097 1042 in
1134 999 1210 1043 ltac
1246 1005 1360 1056 parte
1394 1000 1516 1043 edicit
1549 1001 1577 1056 ς’
1608 1002 1650 1044 3.
1693 1000 1750 1041 (ΙΙ)

122 1077 358 1115 revocatam>
390 1071 577 1115 absolute
630 1070 693 1113 vel
728 1071 778 1114 ad
814 1075 992 1127 tempus,
1043 1069 1140 1127 (non
1192 1070 1243 1114 01)
1293 1071 1539 1127 denegatam
1590 1073 1748 1113 etiamsi

121 1144 305 1196 omnino,
347 1144 423 1185 nisi
468 1147 616 1198 agatur
648 1142 700 1185 de
735 1141 939 1198 religiosis
988 1157 1008 1182 «
1032 1144 1101 1193 (1111
1136 1154 1157 1184 a
1195 1144 1360 1198 proprio
1383 1142 1603 1198 Superiore
1636 1141 1750 1184 exlti-

123 1212 335 1256 beantur»
364 1213 414 1256 ad
440 1212 727 1269 obtinendam)
751 1211 1029 1256 eoneiovamli
1047 1211 1087 1269 a)
1106 1211 1353 1270 fucultatem
1379 1212 1420 1269 11)
1442 1212 1502 1255 rel
1524 1212 1752 1265 licentiam,

119 1287 312 1342 quamvis
343 1297 364 1327 a
400 1283 478 1327 loci
520 1281 744 1329 Ordinario
793 1297 1032 1327 concessam
1085 1297 1156 1340 pro
1204 1283 1383 1327 dioecesi
1427 1296 1500 1326 sua
1544 1283 1747 1326 sacerdoti

121 1355 490 1398 extradioecesano
527 1354 588 1398 vel
623 1355 816 1411 religioso
849 1360 1058 1411 exempto,
1102 1355 1451 1412 quandocumque
1487 1357 1750 1397 revocatione

120 1439 244 1482 supra
277 1426 485 1470 declarata
520 1428 787 1470 concionator
820 1440 862 1469 se
896 1431 1116 1482 gravatum
1149 1428 1371 1480 existimet,
1404 1425 1534 1468 (latur
1555 1439 1750 1467 recursus

120 1498 330 1554 Superiori
368 1500 511 1541 maiori
551 1497 613 1541 vel
647 1498 741 1541 Sedi
778 1497 1039 1554 Apostolicae
1075 1511 1244 1553 nempe:
1281 1499 1513 1553 respective
1537 1497 1576 1539 S.
1600 1496 1748 1552 (jongr.

121 1570 173 1612 de
207 1569 426 1626 religiosis,
472 1569 535 1612 vel
580 1570 619 1612 S.
651 1568 802 1625 Congr.
846 1568 1032 1623 Concilii,
1077 1568 1149 1611 sed
1192 1583 1269 1611 11011
1316 1568 1357 1611 in
1397 1567 1649 1625 suspensive.
1684 1570 1750 1610 Sic

120 1643 229 1684 enim
265 1640 416 1697 legitur
450 1643 487 1683 in
522 1640 644 1685 Cone.
679 1639 791 1683 Trid.
827 1639 865 1683 ²:
906 1640 1097 1683 «Nullus
1130 1645 1266 1684 autem
1300 1639 1536 1689 saecularis,
1571 1641 1659 1682 sive
1694 1652 1752 1681 re-

120 1710 288 1767 gularis,
323 1713 447 1754 etiam
484 1713 522 1754 in
557 1711 744 1755 ecclesiis
776 1724 945 1754 suorum
967 1709 1189 1767 Ominum,
1210 1711 1519 1755 contradicente
1543 1712 1749 1766 episcope,

121 1781 361 1838 praedicare
397 1787 634 1838 praesumat
658 1798 696 1826 1).

239 1853 336 1896 ⁶221.
372 1855 589 1899 Licentia
627 1855 875 1899 Ordinarii
899 1855 993 1899 loci
1017 1855 1081 1898 ad
1106 1854 1494 1899 concionandum
1519 1854 1748 1908 petenda.

120 1924 405 1981 Congruenter
451 1926 598 1968 canoni
650 1924 775 1979 1337,
826 1938 898 1980 pro
952 1924 1191 1967 «facultate
1225 1923 1540 1967 concionandi»
1580 1923 1747 1965 forsitan

121 1995 199 2039 alia
234 1997 271 2038 in
306 1995 485 2039 dioecesi
535 1994 700 2039 obtenta
755 1994 815 2038 vel
869 1997 907 2037 in
958 1999 1149 2050 exempla
1186 1994 1398 2050 religione,
1448 1993 1743 2036 «licentiam»

120 2065 220 2109 dicit
254 2067 527 2108 necessariam
547 2079 637 2108 can.
664 2066 790 2108 1341.
813 2064 841 2123 ξ
865 2067 899 2109 1.
927 2063 1172 2107 Sacerdotes
1211 2062 1576 2106 e.1·lradt'eeee.s·am'
1599 2062 1638 2118 a)
1665 2061 1750 2103 sire

120 2135 377 2189 saeculares,
408 2138 503 2193 quia
527 2135 644 2179 alteri
669 2135 848 2179 dioecesi
874 2136 1085 2192 adscripti,
1113 2135 1154 2192 b)
1179 2135 1264 2177 sit-e
1286 2134 1479 2191 reliqiesi
1498 2135 1749 2189 pertinentes

121 2206 170 2250 ad
207 2206 403 2250 familiam
437 2208 555 2250 cuius
578 2207 728 2249 domus
752 2211 868 2250 extra
894 2207 1117 2250 dioecesim
1143 2208 1216 2249 sita
1243 2211 1318 2258 est,
1341 2204 1397 2247 acl
1419 2202 1745 2246 eoneiomzmlwn

123 2291 172 2320 ne
201 2277 448 2328 imitentur,
481 2277 583 2321 haec
617 2279 805 2320 invitatio
841 2276 1096 2333 prohibetur,
1133 2276 1217 2319 nisi
1243 2276 1364 2333 prius
1389 2274 1560 2317 lis-entia
1585 2276 1745 2317 concio-

122 2348 244 2391 nandi
279 2347 328 2391 ab
361 2347 594 2392 Ordinario
632 2347 714 2391 loci
752 2348 793 2391 111
833 2362 912 2405 que
957 2363 976 2389 ((
1002 2350 1208 2391 1011110110
1238 2365 1251 2384 »
1291 2346 1432 2389 eom-io
1470 2348 1590 2388 etiam
1629 2346 1747 2387 unica

122 2417 311 2462 habenda
343 2419 414 2469 sit,
460 2432 538 2462 non
582 2419 714 2462 solum
762 2421 901 2475 petita,
946 2418 1018 2461 secl
1064 2421 1141 2461 iam
1177 2419 1227 2461 de
1268 2420 1371 2461 lacto
1405 2415 1568 2459 eblenm
1601 2414 1745 2472 suerit,

121 2501 227 2546 quae
260 2490 299 2531 in
333 2501 430 2532 casu
470 2504 489 2529 <c
513 2491 666 2545 scripto
701 2488 921 2532 tribuenda
954 2491 1044 2543 erit,
1079 2489 1294 2544 designato
1328 2489 1450 2530 etiam
1487 2486 1575 2528 loco
1607 2489 1645 2527 et
1678 2498 1744 2540 gc-

122 2571 220 2602 nere
255 2559 586 2615 praedicationis,
621 2572 693 2615 pro
740 2559 890 2616 quibus
938 2572 1133 2603 concessa
1182 2560 1301 2601 suerit
1326 2573 1345 2597 ³>
1386 2556 1581 2613 (ΝΜ-111110
1615 2568 1652 2597 11.
1689 2554 1744 2610 o).

121 2628 227 2672 Huic
263 2642 360 2672 vero
395 2629 585 2673 licentiae
615 2631 674 2673 sic
707 2634 872 2685 aptatur
909 2636 1016 2673 can}
1054 2629 1162 2672 1340
1200 2630 1242 2686 ξ’
1284 2629 1345 2670 1³:
1383 2626 1448 2669 111(-
1480 2631 1630 2679 (tutem,
1666 2627 1744 2667 sci-

122 2699 237 2743 licet:
271 2700 535 2755 supradictus
573 2697 865 2745 «ordinarius
899 2700 975 2744 loci
1001 2716 1040 2755 1),
1075 2700 1159 2742 nisi
1190 2713 1331 2742 eornm
1372 2714 1387 2738 ε(
1414 2697 1745 2740 extradioecesa-

121 2783 267 2813 norum
293 2785 312 2811 ›)
351 2769 623 2813 idoneitatem
654 2770 813 2827 plenam
848 2784 971 2828 supra
1007 2771 1258 2814 declaratam
1293 2783 1341 2812 ex
1377 2768 1539 2811 Normis
1572 2764 1746 2808 aliunde

238 2923 248 2945 1
277 2923 369 2968 Cap.
397 2927 419 2956 :3
446 2934 540 2957 sess.
570 2923 602 2956 V
629 2923 674 2957 de
701 2922 787 2958 Ret.
817 2943 862 2948 —-
887 2923 901 2945 2
928 2922 1019 2968 Cap.
1049 2923 1070 2955 4
1096 2933 1189 2958 sess.
1216 2921 1347 2956 XXIV
1375 2921 1420 2954 de
1450 2919 1537 2953 Rei.
